3584 5326
887 151 968 220 ’ΧΠ

220 335 281 386 rent
292 329 564 387 Pommersieldensis
572 345 601 386 c.
610 329 739 400 XXVIII,
758 330 932 386 Florentinns
945 345 969 384 o.
979 329 1096 400 XXXII,
1108 329 1305 400 Neapolitanus
1317 343 1340 384 c.
1350 327 1479 398 XXXVI,
1492 341 1581 398 neque
1593 327 1655 382 Flo·

219 439 341 494 1551111115
359 436 428 494 liber
445 451 535 508 neque
553 437 750 508 Neapolitanus
767 435 820 494 boc
838 437 948 493 nomine
965 435 1001 492 eb
1020 436 1170 509 archetypo
1187 437 1270 506 longe
1287 434 1427 492 recedunt.
1442 465 1473 476 -
1493 435 1654 492 1511555111-

217 545 387 616 pagInesque
405 549 473 614 quot
490 545 678 600 numerauerit
696 544 852 616 exemplum
870 543 1064 616 archetypum,
1088 541 1194 599 definiri
1215 557 1271 600 non
1288 547 1380 614 potest
1403 557 1455 598 neo
1472 543 1542 598 scire
1559 545 1654 598 nostra

218 653 340 709 Interest.

92 875 199 923 sensitis
271 864 401 922 Subsidia
418 865 513 922 5111155
530 864 557 920 ei
574 863 621 934 qui
639 863 749 934 digesta
766 863 941 934 recognoscit
956 869 1067 935 praesto
1085 863 1311 938 suuttripertits,
1330 863 1420 934 posita
1437 863 1542 920 scilieet
1559 864 1653 920 autin

218 972 359 1029 codicibus
377 972 486 1041 scriptis
504 976 552 1027 aut
569 971 597 1026 in
615 955 826 1042 allegationibus
844 971 1013 1042 digestorum
1031 972 1152 1042 ipsorum
1171 973 1329 1028 Iocorumue
1346 971 1375 1026 iu
1393 986 1427 1026 ee
1444 971 1590 1027 relatorum
1605 974 1654 1027 aut

218 1079 336 1150 denique
354 1080 383 1135 ln
399 1077 670 1150 interpretationibus
683 1077 810 1134 Graecis:
829 1077 864 1133 de
882 1077 982 1148 quibus
1000 1078 1089 1134 tribus
1106 1077 1255 1149 generibus
1271 1079 1327 1135 iem
1345 1093 1380 1134 ex
1398 1077 1493 1134 ordtne
1511 1093 1634 1148 agemm

103 1197 198 1244 coeloe
271 1186 403 1244 Codicum
420 1187 588 1257 dIgestorum
607 1184 679 1240 duae
697 1186 800 1240 classes
819 1189 929 1240 suntet
947 1189 1038 1241 aetate
1056 1190 1084 1241 et
1101 1185 1237 1242 diuisione
1255 1189 1284 1241 et
1295 1185 1413 1241 utilitate
1424 1186 1506 1256 plane
1517 1184 1652 1241 diuersae.

216 1294 315 1364 prioris
333 1293 436 1349 ordinis
453 1291 514 1348 libri
532 1293 626 1362 scripti
644 1297 710 1348 sunt
727 1295 818 1346 stante
835 1291 924 1348 adhuc
940 1292 1054 1363 imperio
1073 1293 1097 1348 si
1115 1293 1205 1349 mInus
1221 1293 1414 1363 Romanorum,
1433 1296 1508 1348 certe
1519 1293 1653 1349 115111555-

217 1417 277 1456 rum
309 1404 338 1456 et
365 1399 582 1470 complectuntur
608 1399 653 1454 uel
679 1397 931 1470 complectebantur
958 1399 1022 1455 olim
1049 1415 1149 1470 corpus
1175 1401 1340 1456 uniuersum·
1363 1403 1504 1482 testesque
1534 1403 1599 1455 sunt
1623 1399 1652 1454 in

132 1573 139 1588 ³
217 1507 374 1563 uniuersum
389 1507 497 1562 idonei:
516 1505 675 1577 posteriorIs
693 1505 796 1562 ordinis
814 1505 909 1575 scripti
926 1511 992 1561 sunt
1007 1509 1155 1578 postquam
1173 1507 1315 1578 Imperium
1331 1507 1484 1562 1155155515
1497 1519 1559 1562 5115
1570 1505 1654 1561 desit

217 1618 423 1685 sequunturque
439 1611 497 1668 lere
515 1613 684 1684 dIgeetorum
703 1613 731 1668 in
750 1612 804 1666 tria
821 1613 962 1668 uolumina
979 1613 1141 1668 diuisionem
1159 1613 1349 1670 scholasticam
1367 1618 1508 1684 testesque
1519 1613 1652 1683 suutple·

56 1732 131 1778 51551
147 1731 198 1778 1³10-
217 1735 333 1791 rumque
356 1719 481 1790 fallaces,
506 1719 582 1776 dubii
606 1733 722 1789 semper.
759 1719 864 1775 illorum
888 1721 935 1790 qui
958 1720 1068 1791 quidem
1092 1721 1199 1791 integer
1220 1719 1278 1776 iere
1299 1721 1337 1776 sit
1358 1735 1430 1776 uuus
1451 1725 1569 1776 murem
1589 1720 1653 1776 tulit

76 1795 178 1840 rentium
217 1828 403 1883 Florentinue:
427 1830 571 1898 praeterea
591 1826 706 1882 duorum
725 1826 853 1882 similium
872 1826 1002 1884 librorum
1021 1843 1125 1900 paruae
1142 1829 1272 1899 reliquiae
1290 1831 1438 1898 supersunt
1455 1825 1652 1898 Neapolitanae

216 1940 246 1991 et
261 1932 549 1991 Pommersieldenses.
583 1933 679 1989 horum
698 1939 729 1989 ut
746 1934 852 1990 utilitas
869 1935 970 2004 exigue
988 1939 1045 2005 est,
1063 1935 1103 1990 ita
1120 1949 1251 1990 numerus
1268 1935 1374 2005 ingens.
1401 1949 1452 1990 nos
1468 1935 1601 2006 primum,
1619 1938 1653 1990 ut

215 2057 266 2112 per
284 2046 335 2110 est,
354 2041 476 2096 dicemus
495 2040 531 2096 de
549 2041 644 2096 codice
661 2041 818 2098 Florentino
836 2045 907 2096 teste
925 2057 1034 2112 semper
1050 2042 1178 2113 primario
1195 2045 1224 2097 et
1236 2057 1318 2112 saepe
1329 2042 1419 2112 unico,
1438 2047 1470 2098 nt
1483 2041 1518 2098 ab
1531 2057 1564 2098 eo
1576 2045 1652 2097 recte

215 2153 245 2204 et
262 2148 433 2205 aestImando
451 2151 480 2203 et
497 2147 653 2204 adhibendo
670 2147 840 2219 digestorum
857 2149 985 2205 ιιιιιιιίο
1002 2153 1062 2205 tota
1079 2148 1207 2220 pendeat.

39 2265 196 2340 5511111115-
268 2254 351 2311 01555
368 2255 454 2326 ipsius
472 2255 583 2324 codicIs,
602 2259 738 2325 quatenus
756 2256 887 2312 memoria
904 2271 998 2312 earum
1016 2261 1101 2327 extat,
1121 2271 1183 2312 cum
1202 2255 1247 2311 alii
1265 2270 1367 2326 magna
1384 2235 1413 2310 et
1430 2253 1547 2311 fortasse
1566 2253 1652 2310 niuria

78 2331 152 2436 Ἓξ
154 2343 161 2374 ¹
215 2361 358 2432 diligentia
374 2362 511 2432 persecuti
529 2361 598 2432 sint,
621 2361 701 2418 uobis
719 2363 787 2417 satis
805 2363 857 2418 erit
873 2367 977 2418 tesmta
994 2367 1022 2418 et
1039 2364 1181 2433 explorata
1198 2361 1319 2418 breuiter
1336 2362 1532 2433 composuisse.
1552 2391 1585 2402 ·-
1605 2361 1651 2417 In·

215 2470 305 2525 notuit
326 2469 444 2540 primurn
463 2469 546 2538 Pisis,
570 2467 618 2525 ubi
636 2473 745 2525 constat
763 2469 886 2526 codicem
905 2470 1030 2526 extitisse
1047 2470 1158 2526 sacculo
1175 2469 1230 2524 XII
1247 2469 1353 2525 medio¹
1370 2483 1422 2525 neo
1439 2469 1584 2539 quominus
1602 2468 1651 2524 diu

216 2581 298 2631 antee
320 2573 403 2631 fuerit
424 2577 570 2647 quiequam
593 2575 715 2646 impedit
748 2581 822 2632 certe
844 2578 898 2633 iem
919 2578 948 2633 ln
966 2577 1078 2633 statutis
1096 2578 1155 2634 eius
1174 2575 1376 2633 5101551284
1392 2580 1449 2632 tam
1468 2575 1596 2646 religIose
1613 2573 1651 2632 de

216 2698 250 2740 eo
268 2686 391 2754 cauetur,
410 2687 441 2738 ut
458 2688 590 2754 appareat
608 2698 643 2740 ea
657 2687 748 2740 aetate
760 2699 823 2740 eum
835 2685 861 2740 In
874 2683 985 2755 publico
997 2685 1126 2740 thesauro
1139 2683 1269 2754 singulari
1280 2697 1347 2739 cura
1358 2681 1525 2738 custoditum
1537 2680 1649 2738 fuisset

214 2789 293 2846 Pisas
312 2795 404 2846 autern
422 2791 532 2860 quaudo
550 2795 579 2846 et
596 2790 670 2847 unde
687 2791 802 2863 uenerit,
819 2792 985 2862 ignoratur³.
1021 2792 1129 2848 Picenis
1149 2791 1267 2846 deuictis
1284 2791 1434 2847 Florentiui
1451 2789 1651 2846 5140611551

215 2899 346 2968 reliquam
364 2897 494 2969 praedam
512 2898 595 2953 etiam
614 2898 790 2968 Digestorum
808 2898 930 2955 codicem
949 2899 1147 2955 transtulerunt
1163 2898 1337 2968 Florentiam,
1355 2896 1403 2954 ubi
1421 2897 1467 2953 diu
1486 2897 1650 2954 adserustns

216 3005 244 3060 iu
263 3003 392 3060 thesauro
409 3003 519 3075 publico
537 3004 565 3059 in
577 3005 682 3060 Palatio
700 3011 794 3060 551515
811 3005 876 3062 inde
890 3005 925 3062 ab
938 3022 962 3062 a.
977 3007 1046 3062 1786
1058 3005 1211 3062 custoditur
1222 3005 1250 3061 in
1261 3004 1427 3061 bibliothece
1437 3005 1649 3060 Laurentiana⁴.

215 3126 358 3167 numerum
375 3110 414 3167 ibi
431 3111 521 3167 adhuc
537 3112 641 3168 nullum
659 3113 685 3168 ei
702 3112 907 3184 inscripserunt.

215 3326 303 3394 spatiis
320 3327 468 3379 necantibus
486 3327 640 3394 rubricisque
664 3337 690 3380 et
707 3328 809 3395 reliquis
826 3327 927 3380 talibus.
958 3329 1033 3380 etiam
1051 3329 1225 3397 typographus
1249 3328 1291 3395 qui
1308 3328 1372 3380 haec
1391 3325 1492 3380 excudit
1509 3325 1569 3377 ortis
1587 3343 1650 3379 suae

214 3415 335 3482 imprimis
352 3431 445 3480 gnarurs
464 3416 577 3482 pluribus
595 3417 747 3470 editionibus
764 3420 830 3470 inter
848 3435 876 3468 se
894 3419 1044 3485 comparatis
1061 3419 1174 3484 repperit
1184 3419 1323 3470 litterarum
1335 3433 1465 3468 numerum
1477 3415 1552 3468 totius
1564 3416 1649 3482 operis

215 3505 323 3571 demptis
340 3505 482 3572 primordiis
500 3507 564 3558 iuter
583 3507 748 3574 quinquagies
766 3515 792 3558 et
809 3507 924 3574 sexagies
943 3506 1095 3572 (52500000
1106 3538 1136 3546 -
1147 3507 1290 3575 5500000).
1320 3506 1394 3558 anxie
1411 3505 1475 3556 haec
1492 3504 1650 3557 ratiocinatio

213 3595 390 3662 persequenda
407 3604 527 3657 nonest,
551 3611 607 3646 cum
624 3597 772 3662 praesertim
790 3597 928 3659 nescietur,
953 3614 1027 3663 quern
1051 3606 1168 3649 accurate
1185 3597 1253 3648 faeta
1270 3597 1303 3648 sit
1320 3595 1459 3647 Iustiniana
1476 3594 1520 3645 ills
1543 3610 1648 3660 compu-

214 3685 290 3737 tatio:
314 3699 379 3750 quae
401 3684 472 3736 haud
489 3684 540 3735 scio
559 3702 591 3736 sn
616 3685 739 3752 originem
761 3685 821 3736 inde
843 3685 960 3748 traxerit,
984 3685 1052 3752 quod
1076 3687 1191 3752 scriptori
1212 3687 1238 3737 in
1261 3685 1398 3752 scripturae
1422 3701 1510 3735 uersus
1529 3691 1649 3735 centenos

111 3807 115 3816 ·
214 3781 283 3826 certa
301 3791 397 3824 summa
414 3775 592 3824 numerabatur
605 3775 645 3839 ¹(u.
658 3775 767 3824 edictum
784 3773 933 3825 Diocletiani
952 3774 984 3826 de
1002 3775 1089 3841 pretiis
1107 3792 1189 3826 rerum
1208 3775 1265 3836 Vll,
1283 3773 1338 3840 39).

268 3864 277 3897 ¹
296 3862 365 3913 Inter
383 3869 452 3913 certa
470 3870 603 3928 certaeque
621 3863 711 3914 aetatis
730 3863 873 3915 testimonia
891 3864 924 3916 de
941 3864 999 3916 libri
1017 3863 1140 3915 domicilio
1153 3863 1245 3915 Pisano
1259 3861 1456 3928 antiquissimum
1474 3879 1531 3913 esse
1548 3861 1650 3912 uidetur

214 3951 240 4003 id
266 3951 333 4017 quod
356 3950 463 4002 efficitur
487 3967 518 4001 ex
542 3951 698 4002 uersionibus
717 3952 870 4005 Graecorum
894 3953 1003 4004 locorum
1028 3953 1147 4004 confectis
1171 3971 1187 4003 a
1204 3952 1384 4019 Burgundione
1401 3952 1494 4003 Pisano
1518 3951 1544 4017 (t
1560 3949 1649 4016 1194),

214 4057 318 4108 quarum
336 4058 382 4091 nos
401 4057 499 4105 quoque
518 4041 644 4106 specimen
663 4041 777 4094 dedimus
801 4043 827 4092 in
850 4042 982 4094 uoluminis
1006 4041 1095 4110 prioris
1119 4042 1260 4109 appendice
1281 4050 1377 4107 quarta
1405 4058 1436 4092 ea
1454 4041 1520 4092 enim
1538 4039 1649 4093 namatio

213 4132 239 4182 in
258 4147 289 4180 eo
307 4129 402 4191 nititur,
421 4129 488 4195 quod
506 4129 586 4180 codex
603 4130 638 4180 ibi
656 4130 704 4180 fuit
721 4131 765 4181 ubi
782 4131 844 4183 uixit
861 4132 994 4199 interpres.
1021 4132 1081 4182 item
1093 4131 1187 4183 scholia
1200 4131 1233 4183 ed
1245 4131 1379 4182 Uacerium
1393 4147 1459 4182 saec.
1472 4130 1523 4181 XII
1540 4137 1649 4181 exeunte

214 4220 240 4270 in
258 4218 352 4285 Anglis
370 4218 463 4284 scripta
481 4218 612 4284 aliquoties
631 4219 743 4285 allegant
761 4217 877 4273 litteram
895 4218 1020 4272 Pisanam'
1040 4221 1162 4287 (Savigny
1183 4220 1273 4274 Geel.
1292 4220 1337 4274 dea
1354 4225 1417 4274 rdm.
1430 4218 1525 4273 Rechts
1537 4219 1563 4280 3,
1574 4216 1648 4285 477).

213 4309 279 4360 inter
297 4308 469 4360 Bononienses
488 4317 611 4370 auctores,
630 4310 673 4374 qni
690 4309 744 4360 eius
762 4309 861 4362 litterae
880 4310 974 4362 diserte
991 4310 1157 4372 meminerint,
1175 4309 1358 4361 uetustissimus
1377 4309 1444 4375 quod
1462 4307 1539 4360 sciam
1556 4306 1647 4372 Hngo·

213 4399 278 4448 linus
290 4405 330 4448 est
342 4397 368 4463 (t
380 4405 438 4463 post
450 4416 473 4448 a.
486 4397 566 4449 1233:
585 4397 615 4448 ci.
629 4397 741 4466 savigny
753 4399 771 4452 l.
780 4417 801 4450 c.
814 4400 840 4460 5,
850 4399 905 4465 53),
923 4417 1072 4465 quemquam
1084 4400 1133 4450 etsi
1144 4399 1281 4452 anteriores
1299 4399 1436 4466 prudenter
1455 4398 1487 4449 de
1505 4414 1537 4449 ea
1553 4404 1648 4460 tacent,

213 4489 261 4539 1155
272 4505 323 4539 11511
335 4495 387 4538 tem
398 4494 533 4554 propteree
545 4487 636 4538 fecisse
648 4489 754 4554 putandi
770 4497 837 4550 sunt,
855 4489 922 4555 quod
940 4488 1088 4540 uocabulum
1100 4489 1256 4555 ignorarunt,
1274 4505 1348 4555 quam
1361 4488 1427 4555 quod
1441 4487 1496 4539 eius
1508 4486 1648 4540 enuntiatio

214 4579 246 4628 ab
264 4577 432 4629 adnotationis
450 4593 535 4628 eorum
553 4575 637 4628 indole
655 4578 813 4630 11111151151111ιι
841 4578 877 4629 ite
894 4595 945 4630 non
964 4577 1059 4639 dubito,
1078 4578 1140 4644 quiu'
1154 4577 1329 4645 ipselrneries
1346 4577 1485 4644 respexerit
1499 4575 1646 4628 11111515Ρί-

214 4683 310 4728 sanum,
328 4666 372 4717 ubi
390 4666 425 4716 ait
443 4665 632 4731 (11,603,33):
651 4668 721 4720 telrtd
736 4685 786 4718 non
805 4674 842 4721 est
861 4666 976 4720 additum
995 4687 1011 4720 5
1029 4668 1133 4720 dorum
1152 4667 1302 4721 Iustiniana.
1390 4667 1402 4701 ²
1421 4665 1533 4733 Sarigny
1547 4667 1573 4728 3,
1585 4663 1647 4717 447.

213 4756 224 4790 ¹
242 4755 309 4807 Nam
326 4763 378 4806 tem
390 4754 512 4807 Odofredi
525 4756 550 4820 (τ
565 4755 643 4822 1265)
662 4757 772 4808 namatio
790 4755 912 4822 (Sarigny
924 4756 950 4816 3,
963 4754 1008 4822 97)
1026 4755 1116 4808 librum
1134 4757 1207 4808 Pisas
1225 4757 1325 4808 uenisse
1338 4755 1554 4822 Constantinopoli
1573 4773 1650 4823 quam

214 4843 294 4896 ultera
323 4843 403 4910 magis
433 4844 560 4896 celebrata
583 4844 705 4913 (Sarigny
724 4845 754 4908 3,
777 4843 848 4896 92-
861 4843 920 4912 102)
944 4845 1050 4896 Pisanos
1074 4847 1103 4898 e.²
1117 4846 1184 4898 1135
1209 4846 1316 4898 Amelfio
1338 4846 1432 4913 oppido
1456 4855 1600 4913 expugnato
1622 4846 1650 4899 in

213 4933 311 5002 praeda
334 4950 391 4985 eum
410 4933 510 4986 domum
529 4935 661 4988 aduexisse
679 4935 770 4990 idoneo
788 4943 889 4991 auctore
908 4935 1085 4987 destituuntur.
1194 4934 1206 4969 ⁴
1229 4937 1362 4988 Extremae
1386 4935 1479 4988 codicis
1501 4935 1571 4989 uices
1593 4953 1650 4992 eum

1243 5207 1261 5240 ἱ
