3668 5356
231 179 350 248 xvim
370 181 391 246 2
412 183 528 242 er-ee
910 166 998 252 568
1541 191 1674 241 uocem

234 339 294 395 eius
312 336 410 394 fierent
427 340 455 391 et
472 339 607 392 mercator
623 335 651 390 in
670 333 804 390 creditum
822 333 886 402 iret,
909 347 965 388 nou
982 330 1122 388 uideretur
1139 347 1208 389 onus
1226 345 1287 389 esse
1309 346 1450 401 auersum,
1474 331 1577 402 qnippe
1594 329 1673 400 quod

232 432 334 484 haume
352 425 463 482 lmssct:
481 425 541 481 siue
559 423 655 480 eedem
673 438 726 494 res,
745 437 816 493 quae
834 421 935 476 hadita
952 425 1035 490 esset,
1053 421 1131 477 reddi
1148 421 1268 492 deberet,
1286 419 1351 476 furti
1365 436 1427 478 ease
1443 421 1578 476 actionem
1596 420 1673 475 loca-

232 518 286 574 tori
303 522 332 572 et
349 516 411 571 ideo
430 529 630 585 superuacuum
648 527 710 568 esee
728 511 859 567 iudicium
877 511 967 566 oneris
985 510 1084 566 auemi.
1111 511 1162 566 sed
1179 512 1204 566 ei
1221 511 1261 566 ita
1278 510 1373 566 datum
1391 514 1474 579 esset,
1492 513 1523 564 ιιι
1541 509 1569 564 iu
1587 508 1673 566 simili

233 621 263 661 re
281 605 351 662 solui
369 604 469 674 possit,
492 602 684 659 conductorem
709 602 818 672 culpem
840 601 984 656 dumtaxat
1007 598 1108 656 debore
1131 602 1205 664 (uam
1223 601 1252 656 in
1269 615 1312 670 re,
1335 615 1407 670 quae
1425 599 1566 668 utriusque
1584 613 1672 654 cauea

234 693 453 764 contraheretur,
473 693 581 762 culpem
599 691 703 760 deberi)
720 705 809 761 neque
828 688 983 746 omnimodo
1002 689 1110 760 eulpam
1129 705 1204 760 esse,
1222 689 1297 760 quod
1314 690 1362 744 uni
1379 688 1544 744 reddidisset
1560 701 1595 742 ex
1613 684 1671 742 fru-
1690 694 1704 738 t

221 788 335 852 'mento,
353 781 481 852 quonlam
500 781 581 836 alicui
597 781 714 850 primum
733 778 847 834 reddere
865 791 928 834 eum
946 793 1060 834 neeesse
1077 777 1188 850 fuisset,
1211 779 1321 834 ameni
1342 778 1480 834 meliorem
1498 777 1557 832 eius
1575 775 1671 831 condi·

234 873 340 930 cionem
357 870 462 926 iaceret
478 885 560 939 quam
579 875 739 926 ceterorum.

178 961 217 1019 32
287 961 429 1016 lemnus
451 958 520 1014 libro
543 963 640 1028 quarto
664 973 699 1012 ex
716 957 834 1012 Minicio.
871 955 923 1023 Qui
945 955 1060 1012 fundum
1083 955 1228 1012 colendum
1252 957 1281 1012 iu
1296 956 1389 1026 pluree
1407 969 1493 1012 annos
1512 949 1713 1040 ffls

234 1051 387 1119 locauerat,
410 1047 530 1102 decessit
547 1052 576 1102 et
593 1062 655 1102 eum
673 1045 788 1102 fundum
805 1046 919 1116 legeuit
955 1045 1067 1102 Oeneius
1085 1046 1198 1116 negauit
1215 1060 1297 1116 posse
1315 1045 1377 1114 cogi
1394 1045 1533 1115 colonum,
1556 1049 1588 1100 ut
1605 1061 1671 1100 eum

234 1137 349 1193 iundmn
367 1137 481 1206 coleret,
504 1135 570 1206 quia
587 1135 652 1190 nihil
675 1135 783 1190 heredis
801 1135 956 1190 interesset.
984 1134 1058 1204 quod
1076 1135 1100 1190 si
1117 1136 1230 1191 colonus
1247 1136 1331 1191 uellet
1348 1133 1437 1190 colere
1454 1139 1483 1189 et
1500 1133 1535 1189 ab
1553 1148 1601 1204 eo,
1625 1135 1672 1189 cui
1692 1145 1719 1184 ιο

233 1225 341 1296 legatus
359 1230 434 1280 esset
450 1223 566 1294 fundus,
584 1223 785 1295 prohiberetur,
810 1240 873 1280 oum
896 1223 995 1279 herede
1018 1224 1152 1280 actionem
1176 1225 1302 1280 colonum
1325 1223 1440 1280 habere:
1463 1227 1491 1278 et
1512 1222 1565 1278 hoc
1587 1223 1670 1278 detri-

234 1319 357 1371 mentum
375 1313 410 1369 ad
428 1313 554 1368 heredem
570 1315 719 1383 pertinere:
744 1313 826 1368 sicuti
844 1313 867 1368 si
885 1313 1037 1383 quierem,
1060 1328 1143 1382 quem
1161 1313 1331 1369 uendidisset
1347 1327 1399 1369 neo
1417 1313 1483 1368 dum
1501 1311 1671 1382 tradidisset,

234 1405 279 1460 alli
297 1405 425 1473 legasset,
443 1402 524 1458 heres
542 1402 601 1458 eius
620 1401 736 1472 emptori
753 1405 782 1457 et
798 1402 933 1472 legatario
952 1407 1026 1457 esset
1043 1401 1188 1472 obligatus.

177 1493 217 1554 33
287 1491 459 1548 Armentiue
477 1490 546 1547 libro
565 1495 664 1546 octauo
682 1491 883 1560 quaestionum.
911 1489 941 1546 Si
957 1489 1060 1546 iundm
1077 1505 1160 1560 quem
1177 1489 1242 1545 mihi
1259 1490 1393 1546 locareris
1404 1489 1493 1561 publi·
1525 1501 1551 1548 Β.
1560 1502 1598 1558 to,
1609 1504 1630 1558 1,
1640 1503 1672 1548 aa
1691 1495 1713 1550 S

235 1585 313 1637 catus
331 1581 376 1651 ait,
394 1581 481 1636 teneri
498 1585 527 1636 te
545 1581 651 1636 actione
668 1594 704 1636 ex
722 1579 866 1649 conducto,
886 1584 918 1634 ut
935 1579 1000 1634 mihi
1018 1577 1072 1634 frui
1088 1579 1183 1649 lineet,
1202 1580 1327 1650 quamuis
1344 1594 1394 1649 per
1410 1584 1439 1634 te
1457 1594 1511 1635 non
1530 1584 1596 1649 atet,
1615 1595 1671 1649 quo
1691 1590 1720 1632 rs

235 1670 324 1726 miuus
343 1670 371 1724 id
389 1673 527 1740 praestes:
545 1667 788 1740 quemadmodum,
805 1669 907 1738 inquit,
930 1668 954 1723 el
972 1669 1088 1723 insulam
1107 1666 1304 1723 aedificandum
1322 1669 1442 1724 locasses
1461 1671 1490 1723 et
1507 1669 1594 1724 solum
1612 1684 1671 1724 cor·

234 1759 342 1829 ruisset,
361 1757 444 1814 nihilo
462 1758 552 1814 minus
569 1757 715 1814 teneberis.
742 1773 806 1814 nem
824 1763 853 1813 ot
870 1757 895 1812 si
912 1757 1068 1813 condideris
1086 1757 1153 1814 mihi
1171 1755 1285 1813 fundum
1297 1759 1375 1828 isque
1386 1758 1546 1828 priusquam
1564 1772 1671 1814 uacuus

234 1847 388 1904 traderetur
404 1845 560 1918 publicatus
578 1844 668 1917 luerit,
686 1847 805 1902 tenearis
823 1861 858 1902 ex
876 1851 981 1916 empto:
1006 1846 1079 1922 quod
1096 1846 1231 1904 hacteuus
1247 1862 1343 1902 uerum
1361 1847 1425 1917 erit,
1444 1852 1476 1902 ut
1492 1847 1610 1917 pretium
1627 1862 1671 1902 re·

234 1937 347 2006 stituas,
371 1951 426 1992 non
449 1939 481 1990 ut
501 1936 584 1990 etiem
607 1935 636 1990 id
658 1939 794 2006 praestes,
819 1935 843 1990 si
866 1935 931 2005 quid
954 1935 1040 2004 pluris
1064 1951 1126 1992 mee
1148 1936 1256 1992 intersit
1279 1951 1341 1992 eum
1364 1951 1482 1992 uacuum
1506 1935 1571 1990 mibi
1588 1936 1671 1992 tradi.

235 2025 359 2080 similiter
380 2025 465 2094 igitur
487 2029 516 2080 et
539 2024 612 2079 eirca
634 2024 843 2080 conductionem
866 2023 1032 2080 seruandum
1050 2030 1130 2096 puto,
1155 2030 1186 2080 ut
1207 2024 1360 2080 mercedem
1382 2039 1466 2094 quam
1488 2026 1672 2096 praestiterim
1690 2036 1720 2077 ao

234 2115 377 2185 restitues,
400 2115 459 2169 eius
482 2113 588 2168 scilieet
608 2113 754 2183 temporis,
772 2128 827 2182 quo
844 2111 944 2168 fruitus
966 2129 1022 2169 non
1045 2112 1156 2184 fuerim,
1180 2129 1231 2170 nee
1254 2113 1325 2168 ultre
1346 2113 1453 2169 actione
1477 2129 1511 2168 ex
1534 2114 1672 2170 conducto

234 2207 375 2275 praestare
393 2203 509 2272 cogeris.
538 2217 602 2257 nam
620 2206 649 2256 et
667 2202 690 2256 si
709 2202 820 2258 colonus
838 2205 904 2258 tuus
921 2199 1007 2258 fundo
1025 2201 1078 2257 frui
1096 2218 1114 2258 e
1130 2207 1159 2258 te
1177 2208 1226 2258 cut
1244 2202 1278 2258 ab
1297 2216 1330 2257 eo
1347 2202 1520 2273 prohibetur,
1539 2218 1620 2273 quem
1639 2209 1672 2259 tu

234 2289 378 2364 probibere
397 2306 432 2347 ne
449 2291 478 2346 id
496 2289 580 2346 iaciat
597 2292 696 2361 possis,
713 2295 820 2346 tautum
838 2291 864 2346 ei
875 2290 1038 2361 praestabis,
1057 2293 1152 2362 quanti
1165 2293 1224 2348 eiua
1236 2290 1389 2348 interfuerit
1399 2291 1461 2362 lrui,
1478 2293 1507 2348 in
1518 2307 1574 2362 quc
1587 2291 1671 2348 etiem

234 2381 340 2438 lucrum
359 2379 418 2436 eius
436 2378 631 2436 continebitur:
656 2379 698 2435 ein
715 2395 781 2435 uero
790 2378 835 2434 ab
853 2395 887 2436 eo
905 2379 1134 2450 interpellabitur,
1158 2396 1239 2450 quem
1263 2386 1294 2436 tu
1317 2381 1461 2451 prohibere
1485 2387 1596 2452 propter
1613 2381 1671 2436 uim

235 2470 366 2526 maiorem
385 2473 433 2524 aut
450 2467 601 2538 potentium
620 2469 679 2524 eius
696 2484 751 2524 non
768 2468 884 2540 potoris,
908 2467 975 2524 nihil
997 2469 1114 2540 emplius
1138 2471 1163 2526 ei
1185 2485 1268 2540 qnam
1291 2470 1444 2527 mercedem
1466 2470 1604 2526 remittere
1622 2475 1673 2526 aut
1690 2483 1721 2525 rc

235 2559 350 2615 reddere
367 2556 489 2627 debebis,

179 2645 219 2704 34
290 2647 384 2704 Gerus
400 2646 470 2703 libro
489 2645 595 2702 decimo
613 2644 649 2702 ad
667 2643 786 2702 edictum
803 2646 979 2716 prouinciele.
1011 2646 1124 2718 perinde
1142 2647 1324 2704 colatronem
1339 2648 1450 2704 incursu
1467 2648 1496 2704 ld
1513 2641 1672 2734 Q
1689 2656 1725 2712 S·

237 2736 375 2794 acciderit.
862 2757 864 2762 ·

180 2822 219 2883 et
290 2825 462 2882 Ararcsuus
479 2821 549 2880 libro
567 2827 666 2880 octauo
684 2823 883 2893 quaestionum.
918 2825 954 2880 Ει
971 2823 1040 2880 heco
1057 2824 1196 2882 detineto
1214 2827 1342 2882 mnuenit
1358 2825 1404 2895 illi,
1423 2841 1495 2897 quea
1527 2837 1713 2894 a.to,1,ets

238 2931 255 2970 a
272 2913 369 2970 Seruio
387 2912 543 2970 introducta
561 2917 589 2968 et
607 2911 642 2968 eb
660 2911 786 2968 omuibus
804 2911 861 2970 lere
878 2913 995 2985 proheta
1014 2920 1070 2986 est,
1089 2920 1133 2985 ut,
1152 2915 1176 2970 si
1194 2915 1336 2970 auerrione
1354 2915 1470 2970 insulam
1488 2916 1605 2971 locatam
1623 2915 1672 2972 do·
1692 2933 1722 2974 eu

237 3005 327 3060 miuus
345 3002 506 3073 reiciendo,
530 3016 565 3058 ne
583 3016 617 3057 ee
634 3002 785 3058 conductor
801 3001 855 3059 frui
872 3005 974 3075 posuit,
998 3005 1128 3074 elicuerit,
1147 3005 1394 3074 animaduertetur,
1413 3005 1567 3060 neceesario
1585 3019 1673 3060 necne

237 3093 267 3150 ld
284 3109 354 3164 opus
372 3093 518 3148 demolitus
535 3096 592 3147 est:
610 3089 677 3161 quid
694 3092 766 3147 enim
784 3092 906 3164 interest,
924 3099 1016 3150 uuum
1034 3093 1139 3149 locator
1156 3094 1260 3150 insulae
1278 3099 1390 3165 propter
1409 3097 1574 3149 uetustatem
1590 3109 1673 3164 coga-

236 3187 283 3239 tur
300 3197 361 3238 cam
378 3180 490 3237 relicere
508 3197 543 3236 an
560 3181 665 3237 locetur
682 3179 759 3236 luudi
777 3187 892 3252 cogetur
909 3181 980 3238 ferre
997 3182 1122 3238 iniuriam
1140 3183 1213 3254 elus,
1231 3199 1313 3254 quem
1331 3182 1474 3254 prohibere
1492 3197 1547 3239 nou
1564 3183 1674 3253 possiti

237 3270 451 3342 intellegendum
475 3275 518 3326 est
538 3275 630 3326 autern
647 3285 699 3325 nos
716 3269 768 3325 hec
786 3271 958 3328 distinctione
975 3273 1016 3328 uti
1035 3272 1070 3327 de
1088 3287 1134 3342 eo,
1159 3273 1206 3342 qui
1224 3278 1253 3329 et
1270 3287 1350 3328 suum
1367 3271 1509 3342 praedium
1526 3269 1673 3328 fruendum

238 3361 370 3418 locauerit
388 3365 416 3416 et
432 3359 506 3415 bone
522 3357 577 3414 fide
595 3359 736 3429 negotium
754 3361 928 3431 contraxerit,
946 3377 1001 3417 non
1019 3361 1054 3416 de
1071 3377 1112 3432 ec,
1131 3362 1178 3432 qui
1195 3363 1313 3417 alienum
1331 3361 1473 3432 praedium
1487 3376 1536 3432 per
1548 3359 1673 3417 fraudem
1692 3381 1722 3422 ss

207 3455 220 3502 1
239 3450 371 3506 locauerit
393 3464 445 3504 neo
464 3449 591 3504 resistere
609 3447 719 3504 domino
737 3449 838 3519 possit,
862 3451 1007 3520 quominus
1026 3459 1049 3507 ts
1068 3452 1193 3506 colonum
1212 3451 1265 3507 irui
1281 3449 1432 3521 prohibeat.
1469 3449 1538 3506 Cum
1556 3449 1674 3508 fundum

240 3553 411 3594 communem
430 3537 574 3593 habuimus
592 3543 621 3592 et
638 3538 776 3593 internos
794 3541 931 3610 conuenit,
952 3545 984 3595 ut
1001 3540 1111 3596 alternis
1130 3541 1208 3596 anuis
1225 3545 1300 3596 certo
1317 3540 1405 3610 pretio
1423 3555 1486 3595 eum
1505 3539 1673 3596 conductum

239 3626 410 3696 haberemus,
428 3631 468 3696 tu,
486 3642 548 3682 cum
566 3631 631 3683 tuus
649 3643 737 3682 annus
754 3628 877 3683 exiturus
894 3633 976 3699 esset,
994 3629 1119 3686 consulto
1131 3628 1249 3686 fructum
1262 3629 1430 3698 insequentis
1442 3630 1506 3684 enni
1518 3629 1673 3699 corrupisti.

242 3717 252 3786 ΙΙ
271 3731 352 3785 egem
376 3721 467 3772 tecum
492 3715 600 3771 duabus
618 3715 784 3787 actionibus,
808 3733 864 3772 une
881 3733 915 3773 ex
934 3718 1083 3789 conducto,
1105 3720 1192 3774 altera
1210 3733 1244 3774 ex
1260 3719 1363 3774 locato:
1381 3719 1464 3774 locati
1482 3719 1553 3774 enim
1571 3718 1674 3774 iudicio
1691 3734 1774 3783 teau

240 3821 302 3861 mea
320 3821 383 3876 pare
401 3806 518 3876 propria,
536 3805 665 3860 conducti
682 3809 774 3860 eutem
791 3806 893 3861 actione
905 3813 953 3862 tue
965 3806 1109 3864 dumtaxat
1119 3808 1231 3879 propria
1241 3808 1269 3862 in
1281 3807 1412 3862 iudicium
1424 3808 1544 3864 uenient.
1573 3808 1674 3864 deinde
1692 3829 1723 3869 oo

239 3895 279 3950 ita
297 3899 387 3951 notet:
406 3909 496 3951 nonne
513 3895 587 3965 quod
605 3894 641 3949 ed
657 3909 747 3950 meam
759 3899 865 3965 partem
878 3895 1012 3966 attinebit,
1031 3897 1168 3952 communi
1180 3896 1330 3952 diuidundo
1341 3895 1526 3967 praestabitur
1538 3913 1555 3952 e
1566 3902 1594 3952 te
1607 3897 1674 3953 mihi

240 3983 389 4038 damnum?
415 3989 490 4039 reete
508 3984 617 4054 quidem
636 3989 721 4054 ιιοιιι,
739 3984 790 4040 sed
807 3990 899 4040 tamen
917 3986 999 4040 etiam
1016 3984 1094 4040 Serui
1113 3986 1276 4040 seutentiam
1289 4001 1383 4042 ueram
1397 4001 1459 4042 ease
1470 3989 1546 4056 puto,
1564 4001 1625 4040 cum
1639 4001 1674 4042 co

240 4073 352 4150 scilicet,
370 4077 410 4143 ut,
429 4089 491 4128 curu
510 4074 641 4129 alterutra
658 4073 766 4130 actione
783 4088 841 4129 rem
853 4075 1029 4146 seruauerint,
1048 4073 1134 4130 altere
1145 4078 1308 4146 perematur.
1335 4073 1409 4145 quod
1421 4077 1511 4148 iprum
1523 4075 1674 4148 simplicius

239 4197 265 4251 F
271 4195 403 4268 [P(VU)]

241 4391 436 4448 lereditu‘r'm
453 4391 488 4445 F‘
504 4393 509 4460 Ι
524 4392 634 4448 uidetur
651 4393 679 4448 P
722 4395 875 4450 abactae
888 4393 928 4466 ΡΙ
981 4393 1108 4450 hemitur
1125 4390 1174 4447 Ρ*
1196 4395 1201 4465 Ι
1223 4395 1275 4466 sin]
1294 4395 1317 4451 si
1335 4395 1363 4452 P
1409 4397 1444 4452 25
1462 4396 1622 4452 meiore'a’m
1635 4395 1674 4450 F*

240 4462 361 4532 deberet]
377 4463 517 4538 sPtVuU,
541 4463 640 4520 debere
663 4465 689 4518 F
736 4466 801 4522 3si
823 4485 871 4521 om.
888 4467 929 4521 P·
982 4467 1017 4522 26
1034 4465 1146 4522 debebit
1162 4466 1235 4521 PtV
1289 4466 1428 4524 attiuh
1446 4469 1473 4522 P
1522 4470 1558 4524 30
1576 4469 1674 4523 aduer-

240 4535 358 4590 6temei
379 4537 425 4600 1²⁶,
449 4539 541 4591 buren
565 4541 594 4591 et
617 4535 691 4592 sil]
743 4539 776 4593 11
800 4537 929 4592 heredem
981 4537 1086 4593 sionem
1105 4539 1145 4592 P⁶
1204 4539 1237 4594 31
1262 4537 1377 4595 efficerit
1398 4542 1423 4594 F
1437 4541 1531 4612 (ees)
1585 4541 1620 4595 36
1637 4539 1672 4610 iel

240 4607 361 4662 actiones
392 4605 471 4662 P⁶U⁶
542 4609 576 4662 12
608 4607 707 4663 herede
739 4610 766 4662 F
793 4611 930 4684 (supply)
982 4610 1015 4664 lis
1039 4609 1066 4663 F
1126 4611 1161 4664 38
1186 4609 1258 4678 anni]
1288 4612 1366 4666 anuis
1388 4612 1427 4666 P·
1491 4613 1528 4667 40
1555 4611 1672 4681 actione]

241 4677 276 4732 14
292 4676 407 4732 fundum
426 4679 467 4732 P‘·
521 4681 555 4734 16
572 4679 691 4736 locasset
708 4681 826 4736 P‘V⁰U⁰
845 4681 850 4748 Ι
870 4695 929 4734 our·
984 4679 1110 4744 P⁵V³U⁵,
1131 4681 1203 4736 aetio
1221 4683 1359 4737 siet-tt·
1373 4684 1378 4750 Ι
1393 4682 1511 4753 proprie]
1529 4699 1593 4752 para
1610 4699 1674 4752 pro·

239 4749 479 4822 ruisaetFlem.s)
525 4751 558 4805 19
576 4749 758 4806 idom.PVU
799 4753 833 4807 21
846 4753 930 4806 actio·
982 4752 1042 4822 pria
1059 4753 1141 4808 PVU
1152 4755 1157 4820 l
1172 4753 1266 4808 ueniet
1283 4753 1364 4808 PVU
1413 4754 1448 4809 42
1467 4755 1548 4809 seruii
1558 4757 1593 4830 s:
1612 4769 1674 4810 uer-

241 4831 303 4874 nem
312 4821 376 4890 sP⁶
429 4822 464 4876 22
481 4826 530 4876 aul
547 4820 582 4876 ab
601 4821 643 4892 oo]
662 4823 720 4888 PU,
738 4827 770 4878 ut
786 4821 875 4878 habeo
895 4823 929 4876 F:
983 4837 1035 4878 uae
1053 4827 1114 4896 lepil
1131 4825 1180 4879 BS
1197 4822 1276 4895 (ut.):
1299 4824 1364 4890 tirel
1388 4824 1419 4878 h'e
1438 4825 1453 4879 ὁ
1472 4826 1573 4896 N'epbec
1592 4825 1607 4880 ὁ
1626 4845 1674 4881 ιιο·

240 4887 287 4944 tte
306 4889 337 4952 oi
355 4890 527 4962 «etiope...
542 4892 556 4946 t
570 4891 649 4948 ἄλλοι
667 4893 698 4949 bu
718 4895 824 4956 eleasar
844 4893 929 4956 κωιῨ·
983 4894 1057 4950 eunde
1109 4895 1145 4950 43
1164 4895 1299 4952 actionem
1316 4895 1396 4950 ΡΨ·
1410 4898 1415 4964 Ι
1431 4897 1563 4952 seruerim
1579 4897 1637 4952 PV

241 4979 279 5022 cer
298 4961 325 5016 B
343 4961 451 5029 (Aaou.)
507 4963 543 5018 23
565 4963 687 5022 interibit
710 4965 736 5022 P
786 4967 821 5021 24
843 4965 929 5022 conu-
