3712 5370
191 243 291 315 soo1o
861 216 946 298 507
1355 224 1444 292 XVII
1463 226 1484 293 2
1505 231 1620 287 ou-ee

135 384 174 443 62
244 383 416 439 Pounourus
433 381 502 438 libro
519 381 601 438 tertio
619 381 725 438 decimo
743 381 779 438 ad
796 380 935 438 Sabinum.
962 379 991 438 Si
1003 381 1093 438 'littus
1110 397 1171 438 cum
1184 395 1239 452 quo
1251 381 1316 438 mihi
1328 383 1446 440 societas
1465 377 1661 467 [niujo-os

191 475 252 528 erat
269 471 418 528 decesserit
434 487 542 542 egoque
560 487 622 527 oum
639 475 762 543 putarem
773 471 839 528 'litii
857 471 1036 528 hereditatem
1053 471 1090 527 ad
1102 470 1194 528 Seium
1206 473 1350 543 pertinere,
1369 473 1547 528 communiter
1558 489 1621 528 cum

191 575 225 617 eo
243 576 288 616 res
306 560 475 617 nmdiderim
493 567 522 617 et
538 564 645 632 partem
662 560 796 632 pecuniae
813 575 848 616 ex
866 560 1023 618 uenditione
1040 561 1168 618 mommo
1183 577 1244 632 ego,
1261 567 1368 632 partem
1380 560 1460 618 Seius
1473 560 1622 632 abstrderit,

190 655 228 720 te,
246 651 293 720 qui
310 665 340 705 re
357 665 425 706 uera
436 651 509 705 Titio
527 650 607 706 heres
624 665 663 720 cs,
681 653 787 720 partem
805 649 842 706 ad
859 665 903 706 me
921 649 1047 708 redactae
1064 651 1197 722 pecuniae
1215 651 1354 706 societatis
1372 651 1472 708 iudicio
1489 666 1544 706 uon
1558 665 1621 706 con-

191 742 347 795 secuturum
371 739 484 796 Neratio
506 745 535 794 et
552 739 675 795 Aristoni
695 738 836 809 placebat,
858 739 923 810 quia
946 754 1023 796 meae
1044 740 1191 798 *dumuxat
1213 740 1298 810 partis
1320 740 1409 810 pretia
1430 741 1621 810 percepissem,
1640 753 1654 796 c

191 843 280 899 neque
297 829 430 884 interesse
437 832 456 899 ¹,
475 833 567 884 utrum
584 843 635 898 per
652 841 683 883 se
700 833 792 898 partes
810 843 886 884 meaa
902 828 1088 884 uendidissem
1107 845 1142 886 an
1160 830 1340 886 communiter
1357 845 1419 884 oum
1437 843 1479 899 co,
1497 829 1545 899 qui
1562 829 1622 886 reli-

191 933 261 988 quas
278 922 371 987 partes
388 917 424 973 ad
442 919 625 988 sepertinere
643 917 754 974 diceret.
787 918 908 987 alioquin
925 921 1100 987 euenturum,
1118 922 1150 974 ut
1166 919 1264 988 ctiam,
1283 919 1306 974 si
1324 917 1379 974 duo
1397 919 1464 974 socii
1481 934 1539 974 rem
1556 933 1622 974 nen·

192 1005 318 1077 diderint,
339 1007 542 1077 οιιιιοοοίιοιιο1
560 1007 634 1077 quod
651 1007 687 1062 ad
706 1022 736 1062 se
752 1007 909 1080 peruenerit
925 1013 1030 1077 partem
1049 1007 1127 1062 alteri
1145 1007 1283 1064 societatis
1301 1007 1401 1062 iudicio
1417 1011 1557 1077 praestare
1575 1007 1621 1062 de·

191 1094 265 1151 beat
298 1096 347 1151 sed
365 1111 417 1151 neo
434 1100 463 1151 te
480 1111 515 1151 ex
532 1099 618 1166 parte,
639 1112 721 1166 qnam
739 1095 898 1152 hereditatis
916 1096 1048 1165 petitione
1065 1094 1135 1152 forte
1154 1113 1171 1152 a
1188 1095 1251 1152 Seio
1269 1101 1465 1152 consecuturus
1483 1097 1529 1166 sis,
1547 1097 1622 1166 qnie-

192 1199 274 1255 quam
293 1184 359 1240 mihi
376 1189 516 1255 praestare
534 1185 647 1255 debere,
666 1185 730 1255 quia
747 1184 822 1255 qued
839 1183 875 1240 ad
893 1183 986 1240 Seium
1003 1186 1171 1273 perennent,
1189 1189 1298 1242 tuarum
1316 1185 1434 1256 partium
1451 1185 1569 1256 pretium
1587 1185 1624 1240 sit
1641 1199 1669 1241 ιο

192 1289 244 1330 οοο
261 1273 298 1329 od
316 1289 360 1329 me
377 1275 519 1330 Ιιοοοοοοοι
536 1290 628 1330 meum
645 1275 789 1344 quiequam
808 1288 843 1330 ex
860 1289 894 1330 eo
911 1274 1000 1330 redire
1018 1273 1126 1330 debeat.

136 1363 175 1422 63
246 1361 397 1420 nmmum
409 1363 477 1419 libro
490 1364 649 1434 trigessimo
660 1363 749 1433 primo
761 1362 797 1418 ad
809 1363 937 1418 edietum.
964 1362 1065 1419 Uerum
1078 1363 1206 1433 estquod
1217 1359 1319 1419 Sabino
1332 1363 1448 1434 uidetur,
1467 1357 1623 1447 Q
1641 1372 1663 1427 s

193 1453 300 1508 edumei
322 1467 377 1508 non
399 1453 588 1508 uniuersorum
613 1451 746 1508 bonorum
770 1452 838 1507 socii
860 1457 936 1522 sunt,
960 1451 1010 1507 sed
1031 1452 1113 1507 unius
1132 1452 1186 1522 rei,
1209 1457 1330 1508 attamen
1348 1453 1376 1508 in
1394 1453 1424 1508 id
1440 1451 1515 1523 quod
1532 1451 1623 1508 facere

191 1545 308 1611 possunt
330 1541 440 1612 quodue
463 1541 526 1598 dolo
550 1541 621 1598 mulo
645 1539 837 1611 fecerintque
860 1541 949 1596 minus
970 1541 1095 1611 possiutp
1113 1541 1288 1597 condemnari
1311 1547 1444 1611 oportere.
1477 1542 1528 1599 boo
1551 1541 1623 1597 enim

161 1643 174 1689 1
193 1647 327 1686 summam
345 1632 477 1688 rationem
495 1631 586 1701 habet,
605 1647 666 1687 oum
685 1631 804 1686 societas
821 1630 864 1686 ius
881 1629 1083 1700 quodammodo
1101 1628 1277 1686 fraternitatis
1294 1631 1323 1688 in
1341 1646 1371 1687 se
1387 1630 1496 1688 habeat.
1523 1630 1623 1688 Uiden·
1642 1644 1670 1687 ue

193 1719 258 1775 dum
276 1725 327 1790 est,
346 1735 381 1776 an
400 1725 428 1775 et
444 1719 598 1776 fideiussori
616 1720 683 1775 socii
700 1719 729 1774 id
746 1720 880 1790 praestari
898 1718 999 1774 debeat
1016 1735 1051 1774 an
1068 1734 1135 1775 uero
1152 1719 1295 1789 personale
1312 1718 1473 1776 beneficium
1487 1720 1531 1791 sit,
1549 1719 1623 1790 quod

192 1809 281 1879 magis
305 1825 401 1865 uerum
425 1815 475 1866 est.
493 1809 557 1878 ¹sed
578 1810 601 1864 ai
617 1805 668 1864 hic
680 1807 824 1865 fideiussor
840 1809 920 1878 quasi
937 1805 1065 1864 defensor
1082 1809 1150 1864 socii
1167 1807 1297 1866 iudicium
1315 1810 1480 1880 susceperit,
1503 1809 1625 1879 proderit

192 1897 257 1954 sibi:
275 1913 393 1968 namque
411 1898 532 1954 Iulianus
549 1897 619 1954 libro
637 1905 735 1968 quarto
753 1897 859 1954 decimo
878 1899 1045 1968 digestorum
1065 1897 1174 1954 scribsit
1191 1897 1361 1955 defensorem
1380 1899 1447 1956 socii
1465 1899 1493 1954 in
1510 1897 1538 1954 id
1550 1896 1624 1968 quod

193 1988 284 2044 socius
301 1986 392 2043 facere
410 1992 502 2058 potest
519 1987 695 2043 condemnari
711 1993 845 2058 oportere.
873 1987 1000 2058 idemque
1018 1990 1047 2042 et
1057 1988 1086 2042 in
1097 1989 1206 2058 patroni
1217 1986 1360 2044 defensore
1372 1987 1512 2058 accipere⁸
1524 1985 1625 2042 dehere

158 2088 176 2134 ο
193 2078 245 2132 ait:
256 2119 258 2132 .
269 2081 298 2131 ct
319 2077 414 2146 utique
435 2076 508 2131 idem
529 2077 581 2130 erit
598 2077 627 2131 in
645 2077 794 2146 uniuersis,
818 2077 865 2146 qui
883 2077 911 2132 in
929 2077 958 2132 id
975 2075 1050 2146 quod
1067 2074 1158 2132 iacere
1176 2081 1291 2148 possunt
1308 2077 1513 2132 conueniuntur.
1550 2076 1624 2132 Patn'
1643 2091 1671 2134 su

193 2171 284 2220 numm
302 2166 347 2221 uel
365 2165 474 2221 domino
492 2165 572 2234 socii,
591 2166 615 2220 si
632 2163 710 2220 iussu
728 2180 822 2220 corum
840 2166 958 2221 societas
975 2171 1116 2222 conuecta
1134 2166 1177 2236 eit,
1195 2182 1250 2222 non
1268 2181 1330 2222 esee
1347 2165 1418 2222 hanc
1436 2166 1624 2236 exceptionem

193 2253 317 2324 dandmn,
336 2255 401 2324 quia
417 2269 469 2310 nec
486 2253 579 2311 heredi
597 2255 666 2310 socii
683 2255 835 2324 ceterisque
853 2253 1057 2310 successorebus
1075 2254 1127 2310 hoc
1144 2254 1340 2326 praestabitur:
1359 2256 1440 2325 quia⁴
1457 2270 1509 2311 neo
1521 2260 1623 2310 cetero-

192 2359 253 2398 rum
277 2343 422 2399 heredibus
445 2343 699 2413 successorihusue‚
723 2359 793 2414 quos
817 2343 845 2400 in
862 2343 891 2398 id
908 2343 983 2413 quod
1000 2343 1091 2400 facere
1108 2350 1225 2414 possunt
1242 2345 1433 2414 conuenimus,
1455 2343 1528 2400 idem
1546 2359 1623 2414 prae·

161 2444 175 2489 c
193 2436 290 2488 statur.
326 2432 359 2488 ld
376 2433 450 2502 quod
467 2431 559 2488 tacere
576 2433 667 2488 socius
684 2437 778 2502 potest
794 2433 1023 2503 quemadmodum
1041 2433 1240 2490 aestimandum
1260 2433 1316 2490 eit?
1340 2438 1369 2488 et
1385 2433 1488 2503 placuit
1505 2447 1559 2489 non
1577 2433 1624 2490 de·

193 2521 258 2578 bere
281 2521 381 2576 deduci
398 2537 446 2577 aes
464 2523 582 2578 alienum
600 2522 674 2592 quod
691 2521 807 2578 debetur
824 2539 842 2577 a
859 2522 949 2578 socio:
972 2522 1012 2578 ita
1029 2527 1058 2578 et
1074 2523 1217 2578 Marcellus
1234 2521 1303 2578 libro
1321 2523 1437 2592 septimo
1456 2523 1628 2592 digestorum,
1643 2536 1672 2579 ae

161 2621 177 2668 4
194 2609 310 2681 scribsit,
329 2611 381 2666 uisi
398 2609 476 2682 forte,
495 2612 591 2681 inquit,
610 2626 645 2667 ex
662 2613 723 2682 ipsa
740 2611 873 2668 societate
890 2609 1030 2666 debeatur.
1060 2612 1130 2668 Item
1148 2611 1305 2681 uidendum,
1323 2629 1359 2668 uu
1377 2611 1467 2668 cautio
1484 2612 1580 2668 ueniat
1596 2613 1625 2668 in

193 2699 245 2756 hoo
262 2700 393 2756 iudicium
411 2701 471 2756 eius
488 2701 563 2771 quod
580 2699 671 2756 fucere
688 2701 779 2756 socius
797 2714 853 2756 non
869 2701 971 2770 possit,
995 2701 1099 2757 scilicet
1117 2701 1192 2756 nuda
1208 2685 1366 2771 promissio}
1387 2700 1460 2770 quod
1478 2701 1567 2770 magis
1584 2701 1623 2756 di·

161 2801 176 2849 u
193 2789 311 2845 cendum
329 2789 453 2846 arbitror.
479 2788 516 2860 Si,
535 2805 598 2844 cum
616 2795 672 2845 tres
690 2789 757 2846 socii
774 2793 876 2860 essent,
894 2789 983 2859 egerit
1000 2805 1062 2844 oum
1079 2805 1135 2846 uno
1147 2805 1181 2846 ex
1194 2790 1275 2846 sociis
1287 2790 1378 2846 socius
1390 2795 1418 2846 et
1428 2793 1534 2860 partem
1546 2806 1624 2846 suam

193 2879 328 2949 integram
347 2879 384 2934 sit
400 2882 572 2949 consecutus,
591 2879 691 2935 deinde
708 2880 777 2934 alius
796 2878 887 2934 socius
905 2893 967 2934 cum
986 2877 1082 2934 eodem
1100 2883 1166 2948 agat
1183 2883 1212 2934 et
1228 2884 1334 2950 partem
1349 2880 1479 2950 consequi
1490 2880 1624 2950 integram

193 2983 248 3024 non
266 2968 374 3039 poterit,
392 2968 457 3038 quia
474 2966 564 3023 facere
582 2969 699 3024 solidum
717 2983 772 3024 non
789 2971 890 3038 potest,
909 2983 944 3022 an
962 2966 1006 3022 hio
1024 2967 1071 3036 qui
1089 2967 1178 3023 minus
1190 2974 1355 3024 consecutus
1367 2973 1411 3024 est
1422 2983 1484 3024 oum
1497 2984 1530 3024 eo
1542 2984 1625 3038 agere
1642 2981 1672 3024 eo

194 3057 282 3127 possit
299 3057 346 3126 qui
364 3056 479 3112 solidum
498 3057 605 3127 accepit
622 3057 657 3112 ad
676 3056 915 3113 communicandas
932 3061 1025 3125 partes
1043 3057 1114 3112 iuter
1131 3072 1192 3126 eos,
1214 3057 1303 3114 idest
1321 3057 1527 3128 exaequandae,
1546 3058 1625 3127 quasi

193 3146 317 3216 iniquum
335 3146 372 3201 eit
389 3161 424 3201 ex
441 3145 538 3201 eadem
557 3147 688 3202 societate
706 3146 788 3202 alium
806 3146 875 3215 plus,
894 3145 977 3202 alium
996 3145 1085 3200 miuus
1103 3147 1252 3216 consequi?
1278 3145 1344 3202 sed⁸
1361 3147 1449 3216 magis
1462 3149 1512 3216 est,
1532 3150 1563 3201 ut
1575 3161 1624 3216 pro

195 3235 270 3290 socio
288 3235 395 3290 actione
412 3236 543 3306 consequi
560 3235 659 3306 possit,
677 3239 709 3290 ut
725 3235 866 3304 utriusque
884 3235 974 3304 portio
991 3238 1172 3304 exaequeturz
1190 3249 1262 3304 quae
1279 3236 1416 3291 sententia
1432 3234 1517 3290 habet
1534 3235 1623 3304 aequi·

132 3337 177 3384 ot
195 3328 288 3378 tatem
321 3324 444 3394 Tempus
464 3329 557 3380 autem
575 3330 732 3394 spectamus
750 3328 882 3394 qnantum
899 3322 991 3380 iacere
1008 3324 1099 3380 socius
1117 3325 1204 3394 possit
1220 3324 1260 3379 rei
1278 3323 1448 3380 iudicandae.
1482 3324 1625 3394 Hocque

196 3427 248 3483 qne
266 3411 356 3468 iacere
374 3415 436 3483 quis
453 3427 535 3483 posse
553 3414 662 3470 uidetur
679 3413 752 3483 quod
770 3413 833 3468 doio
851 3411 917 3468 feeit
933 3427 988 3482 quo
1007 3413 1095 3468 minus
1112 3414 1213 3483 possit:
1232 3429 1283 3468 nec
1300 3413 1372 3468 enim
1392 3427 1509 3483 aequum
1522 3418 1566 3468 est
1578 3413 1625 3468 do·
1644 3427 1673 3470 eo

194 3501 250 3557 lum
274 3517 354 3558 suum
371 3517 536 3573 quemqnam
554 3503 684 3558 releuare.
717 3502 792 3572 quod
810 3507 839 3557 et
855 3503 883 3557 iu
901 3503 1012 3572 ceteris,
1036 3502 1129 3571 quiin
1147 3501 1176 3558 id
1193 3501 1266 3571 quod
1284 3499 1375 3558 fucere
1392 3507 1509 3572 possunt
1526 3517 1625 3558 couue

195 3591 313 3661 niuntur,
332 3591 520 3662 accipiendum
538 3597 589 3648 est
618 3592 752 3648 sitamen
770 3607 824 3647 non
842 3589 914 3661 dolo,
933 3591 982 3647 sed
1000 3591 1081 3662 culpa
1098 3607 1149 3647 sua
1166 3589 1256 3647 facere
1274 3607 1355 3662 posse
1372 3591 1461 3661 desiit,
1479 3591 1625 3648 dicendum

162 3694 176 3741 ο
194 3685 238 3736 est
255 3681 430 3736 condemnari
447 3695 510 3736 eum
528 3695 583 3736 non
601 3679 709 3738 debere.
738 3681 770 3736 In
787 3679 916 3736 heredem
933 3695 1042 3751 quoque
1059 3680 1127 3738 socii
1143 3695 1193 3752 pro
1205 3681 1279 3738 socio
1292 3681 1364 3736 actio
1376 3683 1513 3751 competit,
1532 3697 1625 3751 quam·

194 3770 237 3826 uls
256 3769 334 3826 heres
352 3770 444 3825 socius
462 3784 517 3825 non
535 3770 585 3824 sit:
603 3771 667 3825 licet
684 3770 757 3825 enim
775 3770 866 3824 socius
884 3785 939 3825 uon
957 3771 1001 3840 sit,
1020 3775 1141 3825 attamen
1153 3770 1329 3825 emolumenti
1341 3784 1483 3826 successor
1494 3774 1546 3826 est.
1571 3769 1582 3841 ΙΙ
1597 3775 1626 3826 et
1642 3781 1659 3828 t.
1670 3777 1723 3830 tou

194 3858 268 3914 circa
288 3858 436 3914 societates
459 3859 635 3928 uectigalium
659 3864 864 3929 ceterorumque
887 3859 960 3914 idem
979 3858 1170 3928 obseruamue,
1193 3857 1321 3914 utheree
1339 3859 1430 3914 socius
1448 3874 1502 3914 non
1520 3859 1626 3914 sitnisi
1644 3875 1672 3915 ιο

194 3945 277 4002 fuerit
293 3947 431 4018 adscitum,
452 3951 641 4012 cerumtamen
658 3961 738 4004 omne
756 3948 968 4004 emolumentum
986 3948 1126 4005 societatis
1144 3947 1180 4004 ad
1198 3963 1261 4004 eum
1278 3947 1427 4018 pertineat,
1446 3947 1527 4004 simili
1544 3946 1625 4004 modo

193 4054 352 4126 FIP(VU)]

196 4215 389 4270 ¹intereeset'l
459 4215 552 4280 ¹eius
576 4223 622 4270 tna.
645 4215 723 4282 (edd)
794 4214 974 4271 ⁸acoidsre?
1045 4215 1143 4285 ⁴quia
1165 4215 1212 4270 dol.
1283 4213 1377 4286 ⁶sed]
1402 4219 1430 4270 et
1452 4215 1502 4283 (sai
1526 4213 1625 4270 uiuuou

196 4284 272 4358 r'spece
290 4286 369 4354 Bm?
385 4294 438 4342 nisi
452 4294 539 4359 potius
556 4287 681 4358 quuedom
699 4293 795 4342 emino
811 4295 869 4341 amu

196 4446 364 4516 2pntarem]
398 4445 456 4511 PU,
473 4447 617 4516 putaretF
658 4445 835 4501 eredanme
848 4446 885 4500 Ρ
938 4444 1015 4501 P·U⁸
1061 4447 1095 4501 14
1112 4446 1227 4516 possint]
1244 4449 1360 4516 posunt
1372 4446 1440 4501 P·U
1482 4447 1516 4501 19
1534 4435 1631 4503 desem

194 4517 343 4574 deodatae
394 4520 526 4590 (cuppis)
571 4516 769 4587 hpr'a'ctiaffl
813 4519 884 4572 dre·
937 4533 1026 4574 sorem
1048 4517 1102 4572 PU
1154 4520 1189 4572 20
1211 4519 1282 4588 patri
1374 4519 1407 4573 21
1431 4517 1499 4573 socii
1521 4537 1569 4572 om.
1588 4518 1626 4572 F¹

195 4589 283 4658 liquos
296 4589 330 4641 Ρ
349 4599 350 4602 ’
378 4590 393 4643 i
411 4593 556 4643 uenturum
570 4589 609 4643 P⁰
625 4591 630 4653 Ι
646 4595 677 4643 ut
689 4589 782 4642 eom
799 4590 803 4654 Ι
819 4587 883 4658 duo]
937 4589 1118 4658 nudandam]
1129 4589 1213 4664 sPU,
1231 4589 1324 4644 danda
1342 4591 1367 4642 F
1383 4591 1386 4656 Ι
1407 4588 1459 4644 hoo
1477 4589 1626 4659 praestabi-

196 4659 261 4714 dum
284 4659 324 4714 P·
377 4660 469 4714 8οό4
483 4675 513 4714 οο
531 4660 570 4712 Ρ
623 4659 731 4728 ticcio]
757 4661 828 4715 sotio
847 4661 885 4714 Ρ·
938 4666 982 4715 tor
995 4660 1301 4716 ...uesuooessoribus
1320 4679 1368 4714 om.
1381 4660 1452 4714 ΡΨ
1500 4661 1534 4716 23
1552 4661 1626 4730 quod

197 4733 231 4785 10
248 4729 398 4800 pr'a'etium
417 4731 456 4783 F’
510 4734 543 4786 ll
568 4730 723 4801 habentem]
739 4731 814 4805 fPU
829 4751 885 4786 cum
939 4731 1069 4786 om.P·V
1109 4732 1272 4786 25*a⁴esF²
1314 4733 1349 4786 26
1362 4731 1405 4800 an]
1419 4732 1447 4786 in
1460 4733 1494 4785 F¹
1534 4733 1570 4788 30
1578 4733 1626 4802 qui

196 4801 245 4856 RS
257 4805 332 4869 (uh.):
351 4803 399 4857 reio
417 4800 602 4863 ἒπιΒοολοῩοοο
620 4822 662 4857 uos
681 4803 787 4873 uspihoc
799 4802 884 4872 ἐχοκτι
937 4799 1303 4874 ιιιρι)1.1“”“Ιιοίἳΐοοοῖι
1355 4803 1391 4857 33
1409 4803 1543 4859 actionem
1561 4803 1624 4874 ΡἸ

196 4873 244 4927 rien
270 4873 426 4936 suasionem,
450 4873 595 4928 aduentem
620 4874 668 4940 Fi
693 4873 824 4929 redire‘m'
847 4874 886 4926 F’
937 4872 1035 4944 possit]
1052 4874 1144 4944 ponsit
1160 4875 1199 4928 P·
1214 4877 1219 4942 1
1234 4873 1409 4942 utriusqu'a'e
1422 4875 1461 4928 F²
1508 4877 1542 4930 37
1561 4875 1625 4930 acti-

197 4946 232 4999 12
243 4949 287 4999 est
298 4964 346 4998 om.
356 4945 435 4999 P⁰V⁶
450 4948 454 5012 Ι
470 4944 553 5016 quod]
556 4945 676 5018 siP‘U'
685 4965 740 4999 eum
750 4945 798 5000 RS
806 4947 886 5010 (nu.):
938 4944 1058 5016 pendnm
1069 4945 1109 4998 P·
1124 4947 1129 5010 Ι
1143 4945 1234 5016 posse]
1282 4945 1494 5010 ssiti',om.P⁶
1519 4947 1625 5004 eemn-

197 5015 236 5071 ὡο
254 5015 270 5070 ὁ
288 5015 398 5072 {asinoe
418 5017 547 5084 notuerat,
573 5016 647 5090 quod
666 5016 700 5072 ad
718 5015 747 5082 F,
765 5016 840 5090 quod
857 5022 887 5072 et
938 5016 1087 5090 dempnare
1105 5017 1144 5072 P·
1196 5018 1231 5074 39
1244 4961 1337 5090 Korea]
1355 5016 1470 5074 heredes
1488 5018 1527 5074 Ρ·
