3698 5364
147 189 151 196 '
180 211 301 260 annum
323 210 519 260 auousnuaa
792 207 793 210 ’
853 185 940 266 735
1346 195 1436 262 XXV
1458 199 1478 263 2
1502 203 1618 260 17-24

146 359 159 406 1
179 350 268 420 nium,
286 364 394 406 cessare
412 364 502 404 rerum
521 351 674 404 amotarum
692 348 842 416 actionem,
860 348 925 417 quia
943 349 1076 418 competit
1090 353 1170 424 sarit.
1206 351 1324 408 Dinortii
1341 368 1428 409 causa
1444 369 1489 409 res
1510 357 1618 410 amotas

179 439 296 494 dicimue
313 453 370 494 non
387 439 475 494 solum
493 452 549 508 eas,
568 453 637 506 quas
655 437 752 492 mulier
770 438 887 508 amauit,
906 453 968 493 cum
987 438 1098 494 diuortii
1116 440 1257 495 consilinm
1276 441 1380 511 inisset,
1399 443 1551 498 sedetiam
1569 458 1617 499 eas

146 538 161 584 a
180 544 250 600 quas
267 531 355 598 nupta
372 527 513 596 amouerit,
531 526 563 596 si,
582 541 645 582 cnm
663 525 826 596 diseederet,
845 541 892 582 eas
910 527 1049 582 celauerit
1085 527 1147 583 Non
1170 529 1257 584 solum
1275 545 1323 586 eas
1341 547 1393 601 rea,
1413 545 1484 601 quae
1498 536 1616 602 exstant,

179 619 208 674 in
225 633 316 674 rernm
335 623 486 674 amomum
504 616 634 672 iudicium
652 616 747 671 uenire
764 616 886 670 lulianus
904 616 956 686 ait,
975 631 1071 671 uerum
1089 617 1173 672 etiam
1191 633 1256 689 eas,
1275 621 1392 689 quaein
1410 635 1500 675 rerum
1518 625 1618 676 natura

146 717 161 762 a
180 723 242 764 esse
260 707 412 764 desierunt:
435 706 515 762 simili
533 705 616 762 modo
639 705 723 761 etiam
745 705 813 760 certi
830 704 937 760 condici
955 720 1003 762 eae
1020 721 1103 776 posse
1121 707 1168 762 ait.
1205 707 1281 774 Quae
1300 709 1359 764 uiro
1378 724 1429 765 suo
1447 724 1491 765 rea
1508 711 1617 780 pignori
1636 727 1650 768 s

180 796 260 854 datas
278 796 420 866 amouerit,
438 794 490 851 hoo
506 795 608 851 iudicio
624 793 776 852 tenebitur:

123 883 162 943 18
233 886 352 941 Pennus
369 883 438 940 libro
456 889 535 940 sexto
553 885 753 954 quaestionum.
789 882 839 939 sed
862 888 891 940 et
912 882 1023 938 domino
1046 883 1182 940 condictio
1200 889 1347 956 compatet.
1374 885 1425 941 sed
1443 881 1617 970 [nem
1637 901 1678 954 Ψ

180 975 303 1030 alterutri
320 989 402 1044 agere
418 973 632 1044 permittendum
650 979 702 1030 est.
1458 963 1617 972 *⁹*

124 1063 161 1122 19
234 1063 384 1120 Unrraaue
407 1062 476 1118 libro
499 1063 641 1133 trigesimo
663 1067 760 1134 quarto
785 1061 820 1118 ad
843 1061 973 1118 edictum.
1009 1059 1065 1116 Sed
1085 1066 1114 1117 et
1131 1062 1155 1117 ai
1172 1061 1284 1118 diuortii
1302 1067 1425 1133 tempore
1443 1060 1617 1148 [ie—aeis&
1649 1079 1671 1132 3

178 1151 254 1210 fures
272 1153 300 1208 in
319 1152 430 1210 domum
448 1153 538 1207 mariti
556 1151 694 1207 induxerit
711 1156 740 1206 et
756 1166 806 1222 per
823 1165 871 1207 cos
889 1166 934 1208 res
952 1151 1099 1222 amonerit,
1122 1152 1162 1206 ita
1184 1155 1216 1206 ut
1237 1153 1298 1223 ipsa
1319 1167 1375 1208 non
1398 1157 1617 1226 contreetauerit‚
1638 1175 1666 1214 so

178 1258 269 1298 rernm
287 1247 440 1297 amotarum
457 1241 558 1296 iudicio
576 1240 722 1296 tenebitur.
753 1255 848 1295 uerum
871 1245 915 1296 est
938 1241 1031 1310 itaque
1049 1239 1124 1310 quod
1141 1239 1235 1297 Labeo
1259 1243 1368 1313 scripsit
1391 1258 1504 1299 uxorem
1527 1260 1617 1300 rerum

179 1335 332 1388 amomrum
350 1329 447 1398 teneri,
465 1330 574 1385 etiamsi
592 1329 628 1384 ad
645 1345 707 1385 eam
724 1345 842 1385 resnou
860 1330 1025 1400 peruenerit.

122 1421 162 1480 20
232 1421 413 1476 mmmmm
435 1417 504 1474 libro
527 1419 645 1490 septimo
667 1419 847 1488 digestorum.
884 1418 914 1474 Si
937 1434 1008 1489 ram,
1033 1435 1115 1490 quam
1140 1421 1254 1476 maritus
1276 1419 1350 1476 bona
1372 1419 1426 1476 iide
1445 1416 1618 1504 W
1638 1437 1679 1492 *E

179 1515 291 1580 emerat,
310 1525 380 1565 uxor
397 1509 502 1564 amauit
518 1508 563 1563 uel
581 1521 661 1578 opem
680 1505 734 1562 iuri
750 1507 813 1562 tulit
829 1507 912 1576 idque
931 1506 996 1564 iecit
1008 1509 1120 1566 diuortii
1138 1525 1231 1580 eausa,
1249 1525 1339 1565 rernm
1352 1514 1505 1565 amotarum
1517 1497 1619 1566 indicio

179 1597 363 1656 damnabitur.
534 1661 538 1664 ,
1637 1617 1666 1658 aa

122 1689 159 1747 21
232 1689 353 1744 Pauuue
370 1685 440 1743 libro
457 1686 599 1757 trigesimo
617 1686 734 1757 septimo
753 1685 790 1742 ad
808 1679 952 1742 edictum.
973 1686 1003 1744 Si
1021 1687 1131 1757 mulier,
1154 1702 1217 1742 cnm
1240 1686 1276 1742 de
1299 1688 1351 1743 uiri
1369 1688 1428 1743 nita
1446 1683 1619 1771 Q
1649 1701 1670 1755 s

180 1777 366 1848 desperasset,
389 1775 527 1846 subreptis
545 1774 710 1846 qraibuedam
728 1773 812 1830 rebus
830 1775 1002 1846 diuortisset,
1025 1777 1049 1832 si
1071 1775 1241 1833 conualuerit
1263 1777 1319 1846 uir,
1343 1777 1418 1832 utilis
1435 1791 1526 1832 rerum
1544 1792 1618 1832 amo·

147 1870 160 1916 1
179 1872 269 1922 tarum
287 1867 359 1922 actio
377 1866 403 1921 ei
421 1865 514 1920 danda
531 1870 582 1920 est
619 1863 649 1920 Si
667 1879 765 1920 seruus
784 1866 908 1926 mulieris,
927 1866 1004 1921 iussu
1027 1863 1155 1921 dominae
1177 1865 1287 1921 diuortii
1311 1881 1396 1920 causa
1413 1880 1458 1920 res
1476 1865 1617 1936 amouerit,

178 1955 280 2012 Pedius
298 1959 378 2026 putat
394 1969 444 2010 nce
461 1952 564 2010 turtum
582 1969 646 2010 eum
669 1951 760 2010 facere
768 1957 785 2024 ¹,
808 1956 938 2025 quoniam
956 1954 1022 2010 nihil
1039 1954 1107 2009 lucri
1130 1954 1172 2010 sui
1190 1971 1275 2020 causa
1293 1959 1445 2011 contrectet
1463 1969 1515 2010 nec
1531 1953 1619 2010 uideri

178 2044 282 2102 inrtnm
299 2043 410 2101 facienti
428 2059 509 2114 opem
527 2042 612 2113 ferre,
634 2057 697 2099 oum
716 2044 813 2100 mulier
831 2043 935 2100 furtim
953 2060 1008 2100 non
1026 2042 1122 2114 iaciat,
1147 2044 1273 2113 quamuis
1291 2059 1388 2099 sernas
1406 2043 1434 2098 iu
1451 2040 1619 2098 facinoribus
1637 2059 1666 2100 ao
1703 2041 1709 2054 '

146 2138 161 2184 2
179 2135 290 2192 domino
308 2134 382 2190 dicto
401 2133 515 2188 audiens
533 2147 595 2188 esee
614 2148 668 2188 non
686 2131 817 2189 debeat¹:
842 2133 893 2189 aed
913 2149 1003 2189 rernm
1022 2138 1175 2189 amotarum
1194 2133 1266 2189 sotio
1284 2133 1343 2188 erit.
1380 2132 1420 2188 At
1438 2132 1461 2187 ei
1479 2132 1509 2188 iu
1526 2131 1618 2188 dotem

179 2240 276 2282 aeruna
294 2223 377 2278 datus
393 2221 496 2278 turtum
514 2221 574 2277 uiro
591 2219 695 2291 fecerit,
714 2222 738 2277 ei
756 2223 867 2293 quidem
886 2224 982 2278 mulier
999 2223 1082 2278 talem
1100 2237 1161 2278 esse
1180 2235 1242 2277 enm
1261 2222 1362 2292 scierit,
1381 2225 1469 2276 totum
1488 2220 1618 2276 damnum

179 2315 239 2371 uiro
257 2313 403 2370 sancietur:
427 2311 502 2383 qnod
519 2311 543 2366 si
560 2310 740 2381 ignorauerit,
765 2317 831 2368 tunc
854 2327 909 2367 non
927 2312 999 2367 ultra
1015 2311 1271 2368 condemnationem
1290 2325 1379 2366 noxae
1398 2310 1541 2366 multanda
1558 2310 1617 2365 erit.

116 2407 130 2452 e
146 2408 162 2454 ι
179 2403 280 2460 Rerum
298 2405 451 2458 amotarum
469 2399 542 2456 actio
560 2399 690 2456 murnum
708 2405 897 2471 repraesentat
910 2401 992 2466 etiam
1006 2401 1030 2456 ei
1042 2404 1139 2470 postea
1151 2400 1224 2456 dotis
1237 2400 1346 2456 exactio
1359 2403 1507 2470 competat.
1539 2397 1618 2454 Gom·

147 2497 161 2544 t
180 2491 255 2548 modi
272 2505 395 2561 quoque,
419 2490 443 2544 si
461 2488 536 2558 quod
559 2489 659 2546 amotis
676 2489 760 2545 rebus
778 2490 900 2548 amiserit
917 2490 972 2560 nir,
996 2490 1066 2546 ratio
1085 2489 1211 2546 habenda
1229 2493 1281 2544 est.
1316 2488 1393 2543 Haec
1410 2489 1483 2543 aetio
1500 2489 1565 2543 licet
1583 2503 1618 2544 ex
1637 2505 1666 2548 aa

179 2581 279 2636 deiiotc
297 2584 439 2649 nascatur,
458 2583 551 2633 tamen
569 2577 609 2633 rei
626 2579 843 2648 persecutionem
862 2579 984 2634 eontinet
1001 2583 1030 2634 et
1046 2577 1109 2634 ideo
1127 2593 1182 2634 non
1200 2592 1272 2633 anno
1289 2575 1395 2647 finitur,
1418 2577 1490 2632 sieut
1507 2581 1537 2632 et
1554 2593 1617 2634 oon·

146 2677 161 2723 s
180 2669 264 2725 dictio
281 2666 396 2724 furtiua:
414 2673 557 2738 praeterea
575 2673 604 2724 et
621 2666 768 2724 heredibus
782 2667 921 2738 competit.
957 2667 1015 2724 Neo
1026 2669 1086 2724 uiro
1098 2683 1149 2724 nec
1161 2667 1267 2724 mulieri
1278 2666 1392 2738 prodest
1402 2666 1431 2722 in
1442 2664 1617 2738 bociudicio‚

180 2759 204 2815 si
221 2757 312 2814 iacere
330 2773 385 2814 non
402 2762 531 2826 possunt:
550 2756 653 2828 pendet
670 2757 742 2812 enim
761 2756 790 2812 id
808 2771 843 2812 ex
860 2755 942 2814 furto.

122 2845 162 2903 22
232 2847 375 2904 Innataue
393 2845 462 2903 iibro
480 2861 552 2902 nono
571 2846 678 2902 decimo
696 2846 874 2916 digestorum.
902 2845 932 2902 Si
949 2851 1061 2916 propter
1078 2861 1123 2902 res
1141 2848 1247 2902 amctm
1265 2860 1347 2916 egero
1360 2860 1422 2900 cnm
1441 2840 1618 2930 [Q
1650 2859 1672 2914 s

179 2937 292 2994 muliere
316 2941 345 2992 et
362 2937 396 2992 lie
413 2937 559 2992 aestimata
576 2937 626 3006 ait,
651 2952 686 2992 an
704 2936 776 2992 actio
795 2936 820 2991 ei
838 2935 930 2990 danda
947 2937 997 3006 sit,
1018 2935 1043 2991 ei
1061 2935 1182 2991 amiserit
1200 2932 1421 3005 possessionem?
1454 2939 1547 2990 mouet
1565 2947 1617 3004 me,
1637 2955 1666 2995 eo

179 3027 244 3098 quia
263 3025 327 3082 dolo
344 3025 475 3095 adquisiit
491 3026 704 3094 possessionem.
737 3025 878 3096 respondi:
901 3026 948 3096 qui
964 3026 1020 3081 litis
1038 3025 1256 3080 aestimationem
1274 3025 1383 3092 suffert,
1408 3024 1538 3092 emptoria
1556 3024 1618 3080 ioco

179 3115 322 3173 habendus
344 3119 396 3171 est
427 3115 489 3170 ideo
514 3114 537 3169 si
560 3115 669 3184 mulier,
692 3130 755 3170 oum
779 3131 941 3184 quaterem
961 3119 1114 3170 amotarum
1133 3119 1223 3170 actum
1243 3117 1300 3182 cst,
1324 3113 1543 3168 aestimationem
1562 3113 1617 3170 litis

179 3204 359 3275 praestiterit,
379 3203 513 3259 aduersum
531 3203 715 3260 uindicantem
734 3206 861 3260 maritum
880 3205 925 3261 uel
942 3204 1071 3260 heredem
1089 3203 1180 3259 mariti
1198 3203 1386 3272 exceptionem
1406 3203 1416 3274 ΙΙ
1436 3201 1520 3258 babet
1539 3208 1575 3272 et,
1594 3203 1618 3258 si
1635 3213 1652 3260 t.
1662 3209 1716 3261 ιιι

148 3300 161 3345 1
181 3295 303 3350 amiserit
324 3293 540 3363 possessionem,
564 3293 592 3347 in
616 3308 673 3348 rem
697 3294 769 3349 actio
793 3294 819 3349 ei
837 3293 929 3350 danda
946 3299 997 3350 eat.
1034 3292 1063 3349 Si
1081 3292 1178 3348 mulier
1196 3293 1291 3348 mortis
1310 3307 1395 3348 causa
1412 3306 1457 3346 res
1475 3291 1617 3362 amouerit

181 3383 280 3438 deiude
302 3387 426 3438 mortuum
448 3386 523 3438 esset
546 3382 675 3454 maritus,
698 3381 856 3438 hereditatis
880 3384 1011 3454 petitione
1033 3383 1079 3438 nei
1102 3381 1211 3438 actione
1232 3381 1268 3437 ad
1285 3380 1469 3437 exhibendum
1487 3381 1618 3452 consequi
1636 3397 1665 3438 aa

180 3472 281 3542 poterit
298 3471 377 3526 heres
395 3469 424 3525 id
441 3469 515 3541 quod
533 3476 655 3527 amotum
674 3475 725 3528 est.

124 3556 164 3616 23
234 3547 405 3616 Ararcauue
427 3559 496 3616 libro
518 3564 617 3616 octauo
640 3561 840 3630 quaestionum.
877 3561 1074 3631 Redintegrato
1092 3558 1265 3615 matrimonio
1283 3560 1308 3615 si
1324 3559 1424 3616 iterum
1442 3553 1617 3642 [tinem—aia
1650 3570 1671 3625 s

181 3648 328 3705 diuortium
345 3647 448 3704 iactum
466 3649 529 3720 erit,
548 3649 585 3706 ob
602 3665 647 3706 res
664 3655 771 3706 amotas
789 3649 887 3720 prioris
904 3649 1015 3706 diuortii
1033 3663 1130 3720 causa,
1148 3648 1215 3704 item
1233 3647 1269 3704 ob
1287 3649 1425 3720 impensas
1443 3648 1617 3705 donationes·

180 3753 235 3808 que
252 3738 342 3808 priore
360 3737 533 3794 matrimonio
550 3736 638 3795 iactae
656 3754 773 3795 manere.
784 3739 918 3795 actionem
936 3739 1112 3794 existimauit.

124 3825 163 3884 24
233 3827 384 3883 Unerauua
401 3825 470 3882 libro
489 3827 584 3896 quinto
601 3829 766 3898 regularum.
795 3826 836 3884 Ob
850 3843 895 3884 rea
907 3831 1014 3884 amotas
1026 3829 1070 3884 uei
1082 3828 1207 3899 propriae
1218 3827 1270 3883 uiri
1282 3803 1422 3882 ueletiam
1441 3821 1617 3910 Q
1650 3839 1672 3894 s

179 3926 206 3980 F
209 3925 260 3996 (D,
278 3933 305 3980 in
323 3943 373 3998 queo
391 3925 480 3979 desecat
496 3945 521 3979 u.
534 3925 639 3991 2-26,
657 3927 759 3996 EITO)

182 4072 190 4105 ¹
210 4088 308 4125 commu
326 4067 452 4136 quamuis
533 4043 634 4134 debeat
652 4078 699 4124 tna.
714 4075 775 4141 poet
791 4065 882 4124 iacere

181 4203 197 4257 1
216 4202 370 4257 actionem*
382 4201 419 4254 F*
440 4201 445 4268 1
466 4197 532 4255 furti
555 4200 674 4270 diuortii]
693 4211 731 4256 aio
747 4201 872 4256 Ant.Fa-
925 4221 957 4257 ne
978 4201 1078 4256 etimde
1101 4202 1137 4255 ud
1159 4199 1208 4256 BS
1230 4199 1296 4271 (ττι.)
1319 4209 1356 4256 sic
1374 4201 1437 4256 baec
1459 4200 1617 4255 reddentem:

181 4275 225 4328 ber
242 4293 299 4328 cnm
319 4271 444 4340 Graecia:
467 4269 555 4327 'euertit
576 4273 590 4325 ἡ
610 4273 702 4344 ooiprr
721 4273 826 4344 ipadzcr
846 4281 873 4327 in
926 4272 1014 4343 ‹iserep
1039 4273 1077 4326 aei
1098 4271 1113 4326 ὁ
1131 4272 1273 4343 ooiprsssoc
1292 4273 1462 4326 κοτιιικτίκιοε
1479 4271 1535 4341 περὶ
1555 4271 1616 4334 τογ’-

172 4342 524 4428 fineprincipiiBS(nit.),
548 4345 714 4415 deindc§1.·
737 4343 871 4406 uiudaoa
926 4364 981 4398 rma
1007 4344 1109 4398 κιιιεῐτιι
1165 4343 1331 4398 diudicium
1349 4341 1616 4411 F11'amoueri'te-

181 4415 229 4471 bea
246 4415 387 4486 γφιιρεῖτιι
409 4414 423 4467 ἡ
444 4415 506 4480 rusi
523 4415 612 4484 εκὸττῳ
625 4415 772 4486 percutior,
792 4416 873 4479 τιῨτι
925 4415 1035 4472 uehitur
1061 4413 1097 4468 F*
1174 4415 1191 4470 8
1217 4430 1330 4485 agerere
1356 4414 1569 4484 permittendum
1597 4414 1631 4482 F·

181 4487 254 4542 bosci
262 4487 360 4558 anetpu
371 4502 455 4541 cauea
463 4484 595 4541 innatatis
606 4485 733 4558 BS(nt.),
743 4489 872 4552 ιιιιγτίογ
927 4488 960 4542 11
979 4503 1025 4541 ux.
1038 4500 1128 4541 rerum
1141 4491 1293 4541 amotarum
1304 4485 1407 4542 'rerum'
1417 4487 1454 4540 F'
1503 4487 1537 4541 16
1554 4501 1616 4541 cum

181 4559 247 4629 ciria
265 4558 373 4622 tirones
393 4557 560 4628 ioarpccs'saas
580 4559 741 4628 Eirinon),
764 4559 874 4618 diuortii
926 4559 971 4614 die
996 4557 1057 4612 uiti
1083 4558 1110 4611 F
1131 4559 1181 4623 (eu
1206 4559 1266 4612 edd.
1289 4578 1324 4611 m.
1348 4559 1377 4622 1,
1407 4557 1417 4611 i
1441 4558 1501 4612 add.
1525 4577 1558 4610 m.
1582 4558 1617 4624 2)

181 4629 291 4684 diuortii
310 4631 352 4694 Ρ,
371 4629 482 4684 diuortii
501 4633 592 4695 (altem
609 4631 699 4697 deleto)
716 4629 875 4686 F‘DEITO
927 4632 959 4685 17
973 4628 1166 4697 desperasset
1174 4627 1210 4682 F*
1226 4631 1231 4696 1
1247 4627 1338 4684 rebus
1351 4626 1572 4683 diuortiss‘im'et
1579 4628 1617 4681 F‘

182 4701 303 4770 2,(τιιιιι4
316 4702 353 4754 F’
368 4702 373 4768 Ι
389 4701 502 4770 amnuit]
522 4702 613 4756 aeouit
626 4703 661 4754 F¹
706 4701 872 4757 diudicium
927 4703 960 4756 19
979 4701 1068 4770 petius
1081 4701 1117 4753 F¹
1134 4703 1139 4768 1
1154 4715 1206 4756 nec
1223 4700 1296 4769 furt]
1314 4700 1423 4764 EI‘TO,
1440 4715 1475 4754 nc
1492 4697 1555 4755 furt
1569 4700 1617 4754 FP

182 4767 297 4826 'dicium'
310 4772 347 4826 F*
400 4773 503 4828 baetti
522 4771 638 4842 condioi]
663 4773 701 4828 asi
721 4772 737 4826 ὁ
755 4773 873 4844 oaaepbc
926 4774 961 4828 20
974 4772 1138 4828 seruusffl
1183 4774 1218 4828 26
1236 4769 1389 4828 anno‘n‘F2
1433 4771 1468 4826 30
1482 4769 1616 4828 danda'm'

181 4840 348 4897 ὶττιιτιιτικὸο
365 4843 444 4909 λότοι
462 4845 565 4898 suscitar
585 4845 613 4898 B
630 4845 754 4913 (Aucta),
778 4845 823 4898 abi
846 4853 873 4898 ιη
925 4843 963 4897 F‘
984 4845 988 4909 Ι
1009 4857 1053 4898 me
1082 4862 1130 4896 om.
1147 4843 1196 4898 1⁷:
1226 4843 1343 4914 rapis-rer
1367 4840 1397 4895 ae
1420 4862 1452 4898 ue
1479 4843 1528 4897 Ba
1550 4842 1603 4912 (ττι.

180 4913 277 4968 cabalio
290 4914 409 4969 additur:
425 4913 476 4970 iao
488 4917 571 4972 nicae
584 4915 665 4970 airiac
678 4915 694 4970 ὁ
706 4915 798 4985 κὲρτοε
810 4934 872 4970 aea·
925 4915 961 4971 35
975 4915 1059 4986 esset]
1070 4912 1112 4980 F‘,
1126 4915 1311 4970 esturmiio
1324 4917 1329 4983 l
1344 4913 1504 4985 petitionem
1516 4915 1542 4968 F
1542 4915 1582 4969 'E

181 4985 304 5040 trariaroo
321 4983 426 5056 ipadzes
445 4989 488 5059 (cf
505 4987 548 5053 28,
566 4988 609 5053 11,
624 4987 659 5042 25
676 4987 775 5056 cebet),
793 5005 873 5059 quare
