3684 5370
213 186 416 234 summanus
883 157 969 238 663
1364 166 1468 234 XXIll
1489 171 1509 235 2
1529 175 1646 230 43-45

213 325 257 394 eit,
276 325 405 380 damnata
419 327 510 378 autem
523 337 577 378 non
590 324 633 392 sit,
656 326 764 379 'nomia
781 323 852 378 erit?
882 337 933 392 ego
952 327 1027 393 puto,
1046 324 1098 378 etsi
1116 322 1241 379 absoluta
1260 326 1295 380 sit
1313 329 1377 395 post
1395 324 1645 397 deprehensionem,

213 413 303 470 adhuc
320 418 414 469 amen
431 419 524 468 notam
542 413 580 466 illi
598 411 697 466 obesse
714 411 822 483 dehere,
841 413 907 484 quia
925 428 1019 467 uerum
1038 419 1081 468 est
1098 429 1158 469 earn
1172 415 1200 468 in
1212 414 1345 470 adulterio
1358 415 1564 486 deprehensam,
1583 415 1647 484 quia

166 515 195 560 13
213 502 316 558 sactum
335 504 393 572 lex,
416 518 472 557 non
490 501 651 556 sententiam
672 502 682 572 ΙΙ
702 503 846 557 nomuerit.
883 502 943 558 Non
962 501 1078 556 adicitur
1095 501 1139 557 hic
1157 504 1234 558 utin
1251 504 1313 573 lege
1331 504 1400 558 Iulia
1418 503 1453 558 de
1471 503 1611 558 adulteriis
1629 520 1647 560 a
1664 515 1681 562 l.
1692 509 1744 561 stt'

214 608 268 662 quo
292 592 336 646 uel
357 590 404 646 ubi
422 589 631 659 deprehensam:
655 591 769 661 proinde
787 592 846 646 siue
865 592 978 646 mantus
997 591 1056 646 siue
1074 592 1135 660 quis
1154 592 1223 646 alius
1241 592 1453 662 deprehendisse
1471 597 1645 662 proponatur,

213 681 323 736 uidetur
339 685 448 736 nomia:
468 679 518 734 sed
536 684 564 733 et
582 680 605 734 si
624 695 678 734 nou
696 680 724 735 in
743 679 825 736 domo
843 681 933 735 mariti
950 681 995 735 uel
1012 679 1098 750 petris
1117 680 1160 735 eui
1178 676 1350 750 deprehensa
1366 682 1410 752 sit,
1429 681 1480 736 erit
1497 685 1593 736 notata
1604 695 1646 736 se·
1665 696 1678 738 a
1728 697 1734 714 ·

214 769 333 824 cundum
351 768 438 824 uerba
454 768 532 837 legis.
1255 832 1256 835 Ἴ

157 860 196 917 44
267 860 386 914 Psunus
403 857 473 912 libro
491 857 578 926 primo
597 857 633 911 ad
651 857 740 926 legem
758 857 855 912 Iuliam
874 861 902 911 et
921 857 1041 926 Papiam.
1079 859 1153 927 Lege
1172 858 1241 913 Iulia
1258 858 1297 913 ita
1315 863 1441 918 cauetur:
1461 857 1519 925 'Qui
1538 861 1693 916 senatorii

215 947 265 1002 'est
288 947 370 1016 quiue
387 944 459 1000 filius
477 960 599 1014 neposne
617 960 652 1000 ex
674 944 729 1000 filio
752 960 923 1016 proneposue
947 947 998 1000 ex'
1016 945 1071 1001 filio
1094 952 1159 1001 nato
1178 947 1256 1001 cuius
1275 962 1367 1001 eorum
1386 953 1429 1002 est
1447 948 1510 1017 erit,
1534 963 1569 1002 ne
1587 948 1647 1017 quis

215 1035 316 1092 ‘eorum
336 1050 466 1104 sponsam
483 1049 632 1090 uxoremue
650 1035 740 1089 sciens
759 1034 822 1089 dolo
840 1036 911 1090 malo
929 1033 1030 1090 habeto
1047 1035 1200 1092 libertinam
1220 1040 1268 1090 aut
1286 1051 1355 1105 eam,
1374 1051 1444 1105 quae
1462 1037 1523 1106 ipsa
1534 1037 1647 1091 cuiusce

215 1125 300 1196 'pater
318 1129 441 1178 materne
459 1128 545 1178 artem
563 1123 695 1178 ludicram
713 1122 779 1178 facit
791 1121 894 1179 iecerit.
923 1139 992 1178 neue
1005 1126 1138 1180 senatoris
1150 1124 1207 1180 filia
1220 1125 1345 1196 neptisue
1358 1141 1392 1179 ex
1405 1124 1460 1180 filio
1472 1126 1648 1196 proneptisue
1669 1141 1696 1181 ro

215 1214 257 1269 'ex
280 1219 380 1284 nepote
402 1211 457 1268 filio
481 1217 546 1267 nato
564 1213 644 1266 nata³
662 1211 788 1268 hhertino
806 1214 878 1282 eine,
903 1213 951 1282 qui
968 1214 1027 1283 ipse
1045 1215 1158 1268 cuiusne
1176 1219 1255 1284 pater
1272 1218 1394 1268 materne
1413 1219 1498 1268 artem
1517 1214 1648 1268 ludicram

215 1302 288 1358 'iacit
311 1301 419 1371 fecerit,
444 1316 546 1372 sponsa
570 1306 690 1370 nuptauc
716 1302 805 1358 sciens
829 1301 891 1356 dolo
914 1302 986 1356 malo
1011 1307 1071 1357 esto
1094 1317 1164 1357 neue
1187 1303 1248 1372 quis
1274 1317 1367 1371 eorum
1389 1303 1452 1357 dolo
1470 1303 1542 1357 malo
1560 1303 1649 1357 sciens

183 1405 196 1449 1
216 1393 351 1462 'sponsam
370 1405 518 1446 uxoremue
537 1405 598 1444 eam
617 1388 733 1444 habeto’.
763 1390 823 1444 Hoc
841 1391 931 1460 capite
949 1389 1108 1460 prohibetur
1126 1397 1236 1447 senator
1253 1390 1407 1446 libertinam
1426 1391 1525 1446 ducere
1544 1406 1648 1461 eamne,

183 1494 197 1538 a
215 1483 294 1537 cuius
316 1485 395 1550 pater
419 1485 542 1534 materne
560 1483 647 1533 artem
664 1479 796 1534 ludicram
814 1478 923 1534 fecerit:
946 1481 1012 1534 item
1030 1479 1172 1535 hbertinus
1190 1481 1324 1536 senatoris
1341 1479 1424 1534 filiam
1443 1480 1551 1535 ducere.
1588 1480 1650 1535 Non

183 1583 197 1626 e
216 1570 296 1626 obest
314 1583 396 1624 anum
415 1574 444 1622 et
461 1568 550 1622 auiam
570 1571 657 1622 artem
675 1568 806 1622 ludicram
824 1567 932 1624 fecisse.
969 1569 1026 1624 Nec
1044 1569 1233 1639 distinguitur,
1252 1569 1375 1640 poterin
1394 1574 1530 1638 potestate
1549 1569 1650 1624 habeat
1670 1581 1697 1622 rs

215 1658 298 1714 filiam
317 1673 368 1712 nec
386 1673 434 1712 ne:
457 1661 550 1712 tamen
568 1657 669 1711 iustum
687 1661 793 1726 patrem
812 1657 1024 1726 intellegendum
1043 1657 1199 1713 Octauenus
1217 1659 1270 1728 ait,
1291 1664 1406 1712 matrem
1425 1659 1507 1713 etiam
1526 1659 1549 1712 ei
1568 1659 1650 1727 uolgo

152 1759 198 1806 tt
217 1748 380 1816 conceperit.
413 1746 482 1800 Item
501 1745 566 1800 nihil
584 1744 675 1814 refert,
693 1747 826 1801 naturahs
844 1747 881 1801 sit
898 1749 977 1816 pater
995 1763 1029 1800 an
1048 1746 1203 1816 adoptiuus.
1234 1747 1279 1802 An
1298 1753 1326 1802 et
1344 1748 1367 1802 is
1385 1753 1491 1817 noceat,
1510 1747 1556 1816 qui
1575 1752 1649 1801 ante-

216 1853 298 1906 quam
317 1836 461 1905 adoptaret
479 1845 564 1890 artem
582 1835 714 1889 ludicram
732 1833 847 1889 iecerit?
874 1839 956 1905 atque
975 1835 999 1890 si
1017 1836 1149 1890 naturalis
1167 1841 1244 1906 pater
1263 1839 1409 1906 antequam
1425 1835 1481 1890 iilia
1492 1839 1651 1890 nasceretur

216 1924 331 1982 lecerit?
358 1930 387 1979 et
405 1925 428 1978 ei
446 1923 527 1978 huius
545 1929 626 1980 neme
644 1923 726 1978 homo
745 1924 926 1994 adoptauerit,
945 1923 1045 1980 deinde
1058 1925 1278 1995 emancipaucrit,
1298 1942 1332 1978 an
1344 1940 1399 1979 non
1411 1925 1498 1994 possit
1510 1924 1592 1979 duci?
1618 1940 1651 1979 ac

135 2005 145 2032 ⁴
216 2015 240 2070 si
257 2015 320 2070 talis
337 2019 416 2084 pater
433 2013 565 2068 naturalis
583 2013 768 2068 decessisset?
795 2013 845 2068 sed
863 2013 897 2068 de
915 2011 967 2068 hcc
985 2029 1052 2068 casn
1066 2015 1228 2069 contradam
1241 2015 1309 2083 legis
1322 2015 1486 2069 sententiam
1499 2029 1560 2068 esse
1572 2014 1650 2084 Pom·
1671 2029 1698 2070 ao

184 2115 197 2161 e
215 2105 315 2174 penius
332 2108 407 2156 recte
425 2107 517 2172 putat,
535 2106 568 2156 ut
585 2103 625 2156 eis
643 2117 698 2158 non
716 2103 970 2156 connumerentur⁴.
1007 2101 1037 2157 Si
1054 2107 1152 2172 postea
1168 2103 1304 2172 ingenuae
1322 2104 1415 2158 uxoris
1433 2109 1510 2173 pater
1527 2106 1651 2158 materne

216 2199 302 2250 amem
326 2191 458 2246 ludicram
476 2189 566 2246 lacere
585 2192 717 2261 coeperit,
743 2191 941 2260 iniquissimum
960 2197 1004 2245 est
1021 2191 1158 2247 dimittere
1175 2207 1235 2246 eam
1255 2191 1368 2262 debere,
1393 2207 1455 2246 cum
1473 2193 1585 2262 nuptiae
1604 2191 1650 2246 ho-

184 2293 198 2342 7
216 2287 294 2337 nesto
317 2285 474 2336 contractae
497 2281 553 2334 sint
575 2285 605 2334 et
625 2278 742 2335 fortasse
765 2281 819 2334 iam
843 2279 920 2334 liberi
941 2281 1077 2350 procreati
1094 2281 1157 2336 sint.
1194 2281 1277 2336 Plane
1295 2281 1319 2335 si
1336 2281 1397 2350 ipsa
1415 2285 1501 2336 artem
1519 2279 1650 2334 ludicram

185 2384 198 2429 s
217 2371 308 2426 lacere
326 2370 454 2440 coeperit,
473 2369 568 2438 utique
586 2369 749 2424 dimittenda
766 2370 825 2424 erit.
854 2369 919 2440 Eas,
938 2385 1006 2439 quas
1018 2369 1131 2439 ingenui
1144 2370 1226 2426 ceteri
1238 2368 1415 2440 prohibentur
1428 2369 1476 2424 du·
1494 2362 1651 2452 Q

218 2475 279 2516 cere
296 2474 405 2527 uxores,
423 2461 564 2513 senatores
583 2473 637 2512 non
655 2457 765 2512 ducent.
1670 2475 1699 2516 η

159 2551 199 2609 45
271 2547 421 2603 [immune
443 2546 513 2602 libro
530 2547 614 2601 tertio
633 2546 669 2600 ad
686 2547 775 2616 legem
793 2547 889 2600 Iuliam
908 2550 936 2601 ct
953 2546 1075 2616 Papiam.
1111 2547 1144 2603 In
1162 2563 1195 2603 eo
1214 2548 1279 2617 iure,
1299 2541 1650 2631 Qec}
1668 2558 1696 2612 Ε

136 2693 139 2700 ,
217 2636 291 2707 qnod
310 2635 376 2691 dicit
393 2636 479 2690 inuito
497 2641 612 2705 patrono
631 2635 762 2705 libertam,
781 2650 852 2704 quae
871 2635 896 2689 ei
915 2639 1000 2706 nupta
1018 2641 1068 2706 cst,
1087 2637 1133 2692 alii
1150 2635 1253 2692 nubere
1266 2653 1320 2691 non
1340 2651 1431 2707 posse,
1449 2641 1593 2706 patronum
1606 2653 1650 2691 ac·

217 2725 334 2796 cipimus
353 2727 395 2791 (ut
411 2725 544 2794 rescripto
562 2725 734 2794 imperatoris
751 2725 837 2778 nostri
856 2729 884 2778 et
902 2724 958 2779 diui
976 2725 1061 2794 patris
1080 2726 1139 2780 eius
1157 2727 1321 2792 continetur)
1341 2731 1369 2779 et
1386 2740 1448 2779 eum
1467 2725 1513 2794 qui
1525 2725 1649 2794 haclege

184 2825 197 2870 1
217 2816 284 2870 emit
290 2856 297 2884 ,
315 2818 347 2868 ut
365 2814 547 2884 manumittat,
566 2814 631 2882 quia
648 2813 815 2868 manumissa
833 2811 930 2867 liberta
948 2815 1078 2882 emptoris
1096 2813 1219 2870 habetur.
1257 2813 1309 2880 Qui
1327 2817 1418 2869 antem
1436 2815 1537 2868 iurauit
1554 2829 1584 2868 se
1602 2831 1649 2884 pa·

183 2917 198 2960 a
217 2909 338 2973 honum,
357 2903 409 2958 hoc
427 2902 500 2956 idem
518 2918 573 2956 non
590 2901 710 2957 habehit.
745 2901 786 2957 Ne
804 2901 828 2956 is
847 2903 974 2971 quidem⁵
994 2903 1076 2958 debet
1094 2903 1208 2973 habere,
1227 2905 1274 2974 qui
1292 2918 1347 2958 non
1366 2904 1423 2958 suis
1441 2904 1559 2958 nummis
1577 2919 1649 2958 com·
1669 2918 1697 2959 so

184 3005 198 3050 s
216 2994 333 3063 parauit
361 2993 445 3046 Plane
463 2993 487 3046 si
504 2990 575 3046 lilius
593 2989 710 3045 familiae
729 2991 806 3045 miles
824 3007 885 3046 esae
903 2996 1079 3063 proponatur,
1097 3008 1152 3048 non
1170 2992 1334 3061 dubitamus,
1354 2991 1378 3047 si
1392 2994 1539 3047 castrensis
1551 2993 1650 3064 peculii

217 3083 342 3138 ancillam
361 3081 556 3150 manumiserit,
574 3083 729 3150 competere
747 3080 772 3134 ei
791 3079 842 3134 hoc
860 3081 916 3135 ius:
935 3085 979 3135 est
990 3082 1061 3136 enim
1074 3086 1205 3151 patronus
1217 3081 1366 3136 secundum
1379 3082 1586 3136 constitutiones
1599 3097 1650 3138 neo

183 3183 199 3228 4
216 3173 288 3242 patri
306 3172 365 3225 eius
382 3170 435 3225 hoc
453 3170 495 3224 ins
514 3170 652 3239 competit.
686 3169 746 3224 Hoc
764 3175 846 3239 caput
864 3169 900 3223 ad
918 3175 1031 3240 nuptam
1050 3174 1156 3226 tantum
1175 3169 1298 3224 libertam
1316 3171 1448 3240 pertinet,
1467 3169 1502 3224 ad
1520 3186 1649 3240 sponsam

217 3278 272 3316 non
290 3261 420 3329 pertinet:
439 3263 468 3312 et
486 3258 548 3312 idco
566 3258 653 3312 inuito
670 3263 785 3327 patrorm
803 3258 928 3313 nuntium
946 3275 1048 3328 sponsa
1065 3259 1162 3314 liberta
1180 3259 1203 3313 si
1220 3259 1332 3328 miserit,
1351 3275 1412 3314 cum
1432 3260 1484 3314 alio
1503 3259 1649 3314 conubium

184 3360 198 3408 e
218 3348 309 3404 habet.
342 3347 448 3402 Deinde
466 3348 505 3402 ait
521 3348 566 3401 lex
584 3346 677 3401 ‘inuito
695 3345 832 3416 patrono':
856 3347 971 3402 inuitum
989 3348 1113 3418 accipere
1132 3347 1264 3402 debemus
1282 3363 1357 3416 eum,
1376 3348 1424 3417 qui
1440 3363 1495 3402 non
1513 3349 1650 3403 consentit
1668 3365 1696 3406 aa

218 3437 253 3492 ad
277 3437 439 3491 diuortium:
462 3435 564 3491 idcirco
585 3451 637 3490 nec
655 3451 672 3489 a
690 3433 792 3492 furioso
811 3436 971 3492 diuertendo
989 3437 1071 3492 soluit
1089 3451 1119 3491 se
1137 3436 1217 3490 huius
1235 3436 1304 3506 legis
1321 3436 1485 3492 necessitate
1503 3451 1554 3490 nec
1572 3437 1595 3491 ei
1614 3437 1648 3494 ab

184 3541 198 3586 e
218 3528 361 3597 ignorante
379 3525 534 3579 diuorterit:
553 3526 654 3580 rectius
672 3527 744 3580 enim
763 3525 806 3580 hic
824 3526 929 3580 inuitus
947 3526 1046 3580 dicitur
1063 3541 1144 3596 quam
1163 3526 1209 3594 qui
1227 3525 1363 3580 dissensit
1392 3523 1421 3580 Si
1439 3525 1474 3580 ab
1493 3523 1648 3610 [affl

217 3614 342 3672 hostibus
360 3619 492 3684 patronus
511 3618 608 3684 captus
626 3629 688 3669 esse
705 3619 881 3684 proponatur,
899 3629 996 3669 uereor
1014 3630 1048 3669 ne
1066 3615 1154 3684 possit
1170 3615 1224 3668 ista
1242 3613 1388 3668 conubium
1400 3613 1500 3670 habere
1512 3616 1648 3687 nubendo,

218 3703 447 3776 quemadmodum
465 3701 586 3772 haberet,
606 3703 629 3757 ei
647 3707 770 3758 mortuus
788 3707 871 3758 esset.
899 3706 945 3758 et⁶
962 3704 1009 3773 qui
1026 3703 1124 3760 Iuliani
1142 3703 1302 3758 sententiam
1318 3703 1443 3774 probant,
1461 3703 1583 3760 dicerent
1594 3719 1649 3760 non
1667 3721 1695 3763 ss

216 3819 406 3892 erfrido]

218 4001 282 4053 ¹an
301 4007 348 4052 ins.
411 3997 540 4068 'nepote
559 4004 606 4051 ins.
624 3995 841 4066 (Brencmcsnus)
904 3997 999 4052 ⁸nata
1017 3997 1064 4052 del.
1126 3998 1365 4052 ‘connumeretur
1384 3997 1486 4064 (dell.)?
1546 3997 1646 4052 ‘idem

217 4079 265 4125 ias.
285 4069 438 4136 (liutherus)
510 4067 577 4137 ⁶et]
595 4067 663 4122 sed?

533 4177 643 4185 m

218 4237 312 4304 letsi]
326 4233 566 4299 utsiP⁰l2siP⁸
602 4233 798 4289 3utii11PLU
830 4235 906 4290 4dc·
959 4235 1020 4304 hac]
1046 4236 1115 4300 aV,
1140 4245 1186 4292 inc.
1206 4237 1246 4290 Ρ*
1305 4237 1340 4290 30
1366 4236 1484 4306 quidem]
1511 4236 1584 4306 quod
1610 4236 1647 4291 Ρ·

216 4307 352 4378 prehensa
373 4307 421 4360 PL
443 4309 447 4372 Ι
468 4305 570 4360 ali‘o'us
593 4304 629 4358 Εὖ
654 4307 658 4372 1
684 4305 906 4377 deprehendisse]
960 4309 995 4362 32
1013 4307 1064 4376 ius]
1090 4307 1170 4362 huius
1188 4307 1228 4360 P⁰
1247 4309 1251 4373 Ι
1271 4311 1415 4376 patronum
1434 4309 1469 4362 F
1489 4311 1493 4376 Ι
1515 4307 1646 4363 constitu·

217 4379 414 4449 deprehensam
440 4377 549 4432 dedisse
568 4377 648 4431 ΡΨ
700 4379 906 4448 tproneposue
960 4380 1061 4434 tionem
1081 4380 1108 4432 P
1150 4379 1185 4432 33
1203 4379 1317 4446 tantum]
1337 4384 1428 4432 tamen
1448 4381 1487 4432 P⁰
1531 4381 1645 4434 34nun

217 4465 252 4506 ex
270 4449 324 4505 filio
337 4469 385 4504 om.
401 4449 487 4516 var
503 4448 577 4516 neto]
596 4451 676 4502 natos
689 4447 752 4503 P‘s
759 4449 807 4518 U‘l,
825 4455 906 4505 natus
960 4451 1019 4504 cius
1032 4451 1119 4514 P·V]
1135 4451 1157 4504 si
1171 4450 1282 4518 miserit]
1297 4451 1419 4504 similiter
1431 4449 1503 4504 P¹¹V
1544 4451 1579 4505 35
1597 4451 1643 4522 ait]

216 4523 289 4576 P¹³V
357 4523 373 4576 9
401 4535 472 4588 quae
498 4519 566 4589 ipsa]
595 4519 726 4586 ciuesque
753 4521 812 4589 ipse
840 4522 911 4574 P⁰V
960 4527 1008 4576 aut
1026 4522 1065 4574 P·
1085 4523 1089 4589 Ι
1110 4522 1253 4590 consentit]
1278 4522 1322 4585 F¹,
1346 4521 1484 4576 consensit
1506 4522 1650 4577 F²PVLU

219 4594 253 4648 10
262 4591 325 4664 tilia]
335 4593 418 4649 liliam
427 4593 466 4645 P⁶
497 4589 712 4646 ilnat'a'onata
721 4591 757 4644 F*
787 4594 820 4646 12
830 4590 904 4661 facit]
959 4595 994 4647 36
1013 4591 1057 4660 ad]
1077 4609 1093 4646 a
1111 4593 1154 4658 P]
1175 4591 1321 4646 diuidendo
1339 4593 1431 4657 P·V]
1452 4593 1490 4662 se]
1513 4593 1562 4648 sed
1580 4594 1643 4664 P·]

219 4663 283 4720 fecit
292 4665 345 4722 PU
378 4665 411 4719 15
424 4661 617 4731 distinguitur
627 4663 652 4714 F
653 4661 663 4694 ⁶
694 4663 726 4716 17
738 4663 855 4732 solante
865 4663 906 4716 P¹¹
959 4665 991 4733 si]
1011 4663 1062 4717 eibi
1075 4664 1114 4716 P⁰
1157 4665 1191 4718 37
1204 4663 1346 4718 diuorterit
1361 4663 1506 4732 om.P¹¹V]
1522 4665 1645 4720 e'rit'nim

219 4737 252 4792 19
271 4738 315 4808 an]
330 4742 393 4793 ante
406 4735 445 4790 P·
490 4736 523 4790 21
537 4732 754 4802 ing‘u'ennaeF⁶
798 4735 833 4790 22
846 4750 905 4790 coe-
959 4735 1016 4800 F‘]
1036 4733 1088 4801 hic]
1107 4735 1158 4790 hoo
1176 4735 1215 4788 P·
1235 4737 1239 4803 Ι
1260 4737 1321 4804 quie
1340 4735 1469 4790 dissensit
1486 4736 1561 4802 ΡΨ,
1579 4735 1645 4806 quid

237 4809 296 4881 erit]
326 4808 431 4880 ceperit
458 4807 552 4875 utique
579 4804 741 4860 dimittenda
767 4806 818 4860 erit
840 4807 903 4874 1³⁶]
958 4805 986 4860 id
1010 4806 1141 4860 sensitL
1200 4807 1234 4861 38
1257 4821 1292 4862 ne
1314 4807 1402 4876 possit
1424 4807 1478 4862 ista
1499 4809 1644 4864 conubium

217 4825 348 4939 honestae
366 4881 393 4936 F
432 4879 466 4935 23
484 4877 554 4934 forte
574 4877 600 4930 Ρ
646 4877 680 4932 24
698 4875 851 4931 dimittendi
868 4879 905 4930 F¹
959 4875 1059 4931 habere
1082 4876 1209 4933 nubendo
1232 4897 1280 4931 om.
1294 4878 1416 4933 P0Vhd
1464 4879 1498 4934 33
1516 4881 1599 4951 esset]
1617 4885 1646 4935 et

217 4953 251 5010 26
269 4951 478 5028 tertioliiiiPV
527 4949 562 5004 28
575 4947 696 5013 diuites
714 4947 799 5003 diuini
815 4949 904 5019 FV]
959 4952 1033 5003 esset
1050 4949 1097 5014 P⁶,
1115 4964 1176 5004 esee
1194 4949 1263 5004 etL
