3674 5362
324 212 384 282 XII
404 216 424 282 2
445 139 543 277 8-1-11
993 207 1080 290 366
1707 232 1751 279 na

287 368 307 430 8
377 371 496 427 Pennus
513 369 582 426 libro
599 375 698 426 οιιιιο
716 370 822 426 decimo
840 370 876 426 ad
893 371 1021 427 edictum.
1049 370 1157 426 etiamsi
1174 370 1203 426 in
1221 385 1279 426 rem
1297 369 1486 425 successerint
1630 371 1771 428 aeaut.

288 460 308 520 9
377 458 529 515 omnam
545 458 614 516 libro
631 459 781 514 uicensimo
798 458 919 515 secundo
937 459 973 514 ad
985 459 1114 515 edictum.
1141 457 1211 514 llam
1223 463 1401 529 posteaquam
1412 459 1532 513 iuratum
1544 462 1596 527 est,
1616 452 1753 541 Q
1769 504 1771 511 ,

326 547 478 618 denegatur
495 548 579 604 actio:
600 552 660 619 aut,
682 548 706 604 si
724 548 910 604 controuersia
927 549 993 620 erit,
1011 549 1040 604 id
1057 554 1101 605 est
1118 549 1142 603 si
1160 547 1319 618 ambigitur,
1338 564 1373 603 an
1389 547 1578 602 iusiurandum
1597 546 1693 602 datum
1710 547 1753 616 sit,

292 648 306 694 1
326 636 480 706 exceptioni
502 637 579 693 locus
597 643 648 693 est.
679 636 856 693 iureiurando
874 637 939 693 dato
956 638 1002 692 uel
1018 638 1133 693 remisso
1150 653 1214 692 reus
1231 636 1341 707 quidem
1359 635 1478 706 adquirit
1495 637 1685 706 exceptionem
1704 635 1755 691 eibi

326 726 452 796 aliisquo,
476 730 553 781 actor
569 741 636 782 nero
654 727 788 781 actionem
807 725 938 796 adquirit,
959 727 987 781 in
1005 741 1061 796 qua
1077 726 1129 782 hoc
1147 727 1235 782 solum
1253 726 1404 796 quaeritur,
1424 741 1460 780 an
1477 724 1608 780 iurauerit
1624 725 1686 780 dari
1703 723 1771 780 sibi

293 826 308 873 t
326 818 451 884 oportere
468 815 520 885 uel,
539 830 601 870 cum
618 815 707 870 iurare
723 819 836 885 paratus
854 820 935 884 esset,
953 815 1141 870 iusiurandum
1160 815 1186 870 ei
1196 816 1340 871 remissurn
1352 815 1396 870 sit
1423 814 1452 870 si
1464 813 1609 869 damnetur
1620 814 1683 884 quis
1693 819 1756 884 post

292 903 512 960 siusiumndum
535 918 569 959 ex
591 902 697 959 famoso
720 903 835 973 iudicio,
858 901 994 959 famosum
1017 919 1078 959 esse
1097 904 1185 973 magis
1203 908 1254 960 est.
1291 902 1320 960 Si
1337 904 1375 974 ir,
1399 903 1446 973 qui
1462 904 1629 974 temporaria
1647 904 1755 958 actione

326 992 392 1048 mihi
408 991 546 1062 obligatus
564 997 635 1063 erat,
654 992 782 1048 detulerit
799 992 999 1063 iusiurandum,
1018 998 1050 1048 ιι
1066 993 1152 1047 iurem
1171 1008 1234 1048 eum
1252 992 1318 1048 dare
1335 997 1473 1062 oportere,
1493 1007 1600 1062 egoque
1618 992 1754 1061 iurauero,

324 1086 448 1151 tempore
465 1097 520 1136 non
538 1080 675 1152 liberetur,
694 1082 759 1151 quia
774 1086 839 1151 post
855 1082 931 1137 litem
949 1087 1130 1137 contestatam
1149 1097 1210 1136 oum
1229 1097 1263 1137 eo
1274 1086 1452 1152 perpetuatur
1464 1080 1598 1136 aduersus
1611 1096 1676 1136 eum
1689 1080 1755 1136 obli·

292 1187 307 1234 4
325 1172 409 1242 gatio.
436 1169 466 1226 Si
483 1171 571 1226 minor
587 1171 685 1242 uiginti
703 1171 822 1240 quinque
840 1170 917 1226 annis
935 1170 1062 1226 detulerit
1079 1175 1108 1226 et
1125 1170 1177 1226 hoc
1193 1171 1253 1241 ipso
1266 1175 1376 1239 captum
1389 1170 1512 1240 sedicet,
1531 1171 1578 1228 ad·
1597 1165 1756 1256 Q

325 1275 422 1316 uersus
440 1261 628 1330 exceptionem
645 1258 819 1315 iurisiurandi
836 1259 961 1329 replicari
979 1259 1098 1329 debebit,
1116 1264 1148 1315 ιι
1164 1260 1330 1330 Pomponius
1348 1259 1395 1315 ait
1422 1274 1475 1329 ego
1494 1264 1586 1315 autem
1603 1265 1673 1331 puto
1685 1261 1756 1317 hanc

324 1349 527 1421 replicationem
545 1363 600 1405 non
617 1363 725 1418 semper
742 1363 804 1403 esse
822 1347 948 1419 dandam,
967 1348 1016 1404 sed
1027 1350 1187 1419 plerumque
1198 1350 1288 1420 ipsum
1300 1354 1453 1418 praetorem
1465 1348 1566 1404 debere
1576 1365 1754 1421 cognoscere,

325 1454 361 1495 an
378 1444 475 1509 captus
493 1438 543 1508 sit,
561 1443 590 1494 et
607 1438 647 1493 aio
665 1439 693 1493 in
710 1438 847 1508 integrum
865 1439 1021 1493 restituere:
1045 1453 1096 1493 nee
1114 1437 1186 1493 enim
1204 1438 1299 1507 utique
1316 1438 1363 1507 qui
1380 1438 1469 1493 minor
1485 1443 1529 1493 est
1546 1440 1641 1493 rtatim
1659 1445 1689 1494 et
1706 1440 1754 1495 cir-

325 1528 519 1598 cumscriptum
536 1541 567 1582 se
584 1525 686 1582 docuit
712 1532 854 1597 praeterea
872 1528 997 1598 exceptio
1015 1527 1069 1581 ista
1086 1527 1145 1582 siue
1164 1527 1284 1596 cognitio
1302 1531 1435 1581 statutum
1453 1532 1562 1595 tempus
1576 1533 1642 1597 post
1654 1543 1754 1583 annum

291 1628 306 1676 c
324 1617 504 1673 uicensimum
521 1616 646 1685 quintum
664 1630 719 1671 non
736 1614 820 1671 debet
836 1616 938 1686 egredi.
966 1615 1021 1672 Sed
1039 1621 1068 1671 et
1085 1616 1109 1670 si
1126 1616 1187 1685 quis
1204 1615 1233 1670 in
1250 1614 1374 1670 fraudem
1392 1615 1556 1671 creditorum
1574 1617 1629 1672 ius
1650 1603 1756 1702 [GE

324 1705 469 1762 iurandum
486 1705 614 1760 detulerit
631 1703 754 1775 debitori,
773 1704 906 1760 aduersus
919 1705 1107 1775 exceptionem
1119 1703 1292 1760 iurisiurandi
1304 1704 1445 1775 replicatio
1456 1705 1560 1760 fraudis
1573 1705 1755 1762 creditoribus

325 1793 409 1850 debet
425 1794 492 1849 dari.
519 1798 662 1864 praeterea
679 1794 703 1849 si
719 1792 861 1849 lrandator
877 1792 1004 1848 detulerit
1021 1793 1208 1848 iusiurandum
1227 1793 1362 1864 creditori,
1380 1798 1412 1849 ut
1429 1795 1501 1849 iuret
1518 1793 1570 1849 cibi
1585 1795 1684 1851 decem
1698 1796 1755 1851 dari

325 1888 462 1954 oportere,
486 1897 552 1938 mox
573 1882 654 1938 bonis
678 1883 736 1938 eius
757 1882 894 1937 uenditis¹
913 1883 1030 1952 experiri
1048 1883 1134 1953 uolet,
1158 1887 1207 1937 aut
1224 1882 1354 1952 denegari
1371 1883 1454 1938 debet
1471 1884 1544 1938 actio
1562 1889 1611 1939 aut
1629 1885 1754 1956 exceptio

292 1973 471 2044 supponitur
492 1970 679 2027 iraumtorum
702 1970 874 2028 creditorum.
910 1971 1102 2027 Iusiurandum
1125 1969 1275 2026 defensoris
1296 1972 1341 2027 uel
1358 1973 1542 2042 procuratoris
1559 1972 1586 2027 ei
1603 1972 1640 2028 ab
1659 1973 1754 2029 adner-

325 2063 397 2118 sario
420 2061 540 2116 delatum
563 2060 693 2131 prodesse
711 2061 954 2131 exceptionemqne
972 2061 1081 2117 domino
1099 2065 1195 2130 p'arere
1212 2061 1333 2116 Iulianus
1351 2060 1453 2116 scribit
1485 2061 1559 2116 idem
1578 2076 1646 2131 ergo
1665 2061 1754 2118 dicen·

325 2150 391 2207 dnm
414 2150 467 2206 erit
488 2153 517 2205 et
540 2149 564 2204 si
587 2149 668 2205 datus
686 2149 722 2205 ad
739 2149 887 2221 petendum
905 2154 1064 2220 procurator
1080 2165 1127 2206 reo
1145 2148 1286 2206 deserente
1304 2151 1434 2207 iurauerit
1451 2149 1512 2205 dari
1528 2149 1595 2206 mihi
1613 2156 1753 2222 oportere:

293 2245 389 2296 'lnam
407 2238 541 2294 actionem
560 2237 626 2293 milri
644 2239 723 2308 parit
752 2255 822 2310 quae
841 2240 977 2297 sententia
994 2237 1078 2295 habet
1095 2239 1237 2295 rationem.
1265 2238 1294 2295 Si
1310 2240 1412 2309 petitor
1423 2239 1525 2294 iurauit
1535 2253 1698 2308 possessore
1710 2241 1754 2296 dc·

324 2327 429 2386 terente
446 2343 504 2383 rem
522 2343 600 2383 suam
618 2343 688 2399 esse,
707 2329 792 2385 actori
810 2327 919 2383 dabitur
937 2329 1017 2398 actio,
1035 2327 1086 2384 sed
1102 2328 1155 2384 hoc
1172 2328 1316 2383 dumtaxat
1334 2329 1466 2383 aduersus
1484 2342 1547 2383 eum
1563 2329 1753 2398 qniiusiuran·

325 2417 390 2473 dum
408 2417 507 2474 dotum
523 2431 625 2486 eosque
643 2417 734 2494 quiin
753 2419 811 2473 eius
828 2419 918 2474 locum
937 2421 1140 2473 successerunt:
1158 2423 1280 2473 ceterum
1298 2416 1429 2473 aduenam
1447 2417 1531 2473 alium
1549 2418 1573 2473 si
1591 2417 1661 2473 uelit
1678 2433 1753 2490 prae

324 2506 451 2577 rogatiua
467 2505 640 2561 iurisiurandi
657 2507 706 2576 nti,
724 2506 790 2561 nibil
808 2507 834 2562 ei
850 2506 979 2577 proderit,

271 2595 309 2655 to
377 2595 496 2650 Paunus
513 2594 581 2650 libro
599 2600 698 2651 octauo
716 2594 821 2652 decimo
839 2596 876 2651 ed
892 2595 1021 2651 edietum.
1047 2595 1113 2666 quia
1129 2609 1184 2651 non
1200 2594 1313 2651 deberet
1325 2594 1370 2651 alii
1381 2609 1488 2666 nocere,
1506 2595 1581 2666 qnod
1599 2590 1771 2681 Q,

324 2684 395 2740 inter
412 2684 480 2740 alios
497 2688 588 2739 aetum
606 2688 688 2739 osset

269 2776 305 2834 11
378 2771 528 2828 Unnrauna
545 2771 614 2828 libro
631 2771 780 2828 uicensimo
798 2771 919 2829 secundo
937 2772 973 2828 ad
991 2772 1119 2829 edietum.
1146 2771 1202 2828 Sed
1219 2773 1244 2828 si
1261 2773 1412 2844 possessori
1428 2770 1512 2828 fuerit
1522 2773 1577 2828 ius·
1596 2768 1771 2859 ffl=

325 2860 469 2916 iurandum
487 2860 607 2916 delatum
624 2860 809 2930 iuraueritque
826 2876 883 2916 rem
901 2862 1026 2932 petitoria
1043 2877 1098 2918 non
1116 2876 1186 2931 esse,
1204 2861 1335 2932 quamdiu
1347 2861 1457 2932 quidem
1470 2862 1601 2933 possidet,
1620 2852 1754 2921 adueffi

325 2966 388 3008 eum
406 2950 461 3021 qui
470 2949 569 3005 detdit
584 2949 780 3020 iusiurandum,
798 2950 822 3005 ai
839 2955 925 3021 petat,
944 2951 1104 3021 exceptione
1121 2950 1295 3007 iurisiurandi
1313 2955 1418 3007 utetur:
1437 2951 1460 3006 ai
1478 2965 1544 3007 uero
1558 2953 1682 3009 amiserit
1694 2970 1754 3026 pos·

325 3040 489 3110 sessionem,
512 3039 647 3094 actionem
668 3053 723 3094 non
740 3037 864 3110 habebit,
888 3055 924 3095 ne
941 3040 1051 3111 quidem
1069 3041 1093 3096 si
1109 3040 1134 3095 is
1150 3041 1292 3111 possideat
1314 3041 1361 3112 qui
1383 3040 1409 3095 ei
1430 3041 1619 3097 iusiurandum
1644 3042 1754 3099 detulit:

292 3139 306 3187 1
325 3144 380 3185 non
398 3127 409 3199 l
429 3129 500 3184 enim
518 3144 575 3184 rem
594 3143 671 3183 auam
689 3143 751 3183 esse
763 3129 870 3199 iurauit,
889 3129 938 3184 sed
950 3130 1009 3185 eius
1022 3145 1077 3186 non
1088 3145 1158 3184 esse.
1186 3129 1302 3185 Proinde
1314 3130 1345 3201 si,
1365 3145 1427 3185 cum
1439 3130 1596 3202 possideret,
1615 3131 1771 3190 deferente:

324 3217 441 3289 petitore
459 3233 516 3273 rem
534 3231 611 3272 suam
629 3218 738 3288 iurauit,
760 3222 958 3288 consequenter
975 3219 1097 3275 dicemus
1116 3219 1217 3274 amissa
1234 3234 1342 3289 quoque
1359 3220 1540 3290 possessione,
1560 3220 1625 3275 siis
1645 3223 1692 3292 qni
1710 3222 1754 3277 de·

324 3307 388 3363 tulit
408 3304 595 3362 iusiurandum
617 3312 733 3362 nanetus
757 3307 795 3362 sit
810 3309 1025 3379 possessionem,
1049 3309 1183 3365 actionem
1200 3308 1229 3362 in
1246 3306 1349 3363 iactum
1366 3308 1392 3364 ei
1405 3307 1536 3375 dandam.
1568 3314 1597 3364 et
1614 3305 1754 3394 [W

324 3394 429 3451 tructus
446 3399 591 3465 perceptos
609 3410 643 3451 ex
660 3411 698 3467 re,
717 3411 800 3466 quam
817 3412 907 3452 meam
925 3413 988 3453 esse
1005 3398 1101 3468 iuraui,
1120 3397 1226 3452 restitui
1244 3397 1310 3452 mihi
1327 3398 1442 3468 placuit:
1461 3396 1511 3452 sed
1529 3403 1558 3452 et
1575 3387 1754 3468 partimodi-

292 3497 307 3543 ι
324 3490 384 3541 tum
400 3482 527 3553 leuisque
544 3498 673 3554 pecorum
691 3485 875 3542 restituendos
893 3490 1002 3542 constat
1018 3492 1082 3556 post
1097 3485 1284 3541 iusiurandum
1296 3485 1443 3541 delatum’.
1471 3487 1542 3542 ltem
1554 3488 1578 3542 si
1590 3488 1662 3543 iura·
1682 3484 1755 3574 [ffl

325 3589 391 3630 nero
408 3589 488 3628 nsum
507 3570 626 3628 fructum
644 3573 759 3629 alicuius
776 3574 816 3630 rei
833 3574 879 3630 uel
896 3591 987 3631 meum
1005 3591 1067 3631 esse
1085 3577 1129 3631 nei
1147 3574 1206 3630 dari
1224 3574 1290 3630 mihi
1307 3580 1446 3646 oportere,
1466 3582 1580 3631 eatenus
1599 3577 1666 3633 mihi
1684 3594 1755 3634 com-

324 3662 394 3732 petit
410 3663 491 3733 actio,
509 3667 653 3732 quatenus,
672 3663 696 3717 si
713 3677 779 3719 uere
795 3679 876 3719 nsum
895 3663 1013 3719 fructum
1030 3662 1167 3735 haberem,
1185 3663 1311 3720 duraret:
1330 3664 1429 3735 quibus
1447 3679 1514 3721 uero
1527 3664 1638 3721 casibus
1650 3669 1755 3724 amitte

324 3755 407 3821 retur,
425 3765 480 3806 non
498 3752 629 3823 competit
646 3750 711 3806 mihi
730 3753 811 3808 actio.
839 3753 889 3808 sed
906 3753 930 3808 si
947 3767 1046 3823 rerum,
1064 3753 1092 3808 in
1110 3752 1209 3822 quibus
1227 3770 1294 3809 naus
1312 3751 1416 3809 fructum
1433 3759 1545 3824 propter
1562 3754 1681 3812 abusum
1694 3773 1755 3813 con·

325 3839 401 3895 stitui
420 3855 476 3896 non
493 3843 597 3912 potest,
621 3840 752 3896 iurauerit
768 3855 849 3895 nsum
867 3838 985 3896 buctum
1004 3840 1153 3897 rehabere
1171 3843 1215 3898 nel
1233 3842 1286 3898 sibi
1305 3841 1411 3914 deberi,
1435 3844 1564 3898 effectum
1582 3845 1756 3902 iurisiurandi

324 3929 494 3998 sequendum
512 3928 628 3985 arbitror
644 3929 761 4000 ideoque
778 3933 845 3984 tuno
862 3944 971 4001 quoque
988 3930 1077 4010 uideri
1093 3945 1155 3987 enm
1168 3936 1242 3986 recte
1254 3931 1359 3987 iurasse
1370 3935 1437 4002 puto
1449 3937 1478 3988 et
1490 3947 1524 3988 ex
1536 3947 1571 3988 eo
1581 3934 1757 3992 iureiurando

292 4031 405 4179 tpzssse
411 4023 518 4180 &tere
535 4034 616 4075 nsum
632 4016 751 4075 iunctum
769 4019 894 4076 cautione
911 4019 1011 4077 oblata
1043 4018 1086 4092 Si,
1105 4035 1167 4076 cum
1185 4019 1220 4076 de
1237 4019 1389 4078 hereditate
1406 4021 1477 4077 inter
1493 4037 1539 4077 me
1556 4027 1586 4079 et
1602 4027 1632 4080 te
1651 4031 1757 4082 contro

323 4109 351 4163 F
394 4108 410 4178 (
429 4111 446 4178 )

325 4230 442 4285 ¹isina
461 4231 623 4306 (Hoffmann)
694 4232 706 4268 ²
718 4236 833 4304 fimum
854 4233 904 4288 Rs
938 4232 1002 4287 ueri
1024 4232 1057 4287 rb
1080 4231 1145 4288 ἃιιΞ
1168 4231 1336 4303 ὲιειεχθΐικιι
1361 4231 1409 4289 τόι
1433 4232 1513 4306 ὅρκοι
1537 4233 1708 4293 innatam·
1733 4239 1756 4294 οἰ

325 4300 469 4356 ὁτιδήποτε
488 4303 635 4366 leotberto
654 4303 769 4376 sapeco:
788 4303 910 4372 datum(
939 4304 1084 4380 offmona)?

325 4427 528 4481 lsnocesserit
550 4426 657 4492 F·PU¹,
680 4428 814 4483 successit
839 4428 874 4482 U·
935 4428 1013 4483 3sit
1065 4429 1100 4484 26
1117 4426 1330 4500 libro‘ct’octauo
1348 4429 1388 4497 ΡΙ
1404 4427 1487 4484 debet
1502 4429 1558 4485 PU
1607 4431 1643 4487 28
1662 4432 1713 4488 sed
1730 4437 1757 4489 et

324 4496 419 4553 datum
438 4498 467 4551 P
515 4498 617 4554 buero
635 4517 683 4552 om.
696 4499 737 4552 1³⁶
790 4498 895 4570 θιιὶι]
915 4499 974 4569 quit
992 4500 1019 4552 F
1065 4500 1089 4554 si
1107 4501 1157 4554 PU
1176 4502 1181 4569 Ι
1202 4498 1302 4555 fuerit
1318 4501 1357 4554 Υ)
1409 4502 1444 4555 29
1467 4502 1576 4570 quidem
1601 4519 1629 4573 p.
1649 4519 1675 4559 a
1695 4519 1756 4560 enm

325 4570 436 4641 (coaslz
455 4566 501 4622 'ela
572 4569 740 4640 errorores]
759 4589 799 4625 rrc
816 4570 843 4624 B
861 4572 971 4637 (Aaou.)
990 4576 1014 4624 ct
1065 4589 1114 4626 om.
1127 4571 1168 4625 P·
1219 4573 1255 4627 30
1272 4571 1476 4642 exceptione‘m'
1495 4574 1521 4626 F
1542 4572 1545 4576 ⁴
1565 4575 1600 4630 31
1620 4575 1682 4630 iusi.
1701 4576 1756 4631 det.

324 4638 374 4693 BS
386 4640 472 4764 (fig.)
517 4641 692 4710 itemporali
710 4641 764 4695 PU
804 4643 837 4696 11
856 4642 1012 4697 iurisiuran-
1065 4641 1252 4698 iusiurandum
1265 4643 1306 4698 P·
1349 4645 1384 4698 32
1401 4643 1563 4715 possideret}
1584 4646 1652 4711 dett,
1670 4647 1756 4718 posei-

324 4709 390 4764 dom
463 4713 496 4777 Ιι
531 4711 606 4766 licari
618 4711 739 4782 debebit]
752 4712 863 4768 debebit
873 4714 956 4768 iurari
964 4713 1012 4776 1²⁶,
1065 4713 1144 4768 deret
1161 4720 1190 4769 et
1206 4712 1291 4769 FPU:
1310 4713 1334 4768 ei
1351 4713 1455 4769 ὠιιιει
1470 4715 1485 4769 ὁ
1498 4716 1678 4779 ιοιεῩιῑιιοι
1692 4719 1755 4773 εῖιιι

325 4779 437 4836 debebit
458 4796 488 4836 re
518 4782 587 4839 ‚Pi
647 4785 681 4838 12
704 4784 821 4856 semper]
845 4786 953 4856 seniper
976 4783 1012 4836 Ρ
1065 4783 1097 4838 τὸ
1114 4784 1371 4856 πριιιιΒΜιοπ.)
1413 4787 1448 4841 34
1466 4787 1502 4858 ei]
1514 4794 1544 4842 et
1554 4788 1592 4842 F¹
1628 4791 1664 4844 39
1676 4806 1755 4861 prop·

326 4853 360 4906 13
378 4852 459 4925 enlm]
478 4853 504 4908 ei
521 4853 561 4906 P·
575 4854 580 4921 Ι
596 4858 656 4909 est*
673 4855 765 4910 statim
784 4857 821 4909 Ρ
876 4858 908 4911 li
927 4855 1012 4912 credi·
1065 4861 1108 4911 ter
1125 4876 1172 4911 om.
1185 4857 1225 4911 P·
1277 4857 1313 4912 42
1333 4861 1427 4928 petere
1451 4876 1501 4913 ona
1514 4859 1554 4914 P·
1574 4860 1580 4929 Ι
1601 4863 1755 4918 motionem

323 4923 385 4992 tori]
404 4922 487 4994 ἰιὲρῳ
505 4924 540 4979 uri
559 4923 614 4979 ὄιτι
633 4927 1012 4997 1ικιιιτῷΒ(Διοι.)ιιιι-
1065 4927 1211 5004 F(em.s)

323 5001 503 5068 mprrtolicrre
541 4997 575 5051 19
588 4998 781 5068 opponatur?
816 4997 1019 5054 282‘u'uloriF
