3608 5302
937 144 1052 212 LXlIll
1126 155 1135 166 ‘

278 317 378 375 aeuv
395 321 433 389 (p.
446 319 598 385 ser-esu
624 323 651 372 et
674 318 710 372 ae
734 319 777 386 33,
790 320 816 373 ι.
835 319 908 389 ιιι
929 320 957 374 ru
975 320 1029 374 ιιι.
1043 319 1069 374 ι
1088 318 1178 374 seer
1196 321 1233 386 (ρ,
1248 317 1394 379 1⁶-14·):
1420 333 1454 371 ex
1472 303 1573 372 urreis
1591 316 1716 385 peresus

278 423 313 478 ad
332 429 438 495 pestem
456 425 528 480 tituli
546 424 616 489 36‚1
637 423 738 480 ibidem
758 423 1098 495 sed.11(p‚15·—32·):
1122 439 1157 479 ex
1176 423 1285 493 digesto
1304 423 1382 480 Nouo
1401 422 1437 478 ad
1455 422 1717 492 detestasse

277 529 380 585 ibidem
405 531 469 586 add.
486 531 526 585 ΙΙΙ
551 533 588 600 (p.
602 531 686 585 33*—
694 531 764 597 40').
797 547 861 587 nam
888 545 1055 601 quamquam
1082 531 1129 586 uix
1154 529 1319 600 sperandum
1342 533 1400 598 est,
1423 534 1455 584 ut
1478 529 1524 598 qui
1548 527 1629 584 hodie
1653 531 1719 584 sunt

278 635 345 691 iuris
367 637 516 706 prudentes
539 636 726 693 Halosndrina
750 637 818 708 eripi
842 636 895 693 sibi
917 638 1057 708 patiantur
1079 637 1191 692 criticae
1215 636 1281 691 artis
1307 635 1403 691 umbra
1425 650 1472 705 ιι,
1501 649 1556 704 qus
1576 633 1667 690 adhuc
1690 639 1719 690 et

279 743 347 798 alios
365 747 393 798 et
411 759 442 798 se
459 741 646 814 ludificantur,
670 742 818 814 aliquando
836 742 962 814 dimissa,
986 748 1079 799 ιιιιιι
1104 758 1196 798 meum
1219 741 1272 798 fuit
1295 741 1420 812 exemplo
1443 741 1583 796 luculento
1606 740 1718 796 demon·

279 854 366 904 strare
384 851 412 904 iu
430 865 465 905 ea
481 835 624 920 uarietate,
643 865 726 920 quarn
744 849 833 920 omisi,
853 864 908 905 non
926 849 1040 920 reperiri
1057 850 1109 904 nisi
1128 849 1224 906 sordes
1242 863 1331 904 meras
1350 847 1439 904 bonae
1457 833 1545 918 frugis
1562 849 1718 916 expertesl.

192 1017 193 1021 ,
278 960 424 1026 praeterea
444 957 509 1011 licet
526 955 669 1011 Iustiniani
692 955 758 1010 iuris
782 955 875 1012 uerbis
897 955 1077 1012 emendandis
1100 955 1290 1010 additamenta
1313 955 1359 1010 illa
1379 969 1433 1010 non
1454 954 1619 1023 inseruient,
1643 951 1720 1008 aliud

279 1061 466 1131 declarabunt,
487 1061 562 1131 quod
581 1067 609 1116 et
626 1062 716 1132 ipsum
735 1077 812 1116 susm
831 1061 977 1117 utilitatem
997 1061 1088 1132 hebet,
1108 1062 1212 1116 scilieet
1230 1060 1367 1130 quomodo
1386 1059 1553 1116 elaborarint
1569 1060 1636 1114 iuris
1655 1074 1720 1129 pru·

279 1167 377 1222 dentes
395 1183 413 1222 s
430 1169 540 1223 saeculo
564 1169 710 1224 undecimo
733 1167 769 1224 ad
795 1172 904 1224 sextum
928 1167 1066 1236 decimum
1086 1168 1115 1224 in
1137 1167 1307 1238 digestorum
1329 1167 1445 1222 tentione
1463 1165 1634 1221 immutanda
1656 1180 1720 1220 eum

280 1273 471 1330 emendatione
493 1273 629 1344 probabili
653 1275 825 1345 repetitaque
850 1273 992 1346 archetypi
1016 1274 1204 1345 recognitione
1224 1278 1283 1329 tum
1310 1273 1415 1328 incuria
1442 1272 1550 1328 inscitie
1572 1271 1721 1340 interpola·

280 1379 363 1436 ιίοιι.
396 1379 470 1450 quod
488 1384 520 1435 ut
540 1396 595 1436 nou
614 1381 794 1437 omittendum
813 1395 875 1436 esse
894 1381 969 1450 duxi,
988 1381 1027 1436 ita
1045 1397 1099 1436 uon
1118 1379 1337 1451 persequendum
1355 1395 1405 1450 per
1423 1379 1581 1434 uniuersum
1599 1377 1722 1448 ingentis

280 1486 402 1556 eorporis
420 1491 557 1542 tenorem:
581 1487 692 1542 numid
715 1487 790 1558 quod
815 1503 881 1544 uero
904 1487 970 1542 utile
994 1492 1049 1557 est,
1072 1491 1139 1558 puto
1162 1487 1229 1542 satis
1250 1486 1320 1542 disci
1341 1502 1376 1542 ex
1397 1502 1481 1556 supra
1500 1485 1581 1540 dictis
1598 1485 1722 1554 quinque

280 1591 483 1648 additamentis.
511 1593 629 1663 denique
648 1593 700 1650 hoe
718 1593 829 1651 docebit
848 1594 925 1649 uaria
942 1595 1024 1649 lectio
1048 1609 1066 1648 a
1090 1608 1133 1648 me
1152 1593 1250 1663 allata,
1273 1593 1399 1648 nimirum
1419 1606 1480 1662 eos,
1504 1590 1605 1661 quibua
1623 1589 1722 1646 datum

280 1703 324 1754 est
341 1698 460 1770 discere,
485 1700 589 1756 uarium
608 1701 752 1757 lectionem
772 1701 940 1758 recensionis
957 1700 1138 1756 Bononiensis
1159 1699 1326 1769 adscriptam
1344 1699 1373 1754 in
1391 1697 1510 1754 editione
1529 1696 1724 1754 Gebaueriana

281 1811 310 1860 ιι
327 1804 392 1860 inde
409 1806 437 1862 iu
455 1807 658 1876 Kriegelianam
676 1809 838 1864 translatam
857 1807 978 1878 pendere
996 1822 1031 1862 ex
1048 1806 1125 1862 libris
1143 1806 1246 1861 saeculi
1264 1806 1317 1862 XV
1334 1809 1363 1860 et
1381 1805 1461 1875 XVI,
1487 1820 1549 1860 eum
1571 1804 1616 1860 uel
1638 1801 1724 1858 hodie

281 1914 376 1966 extent
394 1912 452 1966 eius
469 1914 579 1982 generis
598 1913 707 1970 cedices
725 1915 856 1970 trecentis
875 1913 1015 1969 minimum
1035 1914 1114 1968 annis
1127 1913 1294 1982 antiquiores
1306 1912 1449 1982 possitque
1466 1915 1540 1966 certe
1557 1924 1608 1981 pro
1627 1924 1724 1966 recen·

281 2017 358 2073 sione
377 2018 535 2074 Bartoliana
553 2025 582 2074 et
599 2021 734 2076 Politisna
751 2019 882 2076 substitui
901 2035 943 2090 ea,
962 2035 1043 2090 quam
1063 2019 1247 2076 adhibuerunt
1265 2025 1395 2090 quattuor
1413 2017 1548 2074 doctores.

122 2132 251 2206 Bonpnien-
335 2125 393 2180 lsrn
418 2139 483 2180 uero
506 2125 543 2180 ad
566 2125 680 2182 secundi
704 2126 808 2182 ordinis
831 2127 999 2198 exemplaria
1016 2126 1207 2197 antiquissima
1224 2130 1254 2182 et
1271 2126 1376 2196 optima
1394 2124 1440 2180 ubi
1459 2140 1509 2181 nos
1528 2123 1724 2192 conuertimus,

101 2208 264 2318 ‚fflpffimm
281 2229 398 2300 primurn
417 2229 469 2286 hoc
487 2237 603 2302 apparet
620 2233 713 2288 omnia
730 2233 898 2289 descendere
916 2249 952 2288 ex
969 2232 1119 2304 archetypo
1138 2233 1283 2302 communi,
1302 2231 1376 2302 quod
1395 2246 1445 2286 nos
1460 2231 1590 2300 deinceps
1602 2229 1724 2299 appella·

118 2319 259 2426 mmm·
282 2334 372 2391 bimus
391 2335 547 2392 Secundum
568 2339 619 2406 (SJ.
648 2340 765 2410 primum
783 2340 838 2394 ista
855 2340 914 2395 siue
932 2339 1080 2410 tripartitio
1098 2340 1158 2394 siue
1170 2338 1388 2409 quadripartitio‚
1406 2352 1489 2408 quam
1502 2333 1725 2392 Bononiensibus

282 2443 415 2513 exemplis
433 2449 568 2515 quotquot
585 2449 682 2501 ιιιιιι
699 2446 810 2502 insitam
828 2461 891 2502 esse
909 2461 993 2516 supra
1009 2463 1036 2517 p.
1050 2446 1185 2502 XXXXV
1204 2445 1339 2516 uidimus,
1363 2445 1516 2500 communis
1533 2442 1646 2512 originis
1665 2456 1723 2497 cer·

282 2554 341 2604 tum
360 2549 489 2606 indicium
508 2555 565 2606 cst:
589 2567 652 2606 nam
676 2556 733 2607 tem
753 2551 861 2622 Digesti
879 2553 980 2608 ueteris
1004 2568 1086 2622 quam
1105 2551 1240 2608 Inlcrtiati
1258 2552 1360 2622 proprii
1377 2551 1487 2607 tormini
1505 2551 1544 2606 ita
1562 2548 1722 2618 comparati,

282 2660 314 2710 ut
332 2655 436 2712 medias
454 2657 582 2726 periodos
600 2658 807 2729 interrumpent,
826 2659 936 2714 omnino
955 2658 1099 2729 repetendi
1117 2663 1181 2713 sunt
1199 2673 1234 2714 ex
1252 2657 1347 2714 codice
1365 2657 1515 2729 archetypo
1532 2656 1597 2712 clim
1609 2655 1643 2711 iis
1655 2655 1723 2710 locis

283 2777 350 2818 casu
373 2761 489 2818 diuulsa.
523 2762 623 2819 deinde
641 2764 748 2820 Ueteris
771 2765 872 2835 digesti
898 2763 1008 2834 codices
1029 2765 1211 2834 antiquissimi
1230 2766 1346 2835 quique,
1369 2765 1397 2820 in
1415 2763 1457 2818 his
1476 2779 1493 2818 a
1510 2761 1590 2818 nobis
1608 2760 1724 2817 adhibiti

283 2881 394 2938 omnes,
418 2869 551 2940 originem
575 2885 747 2952 communem
772 2875 848 2926 certa
870 2872 977 2927 ratione
995 2871 1136 2927 declarant
1153 2871 1365 2942 transpositione
1384 2886 1431 2941 ea,
1455 2885 1537 2940 quam
1556 2868 1723 2940 archetypus

282 2972 352 3028 liber
369 2990 468 3045 passus
487 2981 531 3031 ιιι
547 2975 576 3031 in
593 2975 663 3032 libro
677 2977 801 3032 xxnr’:
819 2993 891 3048 quae
909 2977 984 3048 quod
1001 2981 1031 3032 ct
1042 2993 1077 3033 ex
1095 2977 1129 3033 iis
1147 2977 1223 3033 libris
1241 2976 1368 3033 omnibus
1386 2977 1496 3033 sublata
1514 2981 1557 3032 ιιι
1576 2973 1611 3032 ab
1630 2989 1722 3030 emen·

284 3080 379 3136 datore
404 3095 493 3152 neque
516 3082 545 3136 in
563 3082 784 3139 Bononiensibus
807 3084 906 3140 aetatis
925 3085 1083 3141 recentioris
1102 3085 1219 3154 amplius
1237 3084 1386 3154 reperitur,
1409 3083 1529 3154 pertinet
1546 3081 1582 3138 ad
1601 3095 1663 3151 eae,
1688 3079 1723 3136 de

284 3186 384 3256 quibus
407 3187 489 3244 modo
510 3187 642 3259 diximus,
670 3189 800 3260 pristinae
824 3190 933 3246 lectioni
958 3190 1125 3246 Bononiensi
1149 3204 1184 3245 ex
1207 3190 1365 3246 Florentino
1389 3188 1457 3245 libro
1481 3189 1571 3244 illatas
1595 3187 1722 3244 emenda-

283 3292 381 3348 tiones.
415 3294 488 3350 idem
511 3293 630 3366 probant
653 3295 787 3351 innumeri
811 3296 864 3351 loci
886 3295 989 3366 pariter
1013 3302 1062 3352 aut
1083 3297 1204 3366 corrupti
1228 3302 1277 3352 aut
1300 3295 1408 3352 hiantes
1431 3300 1480 3351 aut
1503 3295 1574 3350 male
1597 3295 1673 3350 aucti
1695 3294 1722 3350 iu

284 3399 423 3456 codicibus
445 3400 560 3457 secundi
577 3401 680 3458 ordinis
698 3401 825 3466 qmnibus
843 3405 873 3456 et
890 3401 918 3457 in
936 3401 1036 3458 Uetere
1054 3407 1083 3458 et
1100 3403 1129 3458 in
1147 3401 1289 3459 Infertisto
1308 3409 1336 3458 et
1352 3403 1381 3458 in
1400 3403 1493 3459 Nouo:
1517 3403 1596 3458 cuius
1613 3401 1723 3472 generis

284 3521 347 3561 cum
365 3506 497 3577 plurimos
515 3507 673 3578 suppeditet
691 3508 768 3562 uaria
785 3508 866 3564 lectio
884 3507 913 3563 in
931 3507 1051 3564 editione
1073 3509 1168 3579 allata,
1191 3509 1236 3564 hic
1260 3523 1315 3565 non
1336 3509 1391 3565 cito
1412 3509 1464 3564 nisi
1485 3509 1577 3578 capita
1597 3508 1723 3580 supposi-

284 3611 350 3666 ticia
367 3612 388 3682 1,
401 3613 463 3684 ast,
476 3615 520 3669 28.
538 3615 599 3684 304,
612 3615 656 3670 35.
675 3614 736 3684 859,
749 3615 792 3669 38.
815 3615 851 3684 11,
866 3615 908 3685 13,
921 3616 947 3670 8.
966 3615 1027 3684 582,
1041 3617 1085 3670 38.
1104 3617 1165 3684 628,
1178 3616 1213 3670 35
1231 3620 1339 3684 reperta
1360 3616 1415 3670 elia
1432 3615 1460 3670 in
1478 3615 1600 3685 Ueteris,
1623 3615 1678 3670 aliu
1695 3615 1723 3670 in

284 3717 434 3790 tribuisti,
463 3719 516 3775 alin
539 3720 568 3775 in
591 3720 663 3776 Noui
686 3719 763 3775 libris
787 3719 914 3777 omnibus
937 3727 1073 3791 quotquot
1098 3719 1255 3790 supersunt.
1288 3720 1453 3778 lectionibus
1476 3720 1626 3792 archetypo
1649 3735 1723 3778 com·

339 3914 349 3947 ¹
373 3911 459 3964 Simile
482 3913 542 3980 quid
564 3921 664 3966 secutus
689 3932 744 3966 sum
766 3916 792 3966 in
817 3917 982 3982 proponenda
1004 3917 1029 3967 in
1053 3916 1128 3969 uol.1
1146 3934 1205 3983 epp.
1219 3916 1268 3967 1111
1292 3916 1328 3983 (p.
1341 3916 1491 3983 35⁹—45‘)
1514 3916 1723 3982 interpretatione

285 3999 390 4067 uulgato
408 4002 562 4054 Graecorum
579 4002 717 4055 Modestini
735 4005 884 4056 insertorum
906 4004 977 4056 libris
1000 4005 1155 4071 digestorum
1179 4005 1298 4056 uicesimo
1322 4013 1393 4057 sexto
1417 4013 1444 4056 et
1466 4005 1583 4056 uicesimo
1607 4003 1722 4070 septimo.

285 4088 349 4141 haee
367 4091 433 4142 enim
452 4108 507 4142 eum
525 4091 600 4143 hodie
618 4092 694 4159 uulgo
713 4093 829 4144 credatur
847 4093 915 4144 factu
933 4093 1034 4145 sseeulo
1052 4093 1199 4156 Iustiniana,
1218 4093 1245 4145 id
1263 4094 1285 4144 si
1302 4111 1389 4146 uerum
1407 4103 1483 4154 essct,
1504 4105 1555 4144 nen
1574 4091 1654 4144 solum
1672 4092 1722 4143 uti·

285 4175 406 4231 lissimum
424 4179 561 4232 subsidium
579 4183 713 4248 praeberet
728 4181 761 4232 ud
773 4182 932 4233 emendanda
943 4182 1138 4245 Modestiuiaua,
1158 4185 1204 4235 sed
1222 4183 1298 4235 etism
1316 4184 1363 4234 hoo
1382 4182 1542 4234 statuendum
1554 4191 1623 4233 esset
1634 4183 1731 4248 poste-¹

285 4267 363 4319 riores
382 4268 482 4320 demum
500 4269 673 4322 Bononienses
697 4287 727 4322 eo
746 4271 865 4322 thesauro
883 4271 976 4337 potitos
998 4287 1066 4322 esse:
1092 4289 1150 4322 nam
1171 4272 1290 4324 omittunt
1310 4289 1367 4324 eam
1387 4271 1445 4322 libri
1466 4288 1551 4323 eorum
1572 4271 1723 4322 uetustiores

286 4355 325 4420 (ιιι
339 4355 441 4424 WDE)
454 4367 609 4425 apparetque
627 4359 799 4411 tautummodo
817 4360 843 4410 iu
861 4359 1042 4410 recentioribus
1061 4359 1099 4426 (ut
1117 4359 1168 4414 10:
1188 4360 1220 4411 de
1232 4359 1265 4414 K
1278 4361 1336 4412 uide
1354 4378 1379 4426 p.
1392 4361 1432 4426 L).
1460 4377 1535 4425 quem
1553 4360 1585 4412 ob
1603 4376 1657 4410 rem
1675 4359 1722 4410 de·

285 4452 425 4497 monstrare
444 4447 519 4498 debui
537 4464 594 4499 eam
611 4448 753 4500 mersionem
772 4447 891 4514 scriptam
909 4464 966 4500 ease
983 4465 1034 4504 ιιι
1053 4456 1124 4500 sexto
1143 4448 1243 4500 saeculo
1262 4447 1490 4514 Oomtantinopoli,
1511 4448 1557 4498 sed
1575 4447 1723 4501 duodecimo

285 4531 360 4595 Pisis,
379 4533 475 4585 scilieet
492 4553 508 4586 a
520 4534 708 4602 Burgundione.
735 4537 803 4603 quod
820 4536 869 4588 feci
887 4535 992 4587 inuitus:
1011 4552 1070 4586 nam
1087 4536 1220 4589 molestum
1238 4547 1277 4590 est
1295 4547 1435 4588 commenta
1450 4535 1566 4588 refellere
1578 4554 1629 4588 ιιι
1641 4537 1723 4588 minus

285 4620 443 4674 incredibilis
460 4641 535 4689 quam
552 4624 628 4691 uulgo
647 4625 751 4677 eredita.
782 4625 913 4678 occasione
931 4623 1016 4677 oblata
1034 4624 1107 4676 simul
1124 4626 1259 4678 estendere
1276 4625 1353 4688 uolui,
1372 4625 1496 4692 quomodo
1515 4624 1632 4677 differant
1648 4633 1721 4676 uotu-

286 4709 376 4762 sticres
393 4711 451 4762 libri
468 4710 642 4765 Bedunienses
660 4732 677 4765 a
694 4713 874 4766 recentioribus
892 4713 918 4764 in
936 4713 1032 4765 lestinis
1050 4711 1090 4764 his
1108 4714 1150 4766 uel
1168 4715 1312 4767 omittendis
1330 4714 1372 4766 uel
1389 4713 1522 4781 ponendis.
1627 4713 1639 4747 ²
1657 4714 1723 4766 Uide

286 4798 319 4849 sd
337 4799 358 4860 1,
371 4799 432 4862 ete,
449 4799 488 4852 17.
516 4819 572 4854 eam
591 4803 810 4870 transpositionem
833 4801 920 4854 tabula
943 4801 1055 4854 secunda
1078 4802 1198 4856 uolumini
1220 4804 1297 4871 priori
1321 4803 1421 4856 adiecta
1438 4803 1522 4869 aliqua
1540 4819 1571 4854 ex
1589 4812 1662 4869 parte
1680 4820 1721 4854 re·

275 4897 437 4947 praesentet.
