3584 5356
236 207 445 276 Vim-m
593 157 598 172 ⁵
909 200 995 282 180
1385 221 1670 272 nnmmmmoeo

181 366 219 426 21
291 366 410 420 Pennus
432 362 502 419 libro
519 363 600 418 tertio
618 375 818 434 responsorum.
853 364 932 432 Eum,
951 363 998 432 qui
1016 359 1159 417 inofficiosi
1176 363 1333 417 ιιιιιιιιιιιί
1351 364 1497 433 querellam
1517 357 1673 447 Q
1690 371 1717 426 P

237 453 355 509 instituit
373 457 401 507 et
417 450 514 508 fraude
532 451 639 506 heredis
656 453 759 523 scripti,
778 453 857 523 quasi
875 453 983 506 tertiam
1002 456 1108 520 partem
1131 450 1290 506 hereditatis
1312 453 1397 507 tacite
1419 458 1531 521 rogatus
1554 455 1630 506 esset
1646 449 1673 505 ei

238 543 390 611 restituere,
408 541 517 610 reliquit
534 555 594 594 eam
613 542 757 612 actionem,
775 557 830 597 non
849 539 937 595 uideri
954 539 1108 594 deseruisse
1121 541 1268 609 querellam
1280 545 1309 594 et
1320 540 1382 596 ideo
1394 556 1449 596 non
1460 539 1597 611 prohiberi
1609 555 1672 594 eum

206 644 219 689 1
238 637 362 702 repetere
379 629 535 684 inchoatam
553 630 697 684 actionem.
734 630 803 684 Item
822 630 977 699 quaesitum
996 633 1047 698 est,
1066 644 1101 683 au
1119 628 1198 684 heres
1216 629 1368 684 audiendus
1386 635 1436 699 est,
1456 634 1520 683 ante
1537 629 1572 684 de
1585 627 1672 684 inoffi·

205 752 206 755 =
239 721 305 776 eiosi
322 719 469 790 querellam
488 723 577 773 actam
595 719 755 774 desiderans
771 719 879 773 restitui
897 715 949 773 sibi
967 732 1001 772 ea
1018 732 1090 786 quae
1108 718 1216 773 soluit¹.
1246 718 1387 789 respondit
1404 719 1442 789 ei,
1461 719 1508 789 qui
1526 719 1616 772 sciens
1632 719 1672 772 in·
1692 736 1705 774 ι

206 822 220 870 a
238 808 360 864 debitum
376 806 616 862 fideicommissum
628 808 718 877 soluit,
736 807 838 861 nullam
852 808 1041 877 repetitionem
1054 821 1088 861 ex
1101 821 1135 861 ea
1146 823 1230 862 cansa
1242 812 1405 878 competere.
1432 806 1508 861 ldem
1521 807 1672 876 respondit,

238 899 329 953 euicta
345 896 496 952 hereditate
513 911 563 966 per
579 895 723 951 inofficiosi
741 897 888 966 querellam
908 895 943 951 ab
961 910 994 951 eo
1012 895 1059 965 qui
1077 894 1156 950 heres
1173 896 1315 951 institutus
1339 902 1425 966 esset,
1449 895 1563 966 perinde
1582 896 1673 950 omnia
1697 917 1698 921 ¹
1716 929 1718 931 ·

237 986 378 1042 obseruari
391 987 402 1056 ΙΙ
414 988 548 1055 oportere,
568 1001 601 1040 ao
618 986 642 1040 si
659 984 796 1039 hereditas
814 983 888 1039 adita
905 1000 960 1039 non
978 983 1090 1039 fuisset:
1108 989 1137 1039 et
1152 983 1216 1039 ideo
1227 989 1256 1039 et
1267 985 1427 1055 petitionem
1439 986 1575 1054 integram
1587 982 1673 1038 debiti
1690 996 1706 1043 l.
1717 997 1756 1042 roc

238 1075 331 1130 heredi
347 1074 473 1129 instituto
491 1073 624 1129 aduersus
642 1088 704 1128 eum
723 1074 770 1143 qui
788 1073 928 1143 superauit
947 1077 1103 1143 competere
1121 1078 1149 1130 et
1167 1074 1416 1144 compensationem
1434 1071 1528 1127 debiti.
1691 1089 1704 1129 s

182 1167 219 1224 is
291 1164 504 1218 immolemus
522 1162 591 1218 libro
608 1164 725 1232 septimo
737 1163 844 1218 decimo
856 1162 1080 1231 disputationum.
1108 1162 1193 1217 lilius
1205 1179 1259 1218 non
1271 1163 1426 1231 impeditur,
1444 1172 1500 1231 quo
1517 1155 1674 1244 OEs—essrj}
1690 1173 1716 1226 p

237 1254 327 1308 minus
344 1249 526 1308 inofficiosum
542 1256 740 1307 testamentum
759 1252 854 1306 matris
872 1256 1023 1320 accusaret,
1041 1252 1065 1307 si
1082 1256 1161 1321 pater
1179 1252 1238 1306 eius
1256 1252 1377 1321 legatum
1392 1267 1427 1306 er
1438 1254 1604 1305 testamento
1617 1266 1673 1304 ma-

237 1343 288 1397 tris
307 1342 424 1411 accipiet
440 1341 485 1395 uel
504 1340 608 1395 adisset
624 1340 813 1410 hereditatem,
832 1355 997 1410 quamquam
1014 1341 1044 1395 in
1061 1341 1121 1395 eius
1139 1345 1213 1395 esset
1230 1345 1382 1411 potestate:
1403 1355 1454 1395 neo
1470 1338 1607 1410 prohiberi
1625 1355 1672 1408 pa

206 1445 217 1489 1
237 1436 307 1486 trem
326 1431 383 1485 dixi
400 1431 459 1485 iure
476 1428 525 1484 filii
543 1445 686 1486 assume:
705 1444 768 1485 nam
786 1430 938 1499 indignatio
956 1428 1004 1484 lilii
1023 1435 1073 1484 est.
1110 1431 1147 1484 lit
1164 1430 1359 1500 quaerebatur,
1384 1430 1407 1484 si
1425 1444 1480 1484 non
1498 1423 1673 1512 Q

238 1520 403 1590 optinuisset
419 1520 447 1574 in
466 1518 630 1589 accusando,
648 1534 684 1573 an
702 1518 776 1588 quod
793 1521 864 1589 patri
883 1517 977 1573 datum
996 1523 1039 1574 est
1056 1517 1260 1588 publicaretur?
1289 1520 1418 1589 quoniam
1436 1519 1481 1573 alii
1498 1518 1672 1573 commodum

238 1610 369 1664 uictoriae
386 1612 466 1680 parat
484 1613 512 1663 et
530 1609 558 1663 in
576 1607 628 1662 hac
646 1622 731 1663 eausa
748 1607 814 1663 nihil
832 1623 867 1663 ex
885 1607 975 1664 officio
992 1609 1088 1678 patris,
1107 1608 1157 1663 sed
1174 1612 1263 1663 totum
1278 1608 1313 1663 de
1326 1609 1428 1663 meritis
1442 1606 1490 1662 iiiii
1502 1608 1602 1676 agitur.
1630 1607 1674 1661 et¹
1692 1623 1718 1663 rs

237 1698 422 1754 inclinandum
445 1702 489 1753 est
511 1711 567 1752 non
584 1697 699 1767 perdere
716 1702 823 1768 patrem
841 1696 894 1753 sibi
911 1697 1019 1768 datum,
1044 1698 1068 1752 si
1086 1696 1237 1752 secundum
1254 1700 1449 1753 testamentum
1468 1697 1672 1766 pronuntiatum

205 1801 220 1846 a
238 1785 344 1842 inisset.
380 1787 466 1843 Multo
486 1781 618 1856 m'agissi
636 1785 701 1840 mihi
719 1787 840 1856 legatum
857 1790 974 1842 testator
991 1786 1075 1855 dedit,
1095 1787 1172 1840 cuius
1191 1786 1225 1841 de
1243 1783 1395 1842 inofficioso
1411 1790 1580 1841 memorante
1597 1781 1674 1869 ΠΕ)

237 1875 309 1932 filius
327 1891 413 1946 agens
431 1875 552 1931 decessit
568 1889 613 1930 me
630 1874 730 1931 herede
749 1876 852 1944 relicto,
871 1889 979 1945 egoque
996 1875 1187 1930 hereditariam
1206 1890 1317 1930 causam
1334 1875 1428 1945 peregi
1446 1880 1476 1929 et
1492 1863 1672 1929 uictus-siffis:

237 1965 266 2029 id
284 1965 358 2035 quod
375 1964 441 2019 mihi
459 1979 493 2020 oo
511 1969 677 2020 testamento
694 1965 818 2019 relictum
836 1969 887 2034 eet,
906 1980 962 2019 non
979 1964 1107 2034 perdam:
1124 1966 1219 2034 ntique
1237 1963 1266 2018 si
1278 1965 1333 2018 iam
1352 1963 1497 2019 defunctus
1516 1978 1599 2033 agere
1610 1978 1672 2018 coe-

205 2060 324 2124 eperat.
358 2055 428 2109 item
447 2054 471 2108 si
489 2053 621 2123 adrogaui
639 2067 710 2123 eum,
729 2053 776 2123 qui
793 2054 950 2109 instituerat
966 2055 1041 2109 litem
1060 2053 1095 2108 de
1112 2051 1264 2108 inofficioso
1282 2058 1447 2108 testamento
1463 2055 1525 2108 eius
1543 2053 1590 2123 qui
1608 2052 1674 2106 mihi
1691 2066 1719 2108 ro

236 2143 359 2213 legatum
382 2143 472 2214 dedit,
499 2143 630 2212 litemque
653 2156 786 2212 peregero
809 2143 918 2198 nomine
940 2141 989 2198 dlii
1011 2137 1063 2198 nec
1086 2142 1242 2212 optinuero:
1269 2141 1383 2211 perdere
1406 2157 1450 2197 me
1472 2143 1595 2212 legatum
1619 2155 1674 2196 non

237 2236 358 2302 oporto,
381 2232 447 2302 quia
465 2247 524 2287 non
542 2247 602 2286 sum
621 2230 764 2301 indignus,
788 2235 820 2286 ut
837 2229 978 2287 auferatur
994 2231 1061 2287 mihi
1078 2248 1096 2286 a
1112 2230 1179 2286 fisco
1197 2229 1226 2285 id
1243 2227 1318 2301 quod
1336 2231 1512 2287 derelictnm⁸
1528 2235 1586 2286 est:
1610 2246 1673 2285 eum

237 2336 293 2376 non
310 2322 423 2392 proprio
439 2322 557 2390 nomine,
576 2320 626 2375 sed
644 2320 702 2375 iure
721 2318 863 2375 cuiusdam
882 2319 1063 2376 successionis
1080 2321 1134 2391 egi.
1421 2346 1425 2353 ·

181 2411 220 2470 23
290 2411 411 2467 Pennus
433 2410 502 2465 libro
525 2409 656 2479 singulari
679 2408 713 2464 de
736 2406 889 2464 inofficioso
908 2413 1082 2464 testamento.
1119 2407 1149 2463 si
1166 2423 1253 2478 ponas
1271 2407 1356 2464 filium
1375 2409 1577 2479 emancipatum
1595 2423 1674 2478 prae
1692 2413 1734 2489 Ps

238 2500 350 2555 teritum
375 2505 461 2556 etex
484 2513 517 2554 eo
539 2503 669 2569 nepotem
693 2498 721 2553 in
743 2501 881 2567 potestate
904 2501 1040 2553 retentum
1065 2496 1192 2552 heredem
1216 2498 1368 2554 institutum
1391 2513 1467 2554 esee:
1490 2496 1562 2553 filius
1582 2503 1676 2567 potest
1693 2518 1721 2558 ιι

238 2595 335 2645 conus
352 2587 437 2644 iillum
456 2603 549 2659 suum,
572 2587 714 2642 testatoris
732 2592 861 2657 nepotem
877 2593 971 2656 petere
988 2586 1122 2642 honorum
1139 2587 1353 2658 possessionem,
1377 2588 1453 2658 queri
1471 2592 1562 2642 autem
1581 2587 1618 2642 de
1634 2588 1674 2641 in·

238 2676 361 2734 officioso
379 2683 618 2733 testamentonon
635 2675 744 2746 poterit.
778 2677 853 2745 quod
871 2678 894 2731 si
913 2676 1094 2731 exheredatus
1112 2676 1149 2730 sit
1165 2674 1237 2731 iilius
1256 2678 1457 2748 emancipatus,
1478 2676 1581 2746 poterit
1598 2676 1676 2745 queri

206 2780 219 2825 1
239 2772 268 2822 et
285 2768 325 2822 ita
342 2768 471 2837 iungetur
488 2765 544 2822 iilic
562 2781 613 2821 suo
632 2770 660 2820 et
678 2765 758 2819 simul
776 2780 838 2820 enm
857 2781 890 2821 ιο
908 2765 1088 2821 hereditatem
1106 2765 1248 2834 optinebit.
1276 2765 1306 2821 Si
1323 2764 1501 2821 hereditatem
1520 2759 1675 2850 Q

239 2855 274 2911 ab
295 2856 443 2911 heredibus
460 2856 593 2911 institutis
611 2853 769 2909 exheredati
787 2860 913 2910 emerunt
929 2855 974 2910 uel
992 2869 1036 2910 res
1055 2855 1177 2923 singulas
1195 2854 1312 2910 seientes
1330 2871 1378 2911 eos
1396 2855 1510 2910 heredes
1528 2869 1604 2910 esse:
1628 2860 1676 2910 aut

239 2945 430 3001 conduxerunt
451 2944 565 3014 praedia
582 2943 693 2998 aliudue
711 2943 777 3013 quid
796 2944 884 2998 simile
901 2942 1038 2999 iecerunt:
1062 2944 1107 2998 uel
1125 2943 1265 2997 noluerunt
1282 2944 1376 2999 heredi
1393 2944 1467 3014 quod
1484 2945 1610 3000 testatori
1628 2944 1675 2998 de
1694 2960 1721 3001 so

206 3033 355 3093 abebant:
373 3034 506 3089 iudicium
525 3031 647 3088 defuncti
665 3033 834 3102 adgnoscere
852 3033 980 3088 uidentur
998 3037 1027 3087 et
1044 3048 1062 3087 a
1079 3033 1200 3102 querella
1218 3033 1407 3088 excluduntur.
1434 3033 1464 3089 si
1482 3034 1536 3089 duo
1554 3034 1610 3089 sint
1626 3032 1675 3088 tilii

240 3123 400 3179 exheredati
417 3128 446 3178 et
463 3123 544 3178 ambo
563 3123 599 3177 de
616 3120 768 3177 inofficioso
785 3126 950 3177 testamento
968 3128 1084 3191 egerunt
1101 3127 1130 3176 et
1147 3136 1218 3176 unus
1236 3128 1333 3190 postea
1351 3123 1493 3178 constituit
1510 3138 1564 3177 non
1583 3137 1674 3192 agere,

238 3213 380 3283 perseius
398 3213 476 3268 alteri
494 3212 637 3268 adcrescit.
664 3211 793 3281 idemque
811 3212 869 3282 erit,
888 3217 917 3267 et
934 3211 958 3266 si
975 3215 1100 3280 tempore
1117 3211 1244 3266 exclusus
1263 3212 1307 3267 sit.

183 3304 221 3362 24
293 3300 444 3358 omnisne
461 3300 530 3357 libro
547 3299 777 3370 quadragensimo
795 3306 894 3356 octauo
914 3299 950 3354 ad
968 3297 1108 3354 Sabinum.
1138 3300 1217 3355 Circa
1234 3299 1378 3357 inofliciosi
1396 3294 1675 3383 querci-[ise-QQ
1694 3312 1714 3366 s

238 3390 293 3444 lam
316 3392 426 3446 euenire
449 3391 610 3460 pierumque
632 3389 751 3460 adsolet,
775 3394 810 3444 ut
830 3390 857 3444 iu
880 3404 935 3444 urna
952 3394 1036 3459 atque
1054 3389 1151 3443 eadem
1170 3404 1253 3443 causa
1271 3389 1397 3444 diuersae
1415 3389 1567 3445 sententiae
1584 3388 1674 3459 proie—
1694 3405 1722 3447 so

239 3484 341 3534 rantur.
374 3479 440 3549 quid
462 3479 534 3534 enirn
558 3478 581 3532 si
604 3477 688 3532 fratre
711 3484 811 3547 agente
834 3478 950 3533 heredes
974 3478 1068 3547 scripti
1086 3478 1187 3532 diuersi
1205 3478 1271 3533 iuris
1289 3477 1418 3534 inerunt?
1450 3479 1524 3548 quod
1542 3481 1566 3535 si
1582 3478 1675 3550 fuerit,

237 3577 289 3638 pro
306 3574 384 3639 parte
402 3572 529 3638 testatus,
548 3583 598 3638 pro
616 3572 694 3636 parte
711 3568 858 3623 intestatus
877 3566 1031 3622 decessisse
1049 3565 1195 3622 uidebitur.
1690 3588 1692 3598 ι

184 3660 222 3719 25
293 3651 457 3713 mandore
476 3657 596 3712 secundo
614 3657 839 3725 disputationum.
867 3654 970 3711 Sinon
987 3656 1082 3712 mortis
1101 3670 1185 3710 causa
1200 3653 1282 3710 fuerit
1293 3655 1432 3728 donatum,
1451 3657 1500 3713 sed
1519 3653 1676 3743 Q
1694 3667 1715 3722 s

239 3746 311 3800 inter
328 3747 417 3816 uiuos,
435 3746 488 3802 hac
504 3752 598 3802 tamen
616 3745 853 3815 contemplatione,
871 3741 903 3799 ut
920 3745 948 3799 in
966 3749 1092 3814 quartam
1110 3743 1254 3800 habeatur:
1271 3751 1364 3814 potest
1381 3746 1435 3801 dici
1452 3747 1596 3804 inofficiosi
1610 3763 1676 3818 que

239 3835 335 3890 reliam
354 3850 475 3906 cessare,
501 3837 524 3890 si
543 3840 667 3905 quartam
686 3835 714 3889 in
732 3834 879 3890 donatione
902 3832 985 3888 habet
1008 3839 1057 3889 aut
1073 3835 1097 3889 si
1116 3834 1206 3888 minus
1223 3832 1336 3905 habeat,
1355 3836 1428 3906 quod
1445 3836 1525 3893 deest
1541 3838 1594 3892 uiri
1611 3837 1676 3892 boni
1695 3850 1725 3891 so

208 3940 220 3984 1
238 3923 373 3979 arbitratu
396 3925 545 3994 repleatur:
571 3929 619 3979 aut
641 3928 716 3980 certe
738 3921 854 3979 conferri
877 3925 1004 3992 oportere
1024 3922 1053 3977 id
1071 3921 1145 3991 quod
1162 3922 1293 3978 donatum
1312 3928 1364 3978 ιιι.
1400 3923 1429 3980 Si
1448 3922 1676 4009 [ΕΜ

240 4014 314 4084 quis,
342 4029 404 4069 cum
427 4030 482 4070 non
504 4014 593 4084 possit
616 4014 651 4069 de
672 4011 825 4068 inofficioso
848 4012 938 4082 queri,
966 4011 1003 4066 ad
1027 4012 1175 4081 querellam
1196 4012 1332 4069 ιιιιὶιιιιι
1352 4029 1402 4084 pro
1422 4021 1500 4085 parte
1521 4016 1677 4070 rescindere

239 4108 434 4159 testamentum
461 4107 579 4174 temptet
604 4109 633 4158 et
659 4118 743 4158 unum
770 4100 823 4156 sibi
849 4100 977 4156 heredem
1005 4101 1101 4171 eligat,
1128 4105 1224 4156 eontra
1248 4114 1330 4172 quem
1357 4101 1501 4160 inofficiosi
1527 4105 1676 4174 querellam

239 4191 423 4262 F[P(VLU)]

187 4340 190 4346 ·
243 4316 429 4374 ι(Ιιιὶιιιιιιιιι
446 4333 468 4370 ι.
481 4331 504 4370 ι.
517 4331 542 4371 ι.
555 4332 581 4386 q.
600 4316 683 4372 soluit
699 4321 764 4370 ante
783 4314 818 4370 de
835 4314 910 4370 inoff.
924 4330 950 4383 q.
963 4316 1075 4371 actam?
1136 4316 1264 4387 'agitne
1283 4317 1337 4372 eo?
1407 4317 1561 4374 ³relietnm
1578 4317 1677 4385 (addit

241 4423 440 4478 1testamento
457 4423 522 4477 P·L
566 4423 702 4492 usenpoe
720 4423 762 4477 P·
805 4421 932 4477 3deser·
985 4438 1049 4477 cum
1058 4437 1093 4477 ex
1102 4437 1135 4478 eo
1144 4423 1259 4476 siPur
1276 4421 1548 4478 itexbereditatiP·
1566 4424 1676 4479 toton

239 4493 325 4547 uiiase
348 4494 376 4547 P
430 4495 447 4549 6
470 4493 674 4564 repetitione‘m'
697 4495 724 4547 F
740 4495 797 4560 (aad
820 4494 932 4558 dubium,
985 4494 1112 4548 duxerint
1126 4494 1249 4562 PVLUl
1264 4492 1378 4549 iecerint
1391 4495 1436 4549 uel
1450 4495 1581 4550 soluerint
1594 4491 1676 4560 PLU,

241 4584 301 4618 nam
314 4580 340 4618 m
353 4567 630 4637 ltttesusttmpuncta)
670 4564 879 4620 'lhereditatem
893 4565 933 4618 Ρ*ι
985 4563 1081 4620 iecerit
1108 4566 1152 4620 uel
1178 4565 1290 4620 soluerit
1310 4566 1338 4620 V
1386 4567 1420 4621 31
1448 4565 1630 4621 excludantur
1654 4566 1680 4619 P

242 4635 441 4705 9competere]
460 4651 507 4691 eos
525 4642 619 4706 petere
637 4637 678 4691 P·
721 4638 756 4692 10
773 4635 876 4692 iiliu‘c's
889 4634 929 4704 F!
985 4639 1021 4692 32
1033 4637 1140 4706 egerint
1150 4636 1229 4690 PVL
1270 4637 1305 4692 34
1318 4637 1404 4691 xluiiii
1417 4637 1499 4703 PLU,
1512 4639 1675 4724 quinquags.

240 4705 389 4831 iFmpZditus
411 4708 452 4761 P·
506 4709 540 4762 12
562 4707 684 4810 occipitia
695 4708 723 4762 P
774 4711 807 4763 lt
825 4707 934 4832 paratgi:
986 4722 1060 4763 nono
1073 4708 1101 4762 V
1124 4706 1300 4763 ddfraterP·
1315 4710 1320 4778 Ι
1335 4707 1680 4794 memntliuenntlJVLU

238 4848 278 4903 q
294 4779 683 4919 retlidttini.
696 4779 933 4922 'distintis
986 4778 1095 4904 {viii
1111 4781 1391 4977 [ἶῗὲιῗζιιηῖ
1410 4779 1675 4917 emathiitdbm,

241 4934 379 4991 proponas
397 4919 529 4975 1²⁶ch
573 4922 608 4976 25
625 4927 655 4976 et
674 4923 811 4977 om,P⁰L·
826 4922 831 4989 Ι
846 4924 934 4976 retem
987 4919 1106 4978 inoffih
1158 4923 1194 4978 43
1212 4921 1254 4978 sib
1281 4942 1330 4980 om.
1343 4923 1384 4976 P·

241 4997 300 5048 tum
323 5011 372 5048 ona.
384 4991 426 5046 P·
483 4991 518 5047 at
542 4991 652 5062 qu'a'eri
672 4994 698 5047 F
746 4994 782 5049 28
805 5008 868 5048 cum
890 4992 934 5063 eo]
