4410 5334
330 201 459 252 mnne
1008 173 1092 256 871
1439 180 1588 250 XXVIIII
1612 185 1626 248 1
1651 189 1769 246 21-ua

241 335 246 342 ’
329 340 389 398 elma
406 340 443 396 ad
460 353 509 397 eos
526 340 672 396 demunt
688 339 736 410 qui
753 338 826 396 mitti
843 338 934 396 solent
948 337 979 394 ld
994 335 1159 396 benedeium
1175 337 1312 410 pertlnere
1329 338 1512 396 existimauit:
1530 339 1682 396 seeundum
1694 340 1770 410 quod

329 444 418 500 neque
435 427 589 500 praefectos
607 443 697 499 neque
714 426 840 485 tribunos
858 431 908 484 aut
925 431 1045 498 eeteros,
1069 427 1117 497 qui
1134 427 1339 484 meoessoribus
1357 428 1479 498 atneptis
1497 428 1614 484 mdiure
1631 427 1769 499 desinunt,

328 517 382 574 boe
398 517 572 588 priuilegium
589 517 740 574 babituros.

273 609 312 669 ιι
382 605 558 663 llnaemrus
578 607 648 664 libro
670 611 768 678 quarto
791 603 1003 662 institutionum.
1038 603 1117 660 Miles
1134 601 1206 660 ullus
1223 601 1340 660 famlias
1358 603 1382 660 sl
1400 601 1498 688 eut,
1507 617 1545 672 11,
1555 616 1578 663 u.
1598 615 1625 663 n.
1636 617 1674 673 ou,
1687 617 1726 674 ιι,
1740 618 1769 665 ιι
1801 617 1822 672 s

330 695 420 766 eapite
438 695 559 752 minutus
576 693 672 766 luerit,
691 696 735 752 uel
754 693 943 764 emanntpatns
960 693 1006 749 uel
1023 692 1053 748 in
1070 691 1246 762 adoptionem
1264 692 1346 749 datus
1364 709 1382 749 a
1398 699 1477 765 petre
1495 709 1555 764 suo,
1573 700 1768 752 testamentum
1788 711 1801 752 u

330 785 390 841 elus
407 784 482 840 uslet
498 785 578 854 qumi
596 799 630 840 ex
648 799 722 840 noua
740 783 890 840 uoluntate.

273 874 312 934 33
382 873 614 930 imauumnuua
631 872 701 930 libro
719 871 851 942 singulari
868 870 904 926 de
921 868 1055 926 omuensi
1071 868 1188 940 peeulio.
1223 868 1301 926 Idem
1319 874 1349 925 et
1365 869 1389 925 ai
1405 875 1486 940 pater
1502 868 1619 926 familie:
1637 870 1715 926 mdes
1732 869 1769 925 de
1788 873 1830 928 'E

329 959 515 1017 teanensibus
532 960 614 1017 nebus
632 961 777 1018 dumtnret
793 964 912 1016 testatus
930 957 1119 1028 ndrogandum
1137 972 1168 1014 se
1185 956 1304 1014 dederit:
1323 958 1347 1014 si
1364 973 1431 1016 uero
1448 959 1550 1015 missus
1566 960 1621 1016 iem
1632 958 1686 1016 hue
1697 956 1769 1016 leue·

329 1055 380 1122 rst,
398 1065 453 1110 men
470 1051 546 1106 ualet
560 1053 765 1106 tesumentum.
1788 1065 1802 1106 o

272 1139 313 1200 tt
381 1139 592 1196 Fnonmmmus
607 1137 677 1194 libro
695 1138 802 1194 dmimo
819 1136 1029 1193 institutionum.
1059 1134 1149 1190 Diuus
1161 1133 1295 1190 intimus
1309 1127 1417 1192 Statilio
1435 1131 1467 1218 1.
1475 1148 1497 1204 ι,
1507 1147 1543 1203 ιι,
1557 1149 1579 1194 ι.
1599 1147 1626 1194 n.
1639 1148 1678 1204 eu,
1689 1149 1727 1204 ιι,
1738 1149 1768 1196 ne
1802 1148 1824 1204 s

329 1227 432 1284 Seuero
449 1229 489 1283 lts
505 1227 657 1298 metipsit:
676 1226 716 1282 ‘ld
732 1225 919 1298 priuilegium,
938 1223 1012 1294 quod
1029 1221 1210 1280 militnntibua
1227 1222 1322 1280 datum
1340 1229 1396 1295 eet,
1417 1230 1449 1282 ut
1466 1241 1577 1296 quoquo
1594 1225 1770 1284 modorfueta

330 1316 372 1373 ‘sb
390 1317 433 1372 his
450 1321 618 1372 testamenta
635 1319 696 1371 rata
713 1316 777 1384 siut,
796 1315 836 1370 sio
853 1313 974 1382 intellep'
992 1311 1085 1382 debet,
1103 1315 1135 1367 ut
1152 1312 1247 1381 utique
1264 1313 1340 1382 prius
1358 1319 1486 1370 eonstme
1504 1315 1605 1372 debent
1620 1319 1769 1372 testamen·

329 1405 395 1462 ‘tum
412 1404 517 1462 laetum
534 1419 610 1474 esse,
632 1403 707 1474 quod
724 1407 754 1460 et
771 1403 830 1459 sine
847 1402 983 1472 seriptum
1000 1405 1029 1456 et
1045 1417 1064 1457 a
1080 1416 1136 1457 non
1154 1400 1334 1458 militantibus
1351 1401 1410 1458 lieri
1427 1408 1527 1474 potest
1554 1404 1578 1460 ei
1596 1419 1662 1474 ergo
1681 1405 1767 1475 miles,

329 1494 372 1550 ‘de
390 1495 468 1550 euius
485 1492 565 1549 bonis
583 1491 658 1563 upud
675 1497 703 1548 te
720 1491 868 1562 quaeritur,
887 1489 1046 1547 oounooatis
1064 1488 1100 1544 sd
1118 1487 1170 1546 hoe
1186 1489 1350 1561 hominibus,
1368 1495 1401 1547 ut
1412 1492 1581 1548 uoluntatem
1593 1507 1671 1549 suam
1683 1497 1769 1550 testa·

329 1583 424 1654 'rotun
448 1583 489 1638 ita
505 1582 613 1638 loeutus
631 1585 688 1652 est,
712 1585 744 1637 ut
760 1580 925 1649 deoluraret,
943 1593 1025 1649 quem
1043 1579 1127 1634 uellet
1144 1577 1197 1634 sibi
1215 1593 1277 1635 esee
1294 1579 1423 1636 heredem
1441 1585 1470 1636 et
1487 1581 1532 1636 eui
1549 1580 1703 1638 libertatem
1721 1581 1768 1638 tri-
1788 1597 1817 1640 ts

328 1671 435 1728 liuere:
457 1675 551 1742 potest
574 1670 662 1726 uideri
687 1671 746 1726 aine
770 1669 872 1740 snripto
895 1667 948 1724 hoe
970 1667 1052 1724 modo
1075 1681 1137 1724 esse
1160 1671 1278 1724 testatus
1296 1673 1326 1724 et
1342 1667 1469 1724 uoluntas
1487 1669 1547 1724 eiua
1564 1675 1626 1725 reta
1642 1669 1770 1726 habende

329 1759 388 1816 'est
415 1759 545 1816 ustemn
564 1760 601 1830 si,
620 1763 652 1814 nt
667 1759 827 1829 plerumque
845 1755 1017 1813 sermonibus
1033 1753 1093 1812 fieri
1110 1756 1190 1826 solet,
1209 1756 1279 1812 dixit
1295 1757 1390 1813 ulieui:
1409 1756 1469 1827 ‘ego
1487 1760 1516 1813 te
1534 1757 1662 1814 heredem
1680 1757 1769 1829 leuio',

329 1848 385 1905 'aut
402 1848 460 1904 ‘tubi
477 1847 551 1905 bena
568 1862 631 1903 mee
647 1845 787 1917 relinquo',
805 1861 860 1902 nen
878 1851 987 1916 eportet
1004 1843 1057 1900 hoo
1073 1859 1124 1917 pro
1135 1848 1301 1902 testamento
1313 1843 1463 1902 obseruari.
1489 1861 1541 1902 nee
1552 1846 1668 1903 ullorum
1680 1848 1769 1917 magis

329 1937 458 2008 'lnmrest
476 1953 558 2008 quam
575 1936 706 2008 ipsorum,
724 1933 825 2006 qulbus
843 1933 872 1989 id
889 1934 1063 2005 priuilegium
1081 1933 1176 1990 dttnnn
1194 1938 1246 2005 est,
1264 1935 1399 1992 eiusmodi
1412 1936 1568 2006 exemplum
1579 1951 1635 1992 neu
1647 1935 1768 1992 ndmltti:

329 2026 456 2098 'alioquin
479 2039 534 2082 nen
555 2023 702 2082 difflenlter
724 2027 789 2095 post
810 2029 925 2079 monem
943 2023 1058 2078 alieuius
1079 2023 1173 2080 militis
1189 2026 1276 2080 testes
1294 2023 1456 2094 existerent,
1479 2025 1527 2094 qui
1544 2023 1721 2082 adfirmarent
1737 2039 1769 2082 ee
1788 2040 1817 2081 so

330 2115 448 2172 'audiun
465 2113 602 2171 dieentem
620 2114 756 2185 eliquem¹
774 2111 927 2182 relinquere
944 2126 976 2168 se
992 2111 1067 2169 bona
1083 2112 1128 2168 eui
1146 2112 1236 2169 uisum
1254 2112 1300 2183 sit,
1318 2117 1348 2168 et
1364 2127 1415 2184 per
1431 2111 1484 2170 hoe
1500 2113 1603 2170 iudioie
1620 2128 1687 2170 uera
1704 2111 1768 2170 sub·

329 2202 496 2260 uertuntur.

270 2295 311 2356 25
381 2293 562 2349 Hsnomue
579 2291 649 2348 libro
666 2290 798 2361 singulari
814 2303 1016 2360 responsorum.
1046 2288 1136 2344 iltius
1153 2289 1312 2360 priusquam
1323 2287 1450 2346 tribunus
1460 2291 1577 2362 legionis
1594 2286 1769 2376 Q
1801 2301 1823 2356 s

328 2379 419 2438 stetim
441 2385 530 2451 esset,
552 2385 748 2436 tesmmentum
770 2377 836 2435 feeit
857 2382 886 2434 et
908 2381 1007 2449 postes
1024 2377 1130 2433 elnotus
1147 2382 1277 2434 muuente
1295 2377 1393 2435 eodem
1411 2378 1558 2436 defunotue
1575 2387 1632 2436 eat:
1655 2396 1768 2452 quaero,

328 2485 364 2526 ιιι
381 2470 475 2526 militie
491 2473 686 2526 artnentum
705 2467 832 2524 uideatur
849 2481 920 2522 esse.
953 2467 1097 2523 limeellue
1114 2466 1269 2537 respondit:
1292 2471 1487 2524 testamentum
1505 2469 1579 2539 quod
1601 2473 1665 2524 ante
1682 2467 1767 2526 tribu·
1787 2485 1816 2527 uu

329 2564 423 2614 netum
445 2556 572 2628 lenisset,
595 2558 648 2614 nisi
669 2561 768 2628 postea
791 2556 828 2612 ab
852 2571 885 2614 ee
906 2555 1010 2612 laetum
1027 2555 1131 2610 dietum
1149 2569 1212 2612 esse
1229 2553 1392 2626 preberetur
1408 2556 1482 2627 quod
1500 2557 1592 2613 ualere
1609 2557 1708 2629 uellet,
1731 2557 1768 2614 ad

328 2661 472 2704 eommune
489 2647 533 2704 lus
550 2647 683 2717 pertinet:
706 2642 947 2702 constitutionibus
965 2644 1037 2699 enim
1055 2644 1209 2715 prinoipem
1227 2657 1282 2700 non
1299 2645 1416 2702 militum
1433 2650 1607 2716 testamenta,
1628 2645 1678 2702 sed
1696 2661 1768 2716 quae

328 2751 347 2792 ι
369 2735 500 2791 mllittbus
522 2734 597 2792 teuta
619 2739 685 2794 sunt
708 2732 915 2790 eenlirmantur:
939 2731 989 2788 sed
1011 2733 1093 2803 plane
1116 2730 1215 2788 feelsae
1237 2735 1433 2790 testamentum
1452 2749 1515 2790 eum
1532 2734 1767 2805 interpretandum

328 2831 379 2896 est,
397 2826 445 2896 qui
462 2839 493 2881 se
509 2825 582 2882 uelle
599 2827 793 2880 testamentum
811 2821 885 2894 qued
903 2826 967 2877 anto
984 2818 1089 2876 fetent
1105 2821 1198 2877 ualere
1216 2821 1307 2893 aliquo
1325 2821 1407 2878 modo
1424 2822 1583 2878 deelaruuit.
1786 2838 1814 2880 su

269 2917 310 2978 26
381 2913 511 2980 lllsomn
527 2913 598 2969 libro
611 2911 734 2969 meuudo
746 2911 912 2968 militarium.
938 2910 1117 2966 Testamenta
1134 2923 1236 2982 eorum,
1254 2911 1302 2980 qni
1313 2911 1479 2982 ignominiae
1490 2925 1576 2968 eausa
1593 2905 1766 2996 Q
1799 2921 1821 2977 ,ς
1837 2923 1853 2972 ι.
1864 2919 1919 2972 tte'

328 3003 405 3060 mlsei
423 3007 495 3074 sunt,
513 3003 607 3059 statim
625 3001 753 3057 desinunt
770 2999 879 3056 militari
896 2999 955 3055 iure
972 2999 1073 3070 uslere,
1096 2998 1171 3070 quod
1188 2999 1252 3056 anni
1270 3000 1390 3070 apetium
1406 3000 1580 3058 testamentis
1597 3015 1700 3071 eorum,
1718 3003 1766 3071 qui
1962 2991 1967 3002 ’

327 3091 471 3148 honestam
494 3091 539 3147 uel
562 3091 714 3146 eumerium
732 3089 890 3146 missionem
908 3094 1078 3158 meruerunt,
1101 3087 1238 3144 tribuitur.
1265 3089 1308 3144 ius
1329 3089 1450 3146 tentandi
1467 3089 1503 3144 de
1520 3091 1666 3160 emtrensi,
1691 3090 1766 3160 quod

327 3179 390 3237 lllils
407 3179 525 3238 familias
542 3178 722 3236 militantibus
740 3192 901 3234 ooneessum
919 3181 970 3248 est,
980 3167 1025 3232 'nd
1043 3191 1100 3247 eos,
1117 3178 1165 3248 qui
1176 3177 1343 3250 ignominise
1356 3191 1441 3236 eausa
1458 3177 1619 3249 missisunt,
1638 3194 1693 3236 nen
1704 3194 1765 3250 per·

326 3270 405 3340 tinet,
422 3269 497 3340 quod
515 3269 568 3326 hou
584 3268 699 3340 preemii
714 3268 776 3323 loeo
794 3264 961 3322 merentibus
977 3264 1109 3322 tributum
1126 3267 1178 3323 est.
1783 3283 1814 3324 ιι

269 3363 309 3423 27
380 3359 561 3415 Psrmmuus
576 3356 646 3413 libro
658 3361 737 3413 sexto
749 3370 950 3426 responsorum.
978 3354 1107 3411 Centurio
1120 3355 1241 3411 seeundo
1253 3359 1419 3412 testamento
1429 3359 1573 3426 postumos
1591 3350 1765 3442 Q
1784 3367 1826 3421 *P

327 3445 443 3503 heredes
464 3447 584 3502 instituit
604 3461 696 3517 neque
716 3443 880 3502 substitutos
902 3443 991 3500 dedit:
1014 3441 1116 3514 qulbus
1138 3458 1193 3499 non
1211 3443 1290 3500 editis
1312 3444 1350 3500 ed
1367 3445 1493 3515 superius
1515 3449 1711 3502 testamentum
1734 3461 1765 3502 ee

327 3535 416 3592 redut
433 3540 552 3592 tentatura
569 3540 621 3592 est
645 3540 750 3605 uetere,
774 3548 846 3604 quae
862 3532 983 3589 seeundo
1000 3535 1167 3588 unnnento
1187 3532 1310 3604 eoripsit,
1333 3547 1396 3589 esse
1413 3533 1489 3590 irrita
1505 3533 1621 3605 plaeuit,
1645 3535 1698 3590 nisi
1715 3550 1763 3592 no·

327 3625 450 3681 minutim
468 3639 503 3680 ee
520 3623 709 3680 eonlirmnsset
725 3622 762 3678 ad
779 3623 898 3694 priorem
915 3622 1086 3678 eduntotem
1103 3635 1240 3678 reuersus.

269 3719 309 3780 28
379 3711 530 3770 Uurrsrrus
552 3711 622 3769 libro
643 3711 803 3782 trigessimo
826 3714 906 3768 santo
928 3709 965 3766 ad
985 3708 1126 3766 Sabinum.
1167 3709 1237 3766 ilum
1258 3707 1332 3768 tillus
1353 3707 1470 3766 familias
1494 3711 1573 3768 miles
1590 3707 1763 3797 Q
1795 3723 1848 3794 ss·

326 3801 492 3858 deoessisset
512 3799 569 3858 tilio
593 3799 735 3872 impubere
758 3798 860 3856 herede
885 3799 1012 3856 instituto
1038 3798 1118 3868 elque
1143 3796 1332 3856 substituisset
1357 3799 1386 3856 in
1412 3800 1458 3856 uui
1481 3805 1618 3871 potestate
1641 3803 1763 3860 manenti
1781 3816 1810 3857 to

324 3906 549 3977 limitatio)

326 4043 336 4077 ¹
355 4040 473 4110 aliquem
492 4041 539 4095 del.

326 4173 427 4227 leou⁴
445 4171 483 4224 θ’
498 4172 502 4238 Ι
517 4169 710 4241 pertinebit're
729 4169 767 4224 F*
817 4167 1017 4242 2praeieutoa]
1051 4169 1150 4227 ¹mbus
1163 4169 1200 4224 Ρ
1254 4169 1289 4225 15
1306 4169 1429 4226 deelnret
1444 4171 1508 4228 lust.
1524 4173 1530 4240 Ι
1544 4171 1673 4244 tribuere]
1686 4173 1763 4228 Μ·

324 4241 466 4307 F’DEIG,
481 4239 713 4312 perfeetosi'W
757 4242 967 4313 eprouueglnn
980 4241 1015 4296 Ρ
1069 4243 1205 4306 comitet,
1213 4240 1347 4297 tribueret
1356 4242 1570 4310 F’anutlu
1597 4245 1763 4301 loexistent

324 4308 453 4380 (mur)
507 4313 629 4383 lipatrel
649 4319 727 4382 purte
745 4313 781 4367 Ρ
832 4313 1016 4384 lteut⁴ylliu
1069 4313 1132 4368 Inst.
1148 4312 1453 4369 tlsubuertanturlnat.
1468 4315 1761 4386 tenisiJsvaulo,

324 4400 377 4440 nus
389 4383 425 4436 F‘
469 4383 744 4440 Btoata'men'tusF’
789 4385 824 4440 10
836 4384 955 4440 Statilius
967 4385 1016 4440 Se·
1069 4383 1135 4439 nimi
1153 4384 1177 4439 si
1195 4383 1231 4436 ΡΙ
1248 4385 1430 4454 {preparetur
1448 4385 1484 4438 li*
1538 4389 1572 4442 27
1591 4387 1641 4442 sed
1661 4407 1710 4442 om.
1723 4388 1761 4440 ΓΙ

323 4456 605 4510 tentamentum
618 4459 743 4511 moulon
756 4455 1018 4510 ordinationum
1069 4455 1105 4511 38
1123 4455 1376 4526 intnrprnetandnn
1395 4456 1430 4510 Ρ
1481 4457 1517 4512 30
1534 4457 1759 4528 ιιιιιιιᾱο“ο“Ι“Ἰ

324 4527 440 4592 (Ballou.
456 4527 586 4581 dell’lusl.
601 4527 678 4590 1867,
696 4527 758 4594 125)
781 4533 805 4581 sl
821 4527 949 4581 Arnum
1068 4526 1257 4597 qussquuel'l
1273 4528 1278 4594 Ι
1293 4527 1430 4597 ignomiae
1443 4527 1521 4583 Your.
1534 4548 1621 4584 more
1665 4530 1700 4584 31
1713 4528 1760 4585 de·

323 4603 391 4651 nisit
411 4615 479 4654 ease.
497 4597 545 4651 111
559 4598 643 4652 medie
666 4598 778 4661 (Annuit
801 4598 858 4652 dett
870 4597 962 4652 Inetl
1067 4597 1159 4654 sinant
1176 4599 1203 4652 F
1241 4597 1276 4654 32
1294 4601 1471 4655 mentuunt
1482 4599 1521 4652 F’
1535 4601 1540 4669 Ι
1556 4600 1699 4670 ennensi]
1712 4615 1760 4686 pe·

321 4667 438 4740 p2eet:
455 4669 669 4740 metsiptturbie
684 4675 830 4740 copitasustt
840 4669 945 4752 quidam
962 4675 1016 4723 uiri
1068 4669 1139 4726 tullo
1157 4669 1282 4724 adm:
1301 4669 1521 4742 upeuntt
1568 4672 1604 4727 33
1622 4672 1759 4742 ignomee

324 4739 393 4794 dost
416 4739 448 4794 de
472 4739 567 4794 Catilio
591 4739 687 4794 Seuero
750 4740 783 4794 11
809 4739 954 4810 priuilegio
978 4738 1014 4791 F¹
1069 4740 1247 4795 Taenaron
1316 4740 1441 4810 uetitis]
1460 4742 1618 4798 Zonstnsttus
1635 4750 1660 4798 et
1677 4743 1758 4799 Getu-

324 4809 359 4865 13
376 4813 405 4864 et
421 4824 440 4864 a
456 4823 512 4864 uon
529 4808 719 4879 militantibus]
738 4811 893 4866 auonmil.
906 4819 1015 4881 queque
1066 4820 1136 4876 etus,
1170 4811 1253 4867 aditis
1280 4812 1366 4878 ΓΜ,
1401 4811 1503 4868 additis
1531 4814 1595 4878 EO,
1630 4813 1703 4869 natis
1733 4814 1760 4869 Ι·

324 4880 531 4950 luet.lslergo
548 4897 585 4935 m.
603 4880 832 4952 d.o.b.atq.]
850 4882 875 4937 is
893 4896 1014 4952 orgum
1066 4881 1101 4938 37
1120 4881 1539 4953 ιοιὶριίιΜιιοιιιίιιιιιιιιιῈῑ
1589 4881 1781 4944 &munumina-

323 4948 653 5022 d.e.b.atq.si1nst
699 4953 733 5008 14
744 4953 873 5010 nomast
889 4954 894 5022 Ι
910 4952 1013 5010 *humi-
1065 4951 1173 5011 ιιῊω
1189 4957 1194 5023 Ι
1210 4953 1265 5024 aur]
1284 4969 1318 5011 es
1334 4955 1370 5010 Ρ
1473 4977 1477 4982 ⁶
