3600 5354
298 191 342 258 lll
368 195 383 257 1
405 200 485 254 1-2
755 290 758 295 .
984 185 1041 265 80
1691 210 1733 258 nn

297 348 487 415 magistratum
505 362 594 416 posse,
614 347 752 416 adspirare
771 352 863 402 autem
882 347 917 401 ad
936 361 1037 402 nouum
1054 346 1162 414 peniteas
1174 346 1324 415 prohiberi:
1343 347 1425 416 idque
1437 347 1530 402 multis
1543 345 1734 415 comprobatur

263 448 278 492 s
297 436 437 505 exemplis.
473 437 608 490 Remouet
625 440 717 490 autem
736 451 753 489 a
770 435 933 504 postulando
951 449 1001 502 pro
1020 435 1081 488 aliis
1099 439 1128 489 et
1145 449 1220 504 eum,
1244 435 1291 502 qui
1309 449 1423 503 corpore
1442 451 1492 490 suo
1511 435 1658 490 muliebria
1674 450 1734 504 pas-

297 539 345 579 sus
368 528 419 579 est.
456 525 479 578 si
497 525 559 592 quis
576 529 669 579 tamen
686 524 715 578 ui
732 524 900 593 praedonum
917 524 962 578 uel
980 522 1099 578 bostium
1118 527 1258 591 stupratus
1276 526 1332 591 est,
1356 539 1411 579 non
1429 523 1512 580 debet
1530 523 1635 592 notan,
1661 527 1691 578 ut
1708 527 1736 577 ot

296 612 463 680 Pomponius
486 613 532 666 ait.
566 613 658 682 etqui
676 612 785 680 capitali
803 613 915 666 crimine
934 611 1079 666 damnatus
1097 617 1152 680 est,
1176 625 1230 665 non
1249 610 1331 666 debet
1348 627 1398 680 pro
1416 613 1469 667 alio
1487 613 1639 680 postulare.
1672 612 1735 665 item

297 705 409 756 senatus
433 701 556 756 oonsulto
579 701 661 756 etiam
685 699 758 770 apud
781 700 885 754 indices
908 700 1047 768 pedaneos
1070 701 1210 768 posterlaro
1227 698 1386 768 prohibetur
1403 701 1556 756 oalumnioe
1575 699 1680 768 publiei
1697 699 1756 753 iu:

297 789 361 844 dieii
379 789 533 844 damnatus.
567 790 659 858 etqui
678 803 775 857 operas
793 804 871 858 suas,
894 792 926 844 ut
944 804 1006 844 oum
1024 788 1120 844 bestiis
1138 788 1322 858 depugnaret‚
1345 790 1485 844 looauerit.
1517 789 1625 844 bestias
1645 792 1735 843 autern

269 911 270 914 =
297 878 420 946 aooipere
444 876 576 932 debemus
600 893 635 933 ex
657 876 765 932 lenitate
784 877 885 946 magis,
908 891 991 946 quam
1009 893 1044 934 ex
1062 877 1185 934 animalis
1204 891 1317 946 genere:
1341 877 1489 946 namquid
1508 878 1531 932 si
1549 877 1593 933 leo
1612 877 1663 946 sit,
1688 875 1736 930 sed

297 971 468 1036 mansuetus,
491 967 535 1021 uel
554 966 608 1021 alia
625 965 738 1024 dentata
756 967 919 1020 mausueta?
948 981 1014 1036 ergo
1032 967 1079 1035 qui
1097 966 1199 1021 looauit
1216 967 1290 1021 solus
1308 971 1433 1036 notatur,
1456 967 1516 1020 siue
1534 965 1737 1034 depugnauerit

297 1056 356 1112 siue
374 1070 442 1110 non:
465 1055 539 1124 quod
558 1055 581 1109 si
600 1055 812 1125 depugnauorit‚
837 1069 904 1123 oum,
918 1069 972 1110 non
989 1055 1108 1112 looasset
1125 1069 1223 1123 operas
1241 1071 1319 1124 sues,
1342 1071 1397 1110 uon
1414 1053 1566 1110 tenebitur:
1590 1068 1647 1108 non
1666 1054 1736 1108 enirn

297 1144 346 1213 qui
368 1159 431 1198 eum
449 1142 545 1198 bestiis
563 1143 747 1212 depugnauit,
771 1141 921 1213 tenebitur,
945 1143 994 1198 sod
1012 1145 1059 1212 qui
1077 1158 1175 1213 operas
1194 1159 1258 1198 suas
1277 1144 1304 1198 in
1323 1143 1375 1198 boo
1392 1143 1502 1198 locauit.
1540 1143 1662 1211 demque
1681 1157 1736 1210 eos,
1755 1161 1756 1192 3

297 1233 344 1301 qui
361 1233 471 1287 uinetis
488 1231 674 1286 ostendendae
693 1245 777 1286 eausa
794 1230 845 1286 boo
863 1229 968 1287 iaciunt
982 1233 1044 1286 sine
1063 1231 1203 1303 meroede,
1222 1247 1276 1288 non
1293 1233 1381 1288 teneri
1399 1232 1476 1287 aiunt
1494 1235 1617 1301 ueteres,
1638 1231 1691 1286 nisi
1709 1232 1736 1284 in

296 1321 399 1376 barone
415 1321 490 1389 passi
507 1325 572 1374 sunt
590 1335 620 1376 se
637 1317 775 1375 honorari:
795 1335 843 1375 eos
861 1321 932 1375 onim
951 1325 1018 1389 puto
1036 1325 1129 1376 notam
1149 1337 1202 1376 non
1221 1321 1347 1376 euadere.
1375 1320 1425 1375 sod
1443 1321 1466 1375 si
1482 1319 1545 1389 quis
1559 1334 1660 1388 operas
1672 1334 1736 1373 suas

255 1437 256 1440 ε
296 1409 441 1478 locauerit‚
463 1413 495 1464 ut
511 1407 585 1464 ieras
602 1412 731 1478 uenetur,
750 1409 795 1464 uel
813 1413 844 1464 ut
862 1408 1034 1478 depugnaret
1051 1407 1137 1464 feram
1161 1424 1233 1479 quae
1256 1409 1361 1479 regioni
1379 1414 1473 1478 nooet,
1493 1413 1573 1464 extra
1590 1407 1735 1462 bereum:

296 1511 352 1554 non
370 1501 412 1552 est
429 1501 549 1552 notatus.
576 1497 618 1552 his
635 1497 720 1566 igitur
736 1497 868 1567 personis,
886 1511 958 1566 quae
975 1511 1030 1553 uon
1048 1498 1158 1552 uirtutis
1177 1513 1261 1554 oorma
1278 1517 1334 1552 cam
1352 1497 1448 1552 bestiis
1462 1500 1668 1566 pugnauerunt,
1686 1511 1735 1564 pro

296 1602 327 1642 se
344 1590 453 1655 praetor
469 1585 604 1656 pennittit
621 1587 747 1656 allegam,
766 1601 815 1654 pro
834 1586 887 1640 alio
904 1585 1038 1654 probibet.
1066 1586 1116 1642 sed
1130 1591 1174 1640 est
1186 1586 1390 1656 aequbsimum,
1408 1586 1432 1641 si
1449 1586 1565 1642 tutelam
1583 1585 1631 1639 uol
1642 1599 1735 1638 euram
1754 1603 1756 1636 1

273 1673 276 1682 “
295 1675 451 1732 brriusmodi
464 1689 601 1744 personae
620 1674 817 1744 administrent,
835 1675 974 1742 postulare
993 1675 1033 1730 eis
1045 1689 1094 1744 pro
1107 1674 1163 1744 his,
1175 1689 1290 1744 quorum
1304 1690 1397 1730 euram
1409 1678 1518 1744 gerunt,
1536 1672 1661 1730 oonoedi.
1688 1673 1735 1741 qui

296 1764 429 1819 aduersus
452 1778 486 1818 es
506 1762 605 1820 fecisse
623 1767 801 1834 monstretur,
826 1768 855 1818 et
871 1779 921 1832 pro
939 1763 999 1818 aliis
1017 1764 1162 1818 interdieta
1178 1764 1363 1832 postulatione
1381 1764 1519 1831 repellitur
1537 1767 1567 1816 ot
1584 1776 1636 1831 pro
1655 1762 1735 1816 aesti-

263 1853 415 1909 imatione
433 1852 531 1907 iudicis
549 1855 627 1906 extra
644 1851 767 1906 ordinem
785 1853 942 1920 pecuniaria
959 1867 1048 1922 poena
1059 1852 1232 1908 multabitur.
1260 1851 1298 1908 Ut
1315 1853 1393 1908 initio
1411 1852 1491 1906 buius
1502 1851 1581 1906 tituli
1594 1851 1665 1906 dixi-
1685 1845 1736 1933 [(Ῑρ

289 1957 370 2010 ετεε,
393 1945 451 1996 tres
474 1939 584 1995 ordines
605 1943 714 2008 praetor
731 1937 797 1994 feeit
815 1955 870 1996 non
887 1941 1098 2009 postulantium:
1122 1955 1236 2010 quorum
1255 1939 1299 1996 bio
1316 1941 1414 1996 tertius
1432 1945 1488 2008 est,
1513 1938 1615 2008 quibus
1634 1955 1690 1996 uon
1708 1940 1735 1994 iu

294 2035 383 2085 totum
405 2029 525 2098 denegat
546 2029 703 2097 postulandi
725 2026 897 2099 facultatem,
921 2030 970 2084 sed
989 2046 1023 2085 ue
1041 2045 1091 2098 pro
1109 2029 1235 2086 omnibus
1253 2029 1436 2100 postularent:
1460 2029 1540 2096 quasi
1559 2029 1652 2084 minus
1670 2027 1756 2082 deli-t

263 2129 277 2175 8
294 2119 403 2188 queriut
420 2118 622 2187 quantumi
640 2117 825 2186 superioribus
843 2118 980 2187 capitibus
999 2123 1134 2174 notantur:
1162 2118 1211 2174 Ait
1222 2123 1343 2186 praetor:
1363 2117 1422 2183 ‘Qui
1434 2117 1504 2188 lege,
1522 2116 1612 2185 plebis
1633 2112 1735 2199 Q

295 2207 379 2276 seito,
399 2211 511 2262 senatus
530 2205 667 2274 eonsulto,
690 2205 788 2274 edicto,
807 2206 918 2261 deoroto
935 2207 1087 2276 principum
1105 2207 1158 2262 nisi
1175 2222 1225 2276 pro
1244 2207 1325 2262 certis
1343 2207 1467 2275 personis
1485 2207 1627 2274 postulare
1646 2205 1734 2274 probi·

295 2295 414 2350 bentur:
433 2294 460 2350 bi
478 2309 528 2364 pro
547 2295 608 2363 alio,
626 2308 709 2362 quam
727 2309 777 2362 pro
796 2309 850 2363 quo
868 2295 968 2364 licebit,
987 2296 1015 2350 in
1033 2296 1091 2350 iure
1110 2296 1184 2364 apud
1202 2310 1250 2350 me.
1264 2310 1298 2349 ne
1316 2293 1472 2363 postulent:
1495 2293 1548 2350 boo
1566 2293 1660 2348 edicto
1673 2308 1734 2348 oon·

293 2384 415 2439 tiuantur
432 2383 515 2438 etiam
534 2383 580 2437 alii
598 2397 701 2451 omnes,
723 2383 770 2451 qui
789 2383 879 2438 edioto
897 2384 1030 2453 praetoris
1048 2389 1080 2438 ut
1098 2383 1210 2440 infames
1229 2388 1366 2453 notantur,
1385 2383 1433 2452 qui
1450 2399 1545 2438 omnes
1564 2384 1618 2438 nisi
1636 2398 1687 2452 pro
1705 2397 1735 2436 so

263 2479 277 2525 9
294 2477 323 2528 et
341 2472 423 2527 oertis
440 2472 563 2540 personis
581 2487 615 2526 ne
629 2472 775 2540 postulent.
805 2472 910 2526 Deinde
924 2472 1007 2526 odioit
1018 2477 1141 2541 praetor:
1156 2473 1215 2538 'Qui
1227 2488 1262 2528 ex
1274 2472 1316 2528 his
1328 2471 1463 2541 omnibus,
1482 2472 1529 2540 qui
1542 2487 1628 2540 supra
1640 2471 1734 2539 seripti
1751 2483 1756 2522 τ

296 2561 374 2630 bunt,
392 2562 421 2616 in
439 2561 575 2630 integrum
593 2561 741 2615 restitutus·
755 2575 809 2615 non
828 2561 886 2629 orit,
907 2559 986 2615 oum.¹
1011 2561 1069 2626 ‘uni
1088 2577 1123 2618 ex
1140 2561 1191 2630 his,
1209 2561 1257 2630 qui
1275 2573 1358 2630 supra
1376 2560 1470 2629 scripti
1488 2559 1559 2616 sunt'
1572 2560 1613 2614 sio
1626 2561 1733 2628 aooipe:

294 2651 318 2705 si
336 2649 419 2704 fuerit
435 2650 507 2703 inter
524 2663 579 2718 eos,
599 2649 645 2717 qui
663 2649 745 2703 tertio
763 2648 853 2703 edioto
872 2651 1044 2705 eontinentur
1062 2655 1091 2704 ot
1109 2651 1160 2704 nisi
1178 2665 1228 2719 pro
1249 2649 1258 2719 Ι(
1278 2651 1360 2704 oertis
1378 2650 1501 2718 personis
1519 2648 1663 2716 postulare
1674 2656 1756 2716 pro-t

248 2737 433 2793 inhibentur:
453 2741 573 2792 osterum
592 2739 615 2791 si
634 2737 880 2807 exsuperioribus,
899 2735 1008 2793 difficile
1027 2739 1054 2793 in
1072 2739 1209 2807 integrum
1227 2738 1363 2793 restitutio
1381 2736 1580 2807 impetrabitur.
1619 2737 1663 2790 De
1681 2751 1735 2804 qua

295 2831 387 2882 autem
404 2825 576 2881 restitutione
595 2815 705 2894 praetor
721 2825 860 2894 loquitur?
887 2831 978 2882 utrum
997 2826 1032 2882 de
1044 2842 1079 2881 ea
1090 2841 1161 2896 quae
1174 2843 1191 2882 a
1202 2827 1324 2896 principe
1336 2829 1381 2883 uel
1394 2844 1411 2882 a
1422 2825 1540 2882 senatu?
1566 2824 1735 2894 Pomponius

294 2915 415 2984 quaerit:
434 2917 463 2969 ot
479 2917 559 2984 putat
577 2913 611 2968 de
630 2927 664 2968 ea
681 2913 853 2969 restitutione
871 2930 989 2984 sensum,
1008 2930 1090 2984 ειτετε
1108 2916 1235 2984 princeps
1252 2917 1297 2970 uel
1316 2921 1428 2972 senatus
1443 2915 1564 2970 indulsit.
1593 2931 1630 2968 an
1642 2919 1756 2968 antem:

294 3009 323 3058 ot
339 3009 450 3072 praetor
467 3003 610 3058 restituero
627 3003 723 3072 possit,
742 3003 893 3072 quaeritur:
912 3008 940 3058 ot
959 3003 1024 3058 mibi
1041 3004 1151 3059 uidetur
1162 3004 1229 3060 talia
1239 3009 1396 3072 praetorum
1414 3004 1526 3060 decreta
1537 3017 1593 3058 non
1604 3017 1668 3057 esse
1681 3017 1734 3056 ser·

294 3093 394 3162 nanda,
412 3091 466 3146 nisi
483 3090 571 3145 sioubi
589 3105 623 3145 ex
642 3088 732 3146 officio
750 3091 943 3146 iurisdictionis
962 3107 1028 3146 suae
1041 3091 1241 3148 subuenerunt:
1259 3093 1331 3148 utin
1343 3097 1434 3148 aetate
1446 3091 1618 3160 obstruatur,
1638 3091 1735 3160 siquis

294 3181 427 3250 deeeptus
445 3181 489 3248 sit,
508 3179 661 3247 ueterisque
679 3179 823 3248 speciebus
842 3196 911 3250 quas
929 3181 981 3235 sub
999 3181 1079 3236 titulo
1097 3181 1132 3236 de
1150 3181 1179 3236 in
1196 3182 1333 3250 integrum
1351 3181 1734 3248 restitutioneersequemur.

293 3284 343 3339 pro
361 3283 417 3338 qua
434 3268 571 3323 sententia
588 3273 638 3338 est,
657 3267 731 3337 quod
749 3269 773 3322 si
791 3268 852 3336 quis
864 3267 975 3324 -samoso
993 3270 1093 3324 iudieio
1112 3269 1309 3326 ooudemnatus
1327 3286 1376 3340 per
1393 3271 1421 3326 iu
1433 3271 1570 3339 integrum
1583 3269 1735 3324 restimtio

247 3365 275 3409 11
293 3373 356 3412 nem
379 3355 461 3412 suerit
483 3357 638 3426 absolutus,
661 3357 828 3427 Pomponius
851 3362 931 3427 putat
954 3358 1026 3414 hune
1047 3356 1158 3414 infamia
1176 3359 1267 3416 eximi.
1304 3359 1410 3415 Deinde
1429 3359 1514 3414 adicit
1530 3361 1657 3428 praetor:
1676 3357 1736 3412 ‘Pro
1753 3369 1756 3406 ὲ

295 3445 355 3500 ‘alio
372 3461 408 3500 ne
425 3445 565 3516 postulent
581 3443 779 3515 praeterquam
790 3462 840 3516 pro
858 3450 984 3516 parente,
1003 3451 1118 3514 patrono
1136 3452 1265 3516 patrona,
1284 3446 1376 3502 liberis
1393 3446 1608 3517 parentibusque
1626 3446 1735 3515 patroni

279 3532 455 3612 ''patronaeb
474 3533 509 3588 de
527 3532 627 3602 quibus
645 3536 769 3604 personis
787 3533 838 3610 sub
857 3535 937 3590 titulo
955 3533 989 3590 de
1008 3535 1036 3589 in
1053 3535 1096 3588 ius
1114 3535 1240 3590 uooando
1257 3536 1364 3604 plenius
1382 3535 1509 3590 diximus.
1546 3535 1617 3590 lteur
1637 3534 1735 3590 adioit:

295 3621 429 3676 liberisue
448 3623 518 3692 suis,
542 3621 626 3677 fratre
643 3637 749 3693 sorore,
773 3639 870 3693 uxore,
893 3621 988 3678 sooero
1007 3638 1099 3692 soom,
1118 3639 1219 3692 genero
1238 3639 1321 3694 nuru,
1338 3624 1437 3680 uitrioo
1454 3638 1588 3692 nouerca,
1605 3623 1736 3693 priuigno

296 3708 436 3779 priuignus,
454 3711 556 3780 pupillo
574 3711 684 3780 pupilla,
695 3715 802 3786 sirrioao
819 3709 939 3780 furiosa,’
1754 3747 1756 3760 ·

258 3795 276 3854 2
348 3798 443 3854 Gerus
460 3798 529 3854 libro
547 3800 635 3868 primo
653 3799 689 3854 ad
707 3799 826 3855 edietum
844 3799 1018 3868 pmuinoiale.
1046 3797 1130 3856 'lauro
1144 3797 1241 3855 iatua':
1260 3815 1322 3856 oum
1335 3800 1395 3856 istis
1406 3815 1516 3871 quoque
1533 3815 1594 3870 per-
1615 3795 1756 3886 Q.

295 3887 369 3942 sonis
387 3893 496 3944 oumtor
514 3887 602 3946 detur.

293 3985 355 4054 FP(
358 3983 420 4054 11Π)

295 4119 304 4152 ¹
323 4115 351 4171 bi
368 4132 451 4186 quam
469 4119 608 4186 utiquam
627 4116 665 4170 ii?

294 4236 453 4293 2‘e'uutem
471 4239 498 4292 F
507 4239 512 4306 Ι
528 4237 651 4292 mulieris
668 4237 708 4292 P“
752 4238 849 4308 ὀρθὰ.
863 4239 919 4292 iud
932 4239 989 4294 PV
1038 4259 1086 4302 τεγ
1114 4241 1239 4295 iactibus
1267 4241 1321 4294 ἤτοι
1356 4242 1499 4294 blanditus
1532 4241 1582 4296 Rs·
1614 4245 1734 4316 (θερμὴ.)

294 4308 420 4362 bautern
439 4329 487 4362 om.
501 4309 573 4364 ΡΨ
616 4306 797 4364 tluuntate
815 4309 841 4362 F
884 4309 984 4364 8den·
1038 4312 1074 4366 23
1086 4311 1178 4382 quam]
1188 4312 1239 4366 nisi
1250 4325 1333 4380 quam
1341 4311 1402 4366 1³⁰?
1455 4311 1741 4370 liutiuinfamesf

293 4377 438 4446 ta'n’taFl
454 4380 596 4449 legauitF
634 4379 985 4450 9quod1F²PquuidF⁶,
1038 4385 1074 4437 26
1098 4383 1170 4452 eum]
1195 4397 1229 4437 ex
1248 4383 1289 4436 P⁰
1309 4384 1314 4449 Ι
1335 4382 1484 4452 sooipimus
1504 4383 1558 4436 PV
1609 4386 1647 4438 28
1669 4391 1734 4439 rest.

293 4449 368 4516 quad
384 4450 417 4503 F·¹
437 4452 442 4518 l
462 4465 517 4505 non
539 4450 611 4504 enim
693 4451 727 4506 10
750 4450 888 4505 tenebitur
909 4451 948 4506 bis
965 4451 992 4504 F
1038 4453 1113 4522 imp]
1122 4453 1321 4508 restitutionem
1333 4454 1491 4522 impetrauit
1502 4455 1546 4522 (⁶
1553 4453 1595 4508 bit
1608 4455 1646 4522 V)
1659 4455 1738 4510 PVU

294 4522 352 4583 (em.
365 4540 398 4572 m.
407 4521 435 4584 3)
478 4523 510 4576 11
524 4521 709 4576 ostendaedae
721 4523 767 4574 ΡΜ
815 4523 849 4576 12
861 4521 985 4577 honorari
1039 4523 1489 4594 3011111111]((ττεΡΙιιεΗᾱεΗΕἾ
1544 4525 1579 4579 31
1592 4531 1622 4579 et
1636 4526 1734 4596 praet]

293 4591 342 4642 Ν
358 4590 363 4656 l
379 4589 436 4658 eos]
449 4589 567 4646 hosPV
604 4593 730 4714 1311181
786 4597 828 4647 ret
837 4593 884 4656 1³⁶,
897 4598 928 4646 ut
940 4607 986 4646 ex·
1038 4599 1124 4662 praet.
1137 4595 1182 4658 F⁰‚
1200 4601 1232 4648 ut
1242 4600 1329 4664 praet.
1346 4595 1379 4648 U·
1433 4595 1468 4650 32
1486 4593 1583 4663 sicubi}
1600 4597 1733 4662 ouiPev,

293 4665 430 4730 pugnaret
442 4660 480 4714 1³⁸
526 4662 560 4717 14
571 4661 642 4730 oum]
658 4663 685 4716 P
735 4681 812 4727 ,ona
825 4664 865 4730 ΕΙ
880 4678 985 4732 pugna·
1039 4665 1062 4718 si
1081 4664 1125 4718 oui
1143 4664 1211 4718 ΡΨ
1261 4667 1296 4720 33
1313 4664 1395 4720 sub's'
1413 4667 1459 4732 ΕΙ
1481 4666 1643 4734 exsequitur
1662 4667 1733 4732 ΡΠ,

293 4729 698 4801 uem's'ntsspugnauerintU
741 4733 984 4803 lobniperatot.
1038 4735 1213 4802 exsequimur
1237 4733 1278 4788 P‘
1340 4736 1377 4790 34
1399 4733 1507 4792 famose
1528 4737 1564 4790 Ρ
1629 4738 1666 4792 38
1694 4737 1733 4806 pi·

293 4815 390 4887 3¹:⁰¹³·
400 4802 459 4886 ¹Pl'
501 4804 535 4857 18
553 4801 659 4888 titu'd’li
676 4805 702 4856 F
741 4801 984 4888 29donegetPfl
1038 4805 1140 4874 *aigro
1158 4806 1196 4858 F²
1219 4807 1276 4871 (em.
1287 4805 1421 4892 ‘priuigno
1443 4827 1477 4860 m.
1489 4807 1517 4874 3)
1571 4807 1606 4862 39
1630 4806 1733 4864 tirrioso

294 4872 985 5016 stetitteltleesetettet
1038 4874 1733 5014 :tltstatuttteittettt‘t·
