3600 5354
261 173 539 242 lirun-131
945 167 1002 250 58
1165 161 1168 166 ’
1462 194 1690 244 namus

212 341 214 346 ’
260 333 365 388 alendis
388 331 480 389 liberis
502 331 660 404 parentibus
683 334 820 405 patronis:
843 338 892 389 ant
913 332 948 388 de
972 332 1099 389 adeunda
1120 337 1249 405 snspsots
1271 333 1435 390 hereditate:
1458 338 1507 390 aut
1527 337 1563 388 nt
1578 338 1693 405 aspeolu

260 426 338 478 οῦτοι
354 423 453 478 iniuria
470 423 642 478 aestimetur:
661 423 706 478 nel
723 419 975 478 fidoioommissaria
991 421 1102 478 libertas
1118 423 1309 493 pessundat

222 509 242 568 3
312 511 389 567 lnsrs
406 510 474 567 libro
493 511 613 568 seeundo
631 511 667 566 ad
685 510 813 568 edietum.
841 509 916 568 Solet
933 510 1016 566 etiam
1033 512 1131 568 messia
1148 512 1399 582 uindemiarumque
1410 517 1534 582 temporo
1553 504 1730 594 Qu

259 601 304 656 lus
327 601 382 656 dloi
405 601 440 656 de
458 599 540 655 rebus
558 615 629 670 quae
646 605 769 671 temporo
787 601 832 656 nel
849 605 936 655 morte
953 601 1089 670 perituros
1107 607 1180 656 aunt
1213 607 1313 657 morte:
1337 601 1422 657 ueluti
1439 599 1517 656 usu:
1541 599 1638 656 damni
1655 601 1694 655 in-

259 690 359 744 luniae:
377 689 536 745 iniuriarum
555 689 700 744 atrocium:
719 690 766 758 qui
784 689 819 744 de
835 688 961 744 lnoendio
979 689 1057 744 ruina
1074 689 1216 760 naufragio
1234 695 1294 746 rate
1312 704 1383 746 naue
1396 693 1556 760 expugnata
1567 689 1695 758 rapuisse
1710 703 1721 744 s

260 779 398 834 dicuntur:
417 783 447 833 et
463 779 487 834 si
505 793 575 848 quae
594 778 695 832 similes
713 783 785 833 sunt.
812 779 879 833 item
896 777 920 832 si
937 791 981 832 roo
999 781 1122 850 tempore
1139 780 1275 849 periturae
1293 785 1364 834 snut
1375 785 1422 834 aul
1435 778 1551 834 aemonis
1564 777 1627 832 dies
1638 778 1694 832 exi·

197 877 208 922 1
226 877 242 922 a
260 872 336 923 turus
355 872 405 922 est.
432 865 568 922 Liberalia
585 881 694 937 qnoque
710 865 812 922 iudioia
829 867 902 922 omni
919 871 1042 937 tempore
1058 866 1197 923 finiuntur.
1224 869 1294 923 Item
1311 867 1342 922 in
1358 883 1430 936 eum,
1447 867 1495 938 qui
1512 866 1582 936 quid
1595 866 1693 922 nundi·

172 1023 175 1032 *
259 971 354 1012 narum
372 955 481 1012 nomino
499 953 632 1010 muamus
650 969 821 1012 eommunem
839 956 982 1010 utilitatem
1002 957 1012 1028 ll
1032 957 1175 1027 aooeporit,
1194 957 1406 1026 omnitempore
1423 956 1467 1010 ius
1484 955 1594 1010 dieitur.
1708 961 1760 1014 tlt

221 1042 241 1102 4
311 1047 430 1101 Pennus
447 1043 515 1100 libro
533 1043 620 1114 pn'mo
638 1043 675 1098 ad
692 1043 820 1100 edietum.
848 1046 990 1102 Praesides
1008 1046 1209 1116 prouinolarum
1226 1060 1261 1100 ex
1276 1043 1472 1100 oonsueusdino
1484 1059 1530 1099 ou-
1550 1039 1733 1129 fflll

258 1135 355 1205 iusque
372 1134 425 1189 looi
443 1134 531 1189 solent
547 1132 645 1188 messis
663 1132 914 1204 uindemiarnmque
933 1136 1034 1190 oausa¹
1050 1140 1160 1204 tempus
1178 1140 1306 1190 statuere.
1712 1148 1737 1188 ιο

222 1219 240 1279 5
311 1222 461 1279 Unnlsuus
477 1221 546 1278 libro
564 1223 755 1293 sexagensimo
778 1223 898 1280 seeundo
920 1223 957 1279 ad
980 1223 1107 1279 edietum.
1134 1223 1224 1278 Pridie
1245 1221 1376 1278 kalendas
1392 1221 1533 1278 hnuarias
1553 1217 1735 1308 [Elios

258 1313 435 1382 magistratus
452 1327 542 1382 neque
559 1312 602 1366 ins
621 1311 720 1382 dloore,
739 1311 788 1366 sed
806 1327 857 1368 noo
875 1314 917 1368 sni
934 1317 1098 1384 potestatem
1115 1310 1206 1368 fauere
1224 1316 1396 1368 oonsuorunt,

222 1397 240 1457 6
311 1401 389 1456 lnau
404 1401 473 1457 libro
491 1401 712 1472 sepuragensinno
731 1402 846 1472 septimo
864 1402 900 1457 ad
919 1402 1047 1457 edietum.
1082 1399 1112 1456 Sl
1128 1399 1232 1456 femus
1250 1399 1347 1456 diebsn
1364 1397 1446 1455 merit
1461 1399 1532 1455 indi·
1566 1411 1622 1468 lat.
1632 1409 1735 1470 ruod

258 1494 357 1560 οοίοοιιι,
375 1491 436 1560 lege
454 1494 563 1546 nautum
582 1494 633 1560 ost,
654 1505 688 1544 ns
706 1489 749 1544 his
767 1489 864 1546 diebus
882 1491 1012 1546 iudloinm
1030 1490 1066 1545 sit
1079 1487 1131 1545 nisi
1143 1503 1177 1543 ex
1189 1489 1329 1552 uoluntate
1341 1489 1466 1559 partium,
1485 1495 1515 1544 st
1526 1491 1604 1560 quod
1615 1478 1695 1548 siffis

259 1578 390 1634 aduersus
413 1593 447 1634 ea
470 1578 619 1633 iudloatnm
643 1579 695 1633 erit
716 1593 750 1634 ne
774 1579 834 1648 quis
857 1579 1006 1635 iudioatum
1029 1577 1119 1634 taoere
1137 1591 1208 1633 neue
1225 1578 1331 1633 soluere
1349 1577 1461 1648 debeat,
1486 1593 1558 1634 noue
1576 1580 1640 1650 quis
1658 1580 1693 1635 od
1712 1594 1736 1636 ιο

258 1682 339 1738 quem
358 1667 392 1722 de
410 1682 444 1722 oa
461 1681 491 1722 re
508 1667 536 1722 in
553 1667 597 1722 ins
615 1665 717 1722 aditum
737 1667 790 1722 erit
806 1667 955 1724 indioatnrn
972 1667 1063 1724 isoere
1081 1671 1170 1738 nogat

222 1751 240 1810 7
310 1756 388 1812 Innsr
409 1755 478 1818 libro
500 1757 588 1828 primo
610 1755 644 1812 de
668 1753 760 1812 offiolo
783 1758 910 1814 consulis.
948 1756 1076 1818 Oratione
1098 1755 1207 1826 quidem
1231 1755 1289 1810 diui
1305 1755 1389 1810 llaroi
1412 1755 1529 1826 amplius
1553 1750 1694 1842 Q
1710 1765 1749 1842 ps

258 1861 339 1916 quam
358 1845 441 1900 semel
459 1860 513 1900 non
532 1861 593 1901 esse
611 1845 728 1904 dandam
746 1846 986 1902 instrumentorum
1006 1845 1162 1900 diletionem
1181 1859 1340 1914 expressum
1358 1849 1414 1899 ost:
1434 1843 1484 1899 sed
1501 1845 1630 1901 utilitatis
1641 1847 1693 1904 litl-

258 1934 380 2004 gantinm
398 1935 488 2003 gratia
505 1949 589 1990 osusa
606 1935 716 2005 eognita
733 1939 762 1990 et
779 1935 877 1990 iterum
896 1935 990 1991 dilatio
1007 1940 1064 1990 tam
1083 1949 1118 1989 ex
1136 1933 1235 1989 eadem
1255 1947 1338 2002 quam
1360 1947 1395 1988 ex
1417 1931 1472 1988 alia
1488 1935 1635 2004 prouinoia
1652 1951 1694 1992 se·

258 2022 376 2079 eundum
395 2022 570 2078 moderamen
587 2023 707 2080 looorum
726 2024 857 2094 impertlrl
870 2025 947 2094 solet,
966 2029 995 2080 ot
1005 2024 1123 2080 maxime
1134 2023 1159 2077 si
1171 2021 1272 2091 aliquid
1284 2021 1453 2092 inopinatum
1466 2027 1600 2093 emergat
1627 2024 1694 2080 illnd
1711 2039 1737 2080 οο

258 2111 419 2182 uidendum,
442 2112 466 2167 si
487 2110 634 2168 defunotus
656 2114 793 2184 sooeporlt
816 2113 934 2183 aliquam
958 2111 1114 2168 ddationem
1137 2115 1249 2182 propter
1268 2111 1461 2180 instrumenta,
1484 2127 1522 2168 an
1538 2115 1695 2170 suooessorl

258 2216 366 2272 qnoque
384 2201 443 2256 eius
461 2200 521 2256 dari
534 2199 642 2272 debeat,
660 2217 695 2257 an
707 2217 783 2271 uero,
802 2202 867 2272 quie
883 2203 938 2257 iam
953 2202 1020 2257 data
1031 2206 1081 2270 est
1100 2201 1216 2271 amplius
1228 2199 1287 2255 dari
1297 2215 1354 2255 non
1365 2200 1471 2270 possit?
1497 2205 1526 2256 et
1537 2203 1630 2272 magis
1642 2207 1694 2273 aet,

258 2297 290 2346 ut
307 2295 336 2345 et
352 2288 397 2344 nlo
414 2303 498 2344 eausa
514 2291 625 2359 eognita
641 2291 700 2346 dari
718 2290 832 2346 debean
1562 2340 1566 2358 ,

221 2371 241 2431 8
311 2379 430 2434 Panno·
451 2377 520 2434 libro
542 2378 746 2434 tertiodecimo
769 2380 805 2435 ad
824 2378 964 2436 sabinum.
996 2373 1071 2434 liora
1090 2364 1408 2463 pontesursum.
1421 2380 1693 2452 'Ponansapas
1710 2389 1730 2442 s

259 2467 384 2523 Romano
401 2465 461 2522 dies
479 2482 496 2522 a
514 2467 605 2522 media
620 2473 701 2524 noete
719 2469 814 2539 insipit
831 2473 860 2524 st
877 2468 1016 2538 sequentis
1033 2469 1122 2522 noetis
1135 2467 1226 2524 media
1236 2473 1314 2538 purte
1325 2467 1425 2524 finitur.
1452 2469 1546 2539 itaque
1558 2471 1693 2542 quidquid
1710 2483 1736 2526 ιο

258 2556 287 2611 ln
305 2555 347 2610 his
364 2555 463 2626 niglnti
479 2563 608 2626 quatuor
623 2556 711 2627 horis,
735 2557 764 2614 ld
782 2563 826 2613 est
842 2555 950 2612 duabus
968 2556 1116 2613 dimidlotis
1134 2556 1259 2614 noodbns
1277 2561 1306 2612 et
1322 2558 1383 2612 lnoe
1401 2557 1503 2628 media,
1527 2565 1622 2616 aotam
1641 2567 1692 2632 est,

257 2644 370 2714 perinde
387 2650 438 2716 est,
456 2646 535 2716 quasi
552 2646 649 2716 quouis
666 2645 734 2701 hora
750 2646 818 2702 luois
837 2651 928 2701 aetum
946 2651 1038 2702 esset:

140 2795 142 2800 .
223 2728 242 2787 9
311 2731 461 2788 insonus
478 2733 546 2790 llhro
564 2735 680 2804 septimo
698 2735 733 2790 de
752 2733 843 2790 offioio
860 2734 1038 2805 prooonsnlis.
1057 2733 1153 2790 *Dium
1170 2735 1304 2790 'ltalanus
1318 2735 1430 2791 ¹llirnioio
1442 2735 1533 2792 Natali
1553 2733 1729 2820 [firm

257 2822 397 2892 resorlpsit
418 2821 500 2878 ferias
523 2839 541 2878 a
560 2821 714 2880 loreontos
732 2829 838 2880 tantum
857 2823 974 2893 negotiis
992 2823 1261 2894 damnanationem,
1285 2839 1320 2879 ea
1337 2829 1441 2894 autem,
1466 2839 1537 2894 qnae
1556 2814 1692 2884 M

257 2911 360 2982 pllnam
377 2911 519 2966 militarum
537 2913 681 2982 pertinent,
700 2913 783 2967 etiam
800 2910 904 2967 feriatis
922 2911 1018 2968 diebus
1030 2911 1200 2983 peragendo:
1218 2913 1290 2968 inter
1301 2927 1371 2983 qnae
1383 2914 1570 2970 custodiarum
1583 2931 1693 2986 quoqne
1710 2928 1736 2970 οο

257 2999 440 3070 oognitionem
458 3015 527 3056 esso.

202 3083 242 3143 10
309 3089 428 3144 Peneos
445 3087 514 3144 libro
532 3089 626 3159 quinto
645 3089 848 3144 sententiamm.
876 3089 909 3144 In
926 3089 1089 3159 pecuniariis
1107 3091 1197 3145 oensis
1215 3091 1336 3146 omnibns
1354 3091 1449 3147 dilatio
1460 3091 1514 3148 sin·
1547 3101 1734 3162 Β.7,17,ιοΡ

257 3177 329 3247 gulis
348 3179 438 3234 oensis
455 3178 516 3248 plus
535 3178 619 3233 semel
637 3176 719 3232 tribul
737 3192 792 3232 non
809 3183 914 3247 potest:
934 3179 963 3233 in
977 3177 1140 3250 ospitalibus
1157 3173 1253 3236 antem
1268 3195 1317 3236 reo
1333 3185 1390 3236 tros
1407 3169 1691 3253 diladonesffi

257 3267 310 3322 tori
328 3264 400 3322 duae
420 3266 478 3322 dari
495 3273 622 3336 possunt:
641 3265 695 3322 sed
708 3271 854 3337 utrumque
871 3281 956 3322 nausa
973 3268 1091 3337 eognita

925 3421 1022 3504 xm.
1211 3373 1212 3376 ‘
1669 3405 1735 3486 ὀ

754 3555 894 3636 nnn
921 3555 1192 3635 sosanna
1251 3649 1256 3654 ,
1418 3567 1420 3572 ’

222 3709 238 3765 1
310 3710 461 3768 Unnmnns
484 3711 552 3768 libro
576 3718 672 3783 quarto
696 3713 732 3770 nd
755 3713 883 3770 edietum.
919 3713 980 3780 Qua
1002 3715 1116 3785 quisque
1137 3714 1243 3770 eodone
1261 3729 1343 3785 agere
1361 3715 1447 3786 uolet,
1472 3730 1532 3771 sam
1553 3710 1733 3800 fflli

258 3800 339 3856 edere
363 3800 458 3856 donst:
483 3817 546 3856 nam
570 3802 762 3871 aequissimum
786 3802 895 3858 uidetur
917 3818 981 3858 eum
1001 3804 1176 3882 quiwaoturus
1194 3807 1237 3868 est
1254 3803 1335 3858 edere
1353 3803 1503 3874 ontionem,
1526 3809 1558 3860 ut
1576 3805 1691 3876 proinde

257 3889 328 3944 solat
344 3897 415 3960 reus,
434 3895 524 3946 utrum
543 3889 640 3947 oedere
659 3907 694 3946 an
712 3890 877 3946 oontondere
891 3893 963 3948 ultra
974 3891 1082 3961 debeat,
1100 3899 1136 3961 et,
1156 3893 1178 3947 si
1197 3891 1416 3949 contendendum
1434 3897 1520 3964 putat,
1539 3893 1636 3950 uenat
1652 3895 1691 3950 in-

256 4005 382 4076 ffiVU)

993 4119 1177 4126 n-—an———a—
1182 4117 1690 4128 *μ’-Ἥ

260 4177 267 4212 ¹
286 4175 332 4229 uel
349 4174 384 4229 de
403 4173 458 4229 io.
477 4173 601 4230 libertate
618 4175 802 4246 praestanda?
876 4176 887 4212 ²
905 4189 989 4231 oousa
1006 4177 1052 4230 del.

259 4318 342 4371 lant
359 4315 394 4370 de
412 4315 467 4388 ad]
491 4321 539 4372 aut
555 4317 599 4372 ad.
619 4317 675 4371 PV
723 4317 877 4374 lininriae
898 4337 946 4372 σοι.
1000 4319 1224 4389 eomprehoneum
1250 4319 1332 4374 PVU
1401 4321 1435 4376 19
1461 4317 1546 4388 t‘r’am
1575 4318 1645 4376 e'a'x
1670 4319 1697 4374 F

257 4388 331 4442 P·V
371 4387 547 4444 oinoedioss
585 4389 643 4444 tsi
661 4389 713 4458 res]
726 4389 806 4465 sPU,
823 4391 946 4456 rosill‘,
999 4392 1035 4446 20
1057 4391 1270 4446 moderationem
1294 4391 1350 4444 PV
1408 4392 1443 4448 22
1469 4391 1543 4462 qula
1565 4392 1630 4447 i⁴am
1654 4392 1691 4446 Ρ

258 4460 323 4514 sire
337 4459 376 4525 Fi
391 4459 548 4515 οοοὶοιιοΡΙ
583 4461 805 4530 utnusquam
841 4463 875 4516 10
884 4462 946 4516 mis
999 4463 1035 4518 24
1057 4462 1126 4518 libro
1149 4481 1198 4516 om.
1217 4463 1244 4516 P
1297 4463 1332 4518 25
1355 4461 1526 4532 sequenti'a's
1545 4464 1592 4530 Fl
1612 4462 1690 4533 quid-

258 4529 353 4584 sisi*
369 4533 374 4596 l
389 4532 532 4588 statureP
573 4533 606 4586 11
616 4533 807 4601 sexagensimo
816 4533 944 4602 seeundo]
999 4533 1075 4604 quid]
1093 4533 1167 4603 quod
1186 4533 1239 4588 PU
1289 4535 1324 4589 26
1341 4540 1458 4603 quatuor
1475 4535 1515 4600 Fi
1530 4540 1561 4590 et
1577 4553 1628 4588 om.
1642 4534 1692 4589 PU

254 4602 295 4656 nli
314 4601 373 4665 PV,
391 4618 429 4658 ru
446 4603 489 4670 Ul
504 4603 605 4688 pridias
624 4603 695 4670 PVl
711 4603 835 4659 kalendis
853 4605 946 4658 ianua·
1000 4605 1034 4660 27
1058 4612 1101 4659 est
1123 4623 1171 4658 om.
1188 4605 1215 4657 P
1232 4605 1237 4672 Ι
1256 4603 1353 4660 lno't'is
1370 4606 1417 4673 Fi
1438 4605 1519 4674 ossetl
1545 4613 1589 4661 est
1611 4605 1694 4661 PVU

257 4673 304 4727 riis
316 4671 355 4726 F'
399 4675 433 4728 12
445 4679 638 4742 magistratus
651 4675 688 4728 Ρ
703 4675 742 4743 ln
777 4675 945 4745 ue'o'iusFl
1000 4677 1035 4730 28
1058 4675 1217 4730 tralhunus
1241 4677 1277 4728 F'
1301 4678 1306 4744 Ι
1329 4677 1444 4732 munitio
1470 4678 1588 4732 naturali
1613 4676 1694 4732 PVU

258 4750 459 4800 oonsueuerunt
482 4745 544 4810 PU,
568 4751 731 4802 oensuerunt
829 4747 947 4816 141egt-
999 4747 1035 4801 29
1052 4746 1248 4816 dioisolpllnam
1271 4748 1298 4800 F
1344 4749 1380 4803 30
1401 4749 1473 4803 inter
1496 4748 1552 4803 'est'
1576 4763 1655 4819 quae
1670 4749 1696 4802 F

257 4815 310 4871 bus
332 4816 380 4885 ΡΙ
401 4816 539 4887 iudicium]
562 4817 711 4872 iudicatum
735 4817 787 4872 PU
838 4819 872 4874 15
895 4817 946 4872 sol·
1000 4818 1035 4872 32
1052 4817 1186 4888 omnibus]
1206 4818 1269 4883 PU,
1291 4819 1380 4875 omnis
1396 4821 1424 4872 F
1476 4821 1511 4874 33
1528 4821 1591 4892 plus
1608 4837 1690 4892 qnam

257 4885 368 4942 borel*
400 4888 555 4959 liuditum]
565 4887 749 4944 adiudioatnm
759 4889 813 4944 PU
842 4891 946 4959 lipro·
1000 4889 1370 4957 sumelPlaousantorlF1
1424 4891 1460 4946 34
1477 4891 1531 4946 dno
1545 4893 1617 4956 ΡΠ,
1636 4891 1689 4948 duo

258 4959 471 5016 oonsullsPVU
519 4962 553 5016 18
571 4976 626 5016 non
643 4979 692 5015 om.
705 4960 740 5013 1Ἶ
757 4962 762 5030 Ι
777 4959 946 5032 expressum]
998 4961 1078 5014 F1P·
1131 4962 1463 5032 elemosmarum
1481 4963 1526 5032 ΡΙ
1541 4963 1652 5034 ageret·
1668 4963 1695 5016 F
