3570 5362
97 225 357 277 rummiens
378 227 546 276 monnone
708 239 712 248 ¹
773 201 858 286 351
1305 206 1529 275 illine-14

95 365 189 422 tuendi
211 365 265 422 dni
281 363 453 436 medatem,
482 365 565 420 etiem
587 363 723 420 notionem
746 363 854 420 olullem
877 361 994 434 indidit,
1024 363 1073 420 sed
1095 368 1174 420 extre
1196 364 1320 421 ordinem
1343 363 1530 434 interpelletur

96 469 210 526 preeses
228 459 258 511 et
278 455 334 510 iem
351 453 514 526 oompeiiere
531 451 615 510 debet
631 454 704 510 iusto
721 453 810 524 pretio
827 453 879 508 iter
896 453 923 508 ei
939 453 1086 524 promturi,
1109 453 1149 508 ite
1165 457 1272 532 temen,
1295 457 1327 510 nt
1344 451 1428 508 iudex
1445 451 1528 506 etiem

66 551 78 598 1
96 543 132 600 de
150 543 336 616 oportunitate
347 543 401 600 looi
412 543 569 614 prospioint,
586 557 622 598 ne
633 541 740 598 uioiuus
752 557 882 613 magnum
893 542 1014 612 potietur
1025 541 1228 598 detrimentum.
1252 540 1372 598 Senatus
1391 534 1530 626 Q

96 633 223 689 oonsulto
245 637 373 703 eunoun,
395 647 431 688 ue
453 647 521 688 usns
542 629 746 712 sepnlohrorum
763 631 1008 714 permutationibus
1025 633 1174 704 polluetur,
1197 631 1287 687 idest
1303 646 1339 686 ne
1356 629 1529 702 sepulchrum

65 723 182 778 nnlise¹
196 721 414 778 oonuersetionis
431 735 512 776 unuin
530 719 655 792 eoelpiit
681 719 863 776 Proetor‘eit:
883 719 970 787 'Quod
986 719 1090 777 ionem
1107 735 1192 778 oense
1208 723 1334 790 sumptus
1351 717 1461 775 inntens²
1478 715 1530 804 [ῖ-ιῗ)
1547 729 1561 774 s

65 819 79 864 t
95 809 164 882 'erit
182 811 242 868 eius
256 810 427 882 reoiperendi
438 810 547 866 nomine
559 810 587 865 in
602 825 674 880 eum,
692 807 728 864 ed
742 823 824 879 quem
836 821 871 866 ee
881 821 925 864 res
937 810 1062 880 pertinet,
1079 809 1210 866 iuditium
1222 807 1312 866 dubo*
1337 809 1398 864 iloo
1409 807 1529 864 edietum
1541 821 1547 828 ·

94 901 170 956 iuste
192 915 228 958 ex
249 915 335 956 oense
355 899 525 970 propositum
547 901 604 970 est,
628 898 725 969 utqui
742 897 879 954 innerenlt
895 903 1076 969 persequetur
1092 898 1122 954 id
1138 899 1212 970 qnod
1229 898 1375 970 impendit:
1398 899 1439 955 sio
1456 899 1529 956 enim

64 988 168 1061 ederi,
192 995 228 1046 ne¹
249 990 387 1062 insepulto
404 1002 520 1059 oorpore
536 988 659 1043 ieoerent
674 1001 745 1043 neue
762 987 825 1058 (pris
843 986 878 1044 de
896 987 985 1044 sileno
1001 985 1150 1046 sumeretur.
1185 989 1281 1044 Funus
1297 993 1391 1044 eutem
1408 1003 1472 1044 eum
1489 985 1528 1044 ie-

94 1093 159 1136 eern
182 1083 304 1150 oportet,
328 1093 409 1149 quem
428 1075 564 1134 deoodens
576 1076 679 1148 elegit:
703 1073 754 1133 sed
771 1077 795 1132 si
812 1091 868 1134 nou
885 1075 930 1132 lile
947 1075 1026 1149 ieoit,
1048 1078 1150 1134 nullern
1168 1091 1230 1134 esee
1249 1077 1329 1134 innius
1346 1077 1386 1133 rei
1403 1091 1529 1150 poenum,

93 1169 147 1225 nisi
165 1167 287 1238 eiqmd·
302 1182 353 1238 pro
369 1166 423 1223 hoo
442 1153 655 1222 emolumentum
679 1166 704 1222 ei
725 1167 850 1222 relietum
868 1169 925 1222 est:
947 1169 1014 1222 tuno
1030 1167 1118 1238 enim,
1143 1167 1239 1222 sinon
1256 1167 1377 1237 pmuerit
1393 1166 1530 1224 uoluntet'
1548 1175 1578 1220 ro

94 1255 231 1328 defuneti,
251 1255 288 1312 eb
304 1255 358 1313 hoo
374 1255 521 1326 repellitur.
554 1255 597 1312 sin
614 1260 707 1311 eutem
725 1255 760 1312 de
772 1254 830 1312 rheo
847 1269 878 1312 re
895 1253 1042 1312 deiunotus
1058 1271 1115 1313 uon
1132 1257 1219 1327 oeuit,
1237 1270 1289 1312 neo
1305 1257 1354 1312 ulii
1371 1256 1529 1328 delegetum

93 1346 123 1404 id
140 1361 241 1402 munus
255 1349 306 1416 est,
324 1345 446 1422 soriptos,
453 1341 569 1402 heredes
582 1357 671 1400 ee-res
683 1345 830 1416 ooniingit:
848 1345 966 1401 sinemo
977 1345 1095 1416 scriptus
1107 1351 1158 1418 est,
1174 1345 1312 1416 legitimos
1324 1345 1370 1404 uel
1381 1350 1528 1416 ornatos:

65 1443 78 1491 t
93 1449 219 1506 quosque
237 1449 288 1491 suo
305 1433 400 1490 ordine
418 1445 472 1504 quo
491 1433 651 1489 suooedunt
678 1432 811 1505 sumptus
827 1433 932 1502 dureris
949 1433 1114 1492 arbitrentur
1130 1449 1181 1506 pro
1194 1432 1371 1491 ieoultntlbus
1383 1435 1528 1506 ueldigni·

65 1531 152 1582 eluto
169 1522 302 1582 deinnoll.
335 1523 448 1579 Proetor
465 1523 511 1578 uel
528 1523 706 1592 megistretus
724 1523 949 1594 mnnioipelised
966 1521 1049 1580 funus
1066 1529 1206 1595 sumptum
1224 1523 1371 1580 deoernere
1389 1524 1486 1595 debet,
1504 1524 1529 1580 si

93 1613 205 1686 quidem
224 1615 269 1669 est
284 1612 402 1684 peounie
418 1612 447 1666 in
463 1610 624 1682 hereditete,
642 1613 696 1667 οι*
713 1613 842 1683 ροοοοὶοε
862 1613 886 1669 si
902 1628 958 1668 nou
975 1617 1027 1683 eet,
1046 1611 1197 1670 detrahere
1215 1612 1300 1670 debet
1316 1628 1358 1685 es,
1376 1629 1447 1685 quse
1460 1617 1528 1670 tem
1547 1624 1576 1668 ιο

93 1719 161 1778 poro
178 1703 302 1774 periture
318 1703 395 1774 sunt,
413 1713 529 1771 qnorum
546 1701 664 1778 retentio
681 1707 778 1758 oneret
789 1699 988 1758 ¹hereditstem:
1007 1704 1031 1759 si
1048 1704 1148 1775 minue,
1165 1703 1190 1760 ei
1207 1702 1274 1774 quid
1291 1703 1352 1760 euri
1367 1703 1528 1774 argentique

93 1789 184 1864 feerit,
203 1789 318 1848 dioboli
336 1793 385 1846 ent
400 1790 670 1862 piguereriiubebit,
688 1795 721 1846 ut
736 1792 854 1862 peounie
870 1791 1045 1863 expedietur:
1442 1815 1444 1824 .

27 1878 79 1938 :li
147 1883 244 1940 Germ
253 1880 330 1936 libro
347 1893 420 1936 nono
437 1879 545 1937 deeimo
562 1880 599 1936 ed
616 1880 737 1937 edietum
748 1881 923 1952 proninoieie.
950 1883 996 1938 nel
1007 1899 1025 1937 e
1036 1881 1205 1938 debitoribus
1217 1879 1333 1938 eiieoiie
1345 1879 1419 1950 exigi
1428 1879 1526 1951 possit.
1545 1875 1574 1932 E

21 1969 79 2027 :14
146 1971 300 2028 liumus
317 1967 386 2026 libro
403 1967 553 2026 uicensimo
572 1969 667 2041 quintu
685 1968 721 2026 sd
739 1969 868 2026 edieturm.
903 1971 941 2026 let
956 1971 982 2027 si
1000 1972 1062 2042 quis
1078 1970 1212 2043 impediet
1227 1985 1291 2026 eun
1309 1971 1356 2042 qui
1373 1970 1451 2040 emit,
1472 1983 1527 2038 qno
1547 1967 1574 2022 E

93 2062 185 2118 miuus
202 2059 230 2116 ei
247 2073 291 2115 ree
308 2057 465 2129 monum,
488 2063 643 2129 pmetonem
660 2059 824 2116 interuenire
841 2064 967 2130 oportere
984 2060 1110 2131 tuerique
1127 2057 1282 2117 huiusmodi
1299 2059 1403 2116 lentum
1421 2057 1528 2130 siquid
1547 2070 1576 2112 no

67 2157 78 2203 1
93 2149 228 2223 impediet
244 2163 300 2220 qno
318 2146 408 2204 miuus
426 2147 452 2202 ei
468 2161 514 2202 res
530 2148 660 2204 uenditee
676 2148 844 2205 tundentur‘.
872 2148 902 2206 Si
914 2150 1027 2206 oolonns
1038 2150 1084 2206 uei
1097 2149 1245 2220 inquilinus
1262 2149 1334 2206 sitis
1346 2148 1393 2219 qui
1404 2151 1528 2204 mortuus

94 2245 138 2298 est
155 2255 209 2298 neo
226 2239 265 2295 sit
279 2239 354 2296 uude
371 2237 520 2310 inureretur,
537 2251 572 2294 ex
588 2237 705 2294 inuentis
722 2238 804 2294 illstis
822 2253 884 2294 eum
902 2235 1083 2295 timerendum
1094 2239 1261 2310 Pomponius
1275 2237 1374 2296 sentit
1385 2237 1451 2293 etsi
1461 2233 1529 2307 quid

94 2328 264 2403 superfluum
281 2329 451 2399 remanserit
470 2327 522 2385 hoo
538 2343 589 2398 pro
607 2326 702 2390 debite
718 2328 849 2398 pensione
867 2327 962 2384 teneri.
994 2327 1044 2384 sed
1061 2332 1091 2384 et
1108 2328 1133 2384 si
1148 2343 1194 2384 res
1211 2329 1321 2399 legetis
1337 2327 1394 2384 sint
1410 2341 1428 2382 e
1444 2329 1541 2384 torto¹

93 2425 153 2478 tore
171 2418 208 2475 de
226 2417 305 2474 euius
322 2405 418 2474 iuuere
435 2419 527 2489 egitur
543 2431 596 2472 neo
613 2417 650 2472 sit
666 2415 740 2472 unde
757 2415 906 2488 feneretur,
924 2417 961 2472 ed
978 2431 1026 2472 ees
1044 2431 1154 2488 qnoque
1170 2416 1394 2474 menuemittere
1407 2419 1527 2486 oportet:

94 2510 182 2566 setius
204 2511 250 2563 est
272 2507 345 2562 enim
362 2507 397 2563 de
415 2521 467 2563 suo
483 2510 644 2562 testetmem
662 2503 794 2577 seneen,
818 2521 900 2577 quem
919 2507 1024 2576 eliquos
1041 2507 1134 2577 legste
1151 2505 1290 2576 oonsequi.
1327 2503 1394 2562 sed⁸
1411 2506 1435 2560 si
1452 2503 1529 2560 edite
1547 2516 1576 2562 ss

93 2597 177 2656 inerit
192 2599 293 2668 postte
309 2595 461 2667 heredites,
478 2609 524 2651 res
541 2596 658 2667 emptori
675 2593 825 2652 enierendo
842 2609 897 2652 uon
915 2600 965 2666 est,
984 2596 1049 2666 quie
1065 2594 1155 2652 bonne
1172 2593 1237 2650 idei
1254 2610 1317 2666 pos-
1335 2582 1527 2672 [ΨΜ

93 2701 187 2745 sessor
204 2689 249 2742 ent
265 2689 295 2740 et
311 2683 462 2741 dominium
473 2683 581 2755 hebeti,
599 2685 646 2756 qui
658 2690 771 2742 euotore
781 2683 873 2740 iudlee
885 2685 1063 2756 nonpereult.
1086 2685 1248 2756 inaurium
1260 2689 1353 2742 umen
1364 2685 1456 2756 legato
1474 2681 1528 2769 [Q]

94 2791 188 2834 emere
205 2789 263 2831 non
279 2777 396 2844 oportet,
415 2774 439 2829 si
455 2779 550 2844 potest
565 2773 701 2831 indemnis
719 2773 755 2830 eb
772 2772 873 2830 herede
885 2773 1031 2845 praestari:
1050 2774 1124 2845 quod
1142 2773 1166 2830 si
1183 2788 1238 2830 non
1255 2775 1356 2846 potest,
1373 2775 1472 2832 medrus
1486 2779 1530 2831 est

68 2865 259 2938 riegntnrinm
281 2877 339 2930 non¹
358 2863 471 2933 inorerl,
495 2871 582 2934 quem
596 2867 746 2934 emptorem
765 2863 866 2921 demno
884 2862 973 2919 ediioi.
1009 2861 1040 2920 Si
1057 2864 1102 2920 oui
1118 2861 1223 2920 funeris
1240 2865 1284 2920 eni
1300 2879 1395 2920 eurem
1411 2867 1529 2921 testetor

94 2953 269 3012 mendeuerit
291 2957 321 3008 et
340 2953 386 3008 dle
409 2955 523 3022 nooepte
542 2952 759 3023 peounleinnus
776 2951 970 3024 uenderent,
995 2952 1030 3009 de
1047 2953 1111 3010 dolo
1122 2953 1269 3010 ¹notionem
1282 2953 1311 3008 in
1322 2969 1392 3009 eum
1409 2953 1528 3009 dendem
1548 2963 1577 3008 so

94 3045 167 3103 Iole
184 3042 309 3114 seripsit:
333 3040 415 3097 oredo
432 3046 526 3097 temen
544 3046 573 3098 et
590 3045 669 3098 extre
684 3039 807 3098 ordinem
825 3055 888 3098 eum
907 3047 1067 3112 epreetore
1085 3042 1301 3114 oompellendum
1312 3039 1528 3100 1ἰιιιιοοᾱοοοοο.

68 3134 212 3192 timueris
229 3147 314 3188 oense
331 3133 457 3200 sumptus
474 3123 568 3186 foetus
581 3131 691 3188 uidetur
706 3131 862 3202 isdemum,
880 3130 1001 3202 quildeo
1012 3127 1065 3188 trit
1075 3137 1108 3188 ut
1118 3129 1200 3188 mnus
1213 3131 1354 3202 duoetnr⁸,
1373 3126 1529 3216 Q

94 3225 155 3282 une
173 3236 230 3293 quo
247 3217 331 3277 funus
349 3217 412 3274 duoi
428 3221 598 3292 nousposnit,
616 3225 648 3276 ut
663 3225 732 3291 pute
749 3220 773 3276 si
790 3219 858 3291 quid
874 3221 1028 3292 impensum
1047 3226 1090 3278 est
1107 3221 1136 3276 ln
1148 3221 1295 3277 eletionem
1307 3222 1420 3277 morteri:
1438 3221 1489 3286 sed
1500 3226 1529 3278 et

95 3314 119 3370 si
136 3311 205 3386 quid
222 3311 251 3367 ln
267 3311 359 3366 ionum
376 3305 460 3366 inerit
475 3315 628 3381 erogatum,
641 3310 670 3366 ln
686 3321 769 3380 quem
786 3315 911 3366 mortuus
927 3308 1082 3382 inferretur,
1100 3307 1204 3366 funeris
1221 3323 1306 3368 oense
1321 3309 1409 3366 uideri
1425 3311 1529 3382 impen-

66 3405 158 3459 lsum
175 3400 271 3458 hbeo
288 3396 392 3469 sentit,
406 3399 476 3470 quie
489 3400 741 3458 peremimus
759 3400 925 3471 peretur,1in
938 3413 994 3470 quo
1005 3413 1104 3470 eorpus
1116 3399 1249 3456 tenditur.
1275 3399 1529 3471 impenseperegre
1548 3411 1577 3455 se

95 3491 286 3560 mortruioueo
303 3487 378 3544 ieote
400 3490 460 3544 eet’
477 3493 509 3546 ut
526 3503 626 3561 eorpus
642 3483 822 3560 perferretur,
846 3486 949 3545 iuuenis
967 3494 1023 3560 est,
1044 3489 1110 3544 lieet
1130 3487 1251 3546 nondunn
1274 3487 1355 3552 homo
1375 3486 1529 3545 muneretur:

93 3580 225 3651 idemque
247 3583 278 3635 ot
298 3578 323 3634 si
340 3577 407 3649 quid
424 3577 461 3634 ed
477 3593 578 3649 eorpus
595 3577 804 3634 eustodiendum
821 3579 867 3634 nel
884 3579 966 3634 etiem
985 3577 1232 3634 oommendendum
1249 3575 1353 3636 fenon
1371 3578 1420 3648 sit,
1435 3578 1489 3634 ¹uel
1500 3577 1531 3634 'si

65 3668 162 3740 equid
186 3669 216 3724 in
238 3682 359 3724 mmmor
380 3667 551 3724 uoluentem
570 3666 764 3724 oollooendem
799 3667 861 3724 lion
879 3673 971 3724 nutem
988 3672 1098 3739 oportet
1115 3671 1276 3724 mnemente
1292 3681 1354 3722 oum
1372 3665 1531 3738 tumoribus

65 3757 186 3828 teondi,
204 3771 258 3813 neo
274 3755 342 3828 quid
359 3755 434 3813 eliud
450 3756 614 3827 huiusmodi,
632 3753 707 3826 qnod
724 3755 848 3812 homiues
865 3756 1045 3828 simplioiores
1059 3755 1172 3812 inolent
1198 3756 1276 3812 Haeo
1286 3756 1442 3826 nodoquee
1453 3753 1531 3812 inne·
1590 3805 1594 3812 .
1652 3805 1656 3812 .

93 3847 169 3903 reris
185 3846 286 3902 dieite
303 3861 339 3903 en
354 3845 428 3904 bono
446 3851 475 3904 ot
492 3859 582 3916 eoquo
598 3846 697 3902 oritur:
715 3845 838 3901 ooudnet
855 3851 947 3902 eutem
964 3845 1069 3902 funeris
1084 3861 1170 3904 oense
1179 3849 1286 3902 tentum
1298 3845 1458 3918 impensem,
1475 3859 1532 3904 non
1548 3857 1579 3902 su

94 3937 180 3993 etiem
204 3939 358 3993 ettenorum
375 3941 543 4008 sumptuum.
576 3949 694 4007 eequum
712 3939 810 3991 entem
823 3935 956 4006 eooipitnr
972 3949 1008 3992 ex
1025 3935 1165 4007 digultete'
1178 3935 1238 3992 eius
1255 3933 1461 4007 qrriiuneretns
1478 3940 1530 4008 est,

94 4041 262 4115 711³(11Uil

96 4203 232 4266 ¹nlieuee
249 4203 353 4272 (datii
422 4201 555 4260 ¹ieorum
574 4201 677 4273 (Hem
747 4203 759 4238 ⁸
777 4201 887 4274 diquod
899 4201 1001 4272 (Helii
1072 4202 1146 4274 6οι]
1166 4218 1201 4260 ex
1218 4202 1272 4258 ea?
1342 4201 1395 4258 ‘el
1413 4199 1480 4272 quid

94 4273 241 4330 mentun
261 4282 370 4348 repetito
393 4295 423 4332 ee
443 4295 530 4348 prose
547 4277 595 4331 del
666 4276 725 4330 ‘et
743 4283 790 4330 ers.
860 4275 871 4309 ²
890 4279 919 4330 et
936 4275 1086 4330 dominium
1109 4273 1193 4330 hebet
1214 4275 1285 4332 adut
1302 4275 1323 4330 α’
1336 4273 1374 4328 D.
1392 4275 1447 4330 loeo
1463 4292 1531 4346 pern.

94 4345 512 4418 ⁸quiideo...duoetnrdat
581 4345 1105 4417 ’quamodrertmmonuir

93 4505 302 4578 iprestareP
350 4505 691 4577 ineneufflidest]
713 4506 787 4563 idem
840 4506 911 4577 diue]
934 4505 1037 4562 indioet
1059 4507 1096 4560 ,Μ
1150 4506 1186 4561 28
1208 4504 1361 4576 oeperelii
1413 4505 1449 4560 31
1467 4518 1530 4560 enm

93 4577 175 4640 ΡΠ·
221 4577 255 4634 10
271 4577 466 4648 peruerintP·
510 4579 543 4633 11
562 4577 646 4650 teuit]
665 4578 786 4634 onditffl
841 4599 889 4634 om.
902 4577 980 4634 PLU
1017 4577 1052 4634 33
1065 4589 1224 4648 empensum
1237 4577 1273 4631 pn
1290 4577 1294 4646 Ι
1310 4574 1474 4634 deletionem
1486 4577 1531 4642 17¹,

95 4649 130 4704 14
148 4649 326 4722 sumptum
371 4649 406 4704 16
423 4663 593 4719 quorumque
605 4650 654 4704 PL
699 4652 733 4705 17
747 4650 788 4705 iu·
841 4651 958 4706 elutione
970 4649 1034 4705 LU:
1052 4649 1084 4703 ri
1096 4649 1152 4722 rupi
1164 4649 1213 4704 rim
1226 4646 1404 4702 insomnieii
1443 4647 1531 4703 ildin-

93 4719 173 4776 bebit
188 4725 223 4776 ut
238 4721 357 4792 peoums
379 4720 549 4792 expedietur]
574 4719 712 4776 iubebitur
728 4721 788 4787 LU,
840 4720 944 4788 leretur
951 4716 1038 4788 Πανί.
1039 4725 1075 4793 j)
1084 4719 1178 4786 Pili,
1186 4718 1347 4776 insereretur
1359 4718 1395 4774 Π*
1422 4720 1461 4776 ee
1469 4733 1531 4789 per·
1553 4771 1557 4776 .

93 4791 246 4848 iubeor?
283 4793 320 4848 18
329 4791 399 4848 libro
411 4791 598 4848 uouossdP·
614 4793 619 4860 Ι
634 4792 789 4848 uel'ornP·
841 4789 1112 4866 lereturfisoppls)
1122 4791 1395 4864 noetianorum·
1423 4791 1531 4846 40ten·

96 4864 131 4919 13
147 4863 219 4920 libro
241 4883 291 4919 orn.
304 4864 333 4919 P
381 4864 416 4919 23
437 4863 618 4920 remensesint
639 4865 679 4919 P·
698 4866 704 4932 Ι
722 4879 788 4934 pen-
841 4870 900 4921 tum
919 4862 964 4922 ‘or'
981 4865 1134 4934 impensem
1156 4862 1201 4930 F‘,
1226 4869 1333 4920 tentum
1360 4863 1485 4934 impense
1507 4861 1535 4917 P

95 4935 180 5005 sione]
195 4937 292 5006 pensio
304 4940 349 4992 eet
362 4935 403 4990 P·
455 4936 491 4991 24
508 4935 739 4992 manumittere
750 4935 789 4989 Ρ
841 4937 876 4994 41
895 4951 1013 5008 οοοιιιιιο
1031 4934 1243 5007 eutemJeutem
1261 4949 1362 5008 equum
1377 4941 1473 4992 eutem
1490 4933 1532 4988 P·

95 5007 246 5066 &setim
254 5007 294 5064 1³2
346 5005 675 5082 tteuierendoiilerns)
705 5007 805 5064 iliu-¹
