3540 5340
971 185 1149 256 XXXVIII*

298 373 329 420 re
347 370 466 438 Postque
481 368 549 423 haec
564 368 655 423 omnia
667 366 813 422 interdieta
824 367 974 436 glomerata
986 371 1063 421 sunt:
1082 369 1111 421 et
1122 365 1251 437 deinceps
1264 367 1438 437 exceptiones
1456 372 1485 422 et
1496 367 1530 422 de
1542 371 1697 438 temporum

346 459 498 513 lixitatibus
516 463 544 512 et
562 458 596 512 de
615 455 827 525 obligationibus
845 461 874 510 et
892 455 1044 511 actionibus
1062 455 1130 511 liber
1147 457 1244 512 iterum
1263 457 1408 526 singularis
1421 456 1590 512 extenditur:
1609 461 1641 511 nt
1652 473 1697 526 pra

315 553 329 598 o
348 551 427 602 serta
449 563 513 616 pars
530 547 614 602 totius
632 546 799 614 digestorum
819 545 964 600 uoluminis
982 550 1045 600 octo
1063 545 1138 600 libris
1157 544 1310 602 definiatur.
1347 545 1485 617 Septimus
1504 550 1595 601 autem
1615 550 1644 600 et
1661 560 1697 600 no

348 653 409 690 mus
427 637 556 691 articulus
573 636 740 705 digestorum
760 649 808 689 sex
825 633 901 688 libris
919 632 1052 690 formatus
1070 639 1121 690 cst.
1140 652 1192 705 quo
1211 636 1245 691 de
1258 635 1477 707 stipulationibus
1489 649 1538 690 seu
1550 634 1697 690 uerborum

348 725 504 795 grationibus
529 729 558 780 ct
577 723 783 779 fideiussoribus
802 714 831 778 et
848 722 1067 792 mandatoribus,
1091 739 1141 780 nec
1159 740 1214 782 non
1231 725 1423 781 nouationibus
1441 728 1469 779 ot
1486 723 1668 779 solutionibus
1687 738 1697 777 r

348 813 566 883 ceptilaticnibus
584 813 665 868 etde
683 813 826 882 praetoriis
843 812 1063 881 stipulationibus
1086 827 1166 868 omno
1190 813 1264 884 qnod
1286 815 1328 869 ius
1346 813 1499 870 inuenitnr¹
1517 813 1627 882 gemino
1639 813 1697 868 nolu

294 909 330 955 aa
348 904 506 972 inscriptum
525 907 575 971 est,
595 902 668 971 quod
686 903 714 955 in
732 901 807 956 libris
825 901 944 970 antiquis
961 916 1013 956 neo
1031 903 1167 958 numerari
1185 902 1314 972 possibile
1332 901 1393 958 luit.
1423 903 1459 958 iit
1475 906 1537 972 post
1555 901 1608 958 hoc
1625 900 1682 956 duo

347 991 416 1047 biles
440 991 500 1046 libri
523 992 606 1060 positi
629 996 694 1046 sunt
716 1005 766 1060 pro
790 990 896 1045 delictis
919 990 1032 1060 priuatis
1050 994 1079 1045 et
1097 991 1317 1046 extraordinariis
1335 1007 1387 1046 nec
1404 1006 1458 1046 non
1476 991 1591 1061 publicis
1610 991 1697 1046 orimir

348 1081 394 1149 qui
419 1096 526 1135 omnem
549 1081 690 1136 continent
712 1081 887 1135 austeritatem
912 1093 1115 1149 poenarumque
1133 1081 1313 1136 atrocitatem.
1346 1079 1446 1150 quibus
1463 1079 1597 1150 permixta
1615 1085 1682 1134 sunt

348 1185 418 1240 quae
437 1169 471 1224 de
490 1169 640 1224 audacibus
657 1169 809 1224 homiuibus
828 1175 909 1223 cauta
927 1173 1004 1237 sunt,
1027 1169 1074 1238 qui
1096 1183 1126 1223 se
1144 1170 1232 1224 celare
1251 1174 1385 1224 conantur
1402 1173 1431 1223 et
1448 1175 1624 1224 contumaees
1642 1169 1697 1223 exis

348 1263 376 1312 et
394 1257 428 1312 dc
446 1260 550 1328 poenis,
569 1274 640 1328 quae
659 1257 846 1312 condemnatis
865 1257 1023 1326 infliguntur
1040 1258 1085 1312 uel
1103 1257 1297 1326 conceduntur,
1315 1272 1366 1311 nec
1384 1273 1438 1312 non
1454 1257 1488 1312 de
1500 1271 1593 1313 eorum
1607 1255 1697 1312 substa

295 1355 330 1402 st
349 1347 429 1401 Liber
456 1352 546 1401 autem
575 1347 719 1417 singularis
743 1362 793 1416 pro
816 1345 1043 1416 appellationibus
1068 1345 1147 1401 nobis
1170 1347 1341 1415 excogitatus
1365 1351 1408 1400 est
1430 1352 1525 1402 contra
1547 1345 1697 1400 sententias

298 1446 330 1492 80
348 1436 442 1490 cluiles
466 1451 548 1505 quam
573 1437 725 1490 criminales
750 1451 848 1490 causas
868 1433 1003 1491 finientes.
1041 1435 1140 1491 Cetera
1157 1441 1247 1490 autem
1267 1435 1372 1502 omnia,
1395 1451 1466 1504 quae
1484 1435 1519 1490 sd
1537 1435 1697 1503 municipale

347 1524 382 1579 de
406 1523 597 1579 decurionibus
616 1531 645 1579 et
663 1524 820 1580 muneribus
839 1525 882 1578 uel
901 1524 1016 1593 publicis
1034 1523 1162 1594 operibus
1180 1525 1225 1579 uel
1243 1525 1370 1580 nundinis
1389 1529 1417 1578 et
1434 1523 1674 1594 pollicitationibus
1693 1543 1697 1576 ι

347 1615 434 1668 uersis
458 1614 659 1681 cognitionibus
682 1617 711 1667 et
736 1612 863 1668 censibus
881 1614 925 1668 uel
944 1613 1143 1682 significatione
1161 1611 1306 1668 uerborum
1325 1612 1464 1668 ueteribus
1482 1613 1595 1668 inuenta
1612 1620 1697 1668 sonti

347 1717 400 1773 que
419 1703 580 1772 regulariter
597 1702 717 1772 definite,
737 1704 764 1757 in
783 1718 844 1757 seso
863 1703 966 1773 recepit
984 1703 1253 1774 quinquagensimo,
1270 1703 1356 1757 totius
1374 1703 1614 1758 consummationis
1629 1703 1697 1773 pero

316 1802 330 1848 9
401 1793 476 1858 Quae
495 1793 587 1846 omnia
611 1791 736 1847 conlecta
754 1798 818 1846 suut
836 1807 885 1861 per
902 1793 989 1846 uirum
1009 1793 1146 1848 excelsum
1165 1807 1216 1846 nec
1234 1806 1287 1847 uon
1308 1791 1549 1862 prudentissimum
1568 1793 1697 1862 magistro

348 1889 494 1951 quaestore
512 1889 540 1936 et
553 1897 587 1935 ex
600 1883 711 1937 consule
723 1882 941 1948 'saraciniscum
960 1881 1006 1951 qui
1020 1881 1143 1936 similiter
1154 1881 1326 1950 eloquentiae
1340 1887 1369 1936 et
1380 1880 1518 1950 legitimae
1530 1881 1661 1936 scientiae
1674 1898 1697 1936 ar

348 1971 493 2026 decoratus
512 1977 540 2025 et
558 1971 585 2026 in
603 1973 670 2040 ipsis
689 1987 778 2025 rerum
797 1970 990 2040 experimentis
1008 1971 1118 2025 emicuit
1135 1970 1255 2039 nihilque
1273 1971 1360 2024 maius
1379 1985 1429 2024 nec
1444 1970 1533 2024 carirm
1545 1971 1645 2026 nostris
1656 1986 1695 2026 un

348 2061 514 2116 iussionibus
538 2061 628 2115 duxit:
653 2076 703 2114 uec
727 2076 781 2114 non
803 2075 853 2128 per
875 2060 942 2114 alios
960 2060 1033 2115 uiros
1052 2057 1213 2129 magnIlioos
1231 2065 1259 2114 et
1276 2058 1490 2114 studiosissImos
1508 2057 1631 2129 perfecta
1649 2075 1697 2116 sun

349 2157 391 2206 est
404 2151 636 2207 Consrsrurrsunr
655 2150 742 2204 uirum
756 2149 885 2203 illustrem
899 2149 1025 2203 comitem
1039 2165 1176 2204 sacrarum
1190 2149 1362 2218 largitionum
1381 2153 1409 2202 et
1421 2148 1581 2218 magistrum
1593 2149 1687 2203 sednii

348 2242 434 2296 lorum
459 2254 652 2308 sacrarumque
676 2238 875 2306 cognitionum,
899 2238 945 2306 qui
967 2254 1074 2308 semper
1091 2237 1176 2310 uobis¹
1189 2253 1223 2292 ex
1241 2237 1313 2292 bona
1330 2237 1457 2305 opinione
1475 2242 1503 2291 et
1521 2237 1608 2306 gloria
1625 2252 1688 2292 sese

348 2330 502 2386 mendacii:
522 2344 572 2382 nec
591 2343 644 2382 non
657 2328 856 2382 Tnacsrrrnuu
869 2327 956 2381 uirum
970 2328 1100 2382 illustrem
1114 2326 1274 2396 magistrum
1287 2325 1406 2394 iurisque
1418 2326 1535 2396 peritum
1553 2327 1581 2380 in
1593 2325 1645 2380 hae
1660 2341 1697 2396 sp.

350 2401 462 2474 dissime
485 2419 596 2472 ciuitate
615 2415 786 2470 laudabiliter
804 2415 934 2484 optimam
959 2417 1049 2486 legum
1068 2416 1292 2486 gubernationem
1312 2413 1518 2470 extendentem:
1541 2419 1569 2469 et
1587 2414 1697 2470 Dosor

350 2509 435 2563 uirum
456 2509 634 2564 illustrom'et
651 2503 874 2559 facundissimum
892 2507 1075 2574 quaestorium
1084 2513 1094 2574 ,¹
1109 2521 1190 2574 quem
1209 2505 1237 2559 ln
1254 2504 1455 2575 Berytiensium
1474 2503 1697 2573 splendidissima

348 2601 405 2652 tate
424 2598 499 2662 leges
518 2594 658 2663 discipulis
676 2593 827 2648 tradentem
847 2595 958 2664 propter
975 2595 1034 2649 eius
1053 2595 1183 2665 optimam
1202 2594 1356 2663 opinionem
1375 2598 1404 2648 ct
1420 2593 1533 2662 gloriam
1554 2593 1588 2648 ad
1601 2607 1652 2648 nos
1664 2593 1697 2648 de

349 2701 410 2741 mus
427 2685 642 2756 participemque
655 2682 735 2737 huius
747 2684 837 2752 operis
849 2681 975 2738 lecimus:
994 2683 1044 2739 sed
1064 2689 1092 2739 et
1104 2683 1284 2738 Anrnonrnu
1296 2683 1383 2738 uirum
1395 2683 1526 2737 illustrem
1542 2682 1697 2751 magistrun

349 2782 377 2830 et
394 2775 454 2845 ipse
473 2773 545 2842 apud
564 2773 737 2843 Berytienses
755 2773 822 2826 iuris
840 2772 973 2842 interpres
992 2773 1157 2827 constitutus
1176 2771 1281 2826 adhoc
1299 2787 1368 2840 opus
1386 2772 1500 2826 allectus
1517 2775 1572 2840 est,
1593 2771 1637 2825 uir
1654 2770 1692 2826 ab

349 2880 404 2934 qua
422 2865 505 2934 stirpe
524 2863 647 2932 legitima
664 2861 824 2931 procedens,
842 2876 904 2916 oum
923 2867 951 2916 et
968 2865 1047 2931 pater
1064 2862 1123 2917 eius
1141 2861 1273 2917 Leontius
1290 2865 1319 2916 et
1336 2875 1405 2916 auus
1420 2860 1578 2916 Eudoxius²
1589 2859 1697 2930 optima

350 2969 472 3036 FCOQI'
488 2971 552 3036 (cod
569 2969 592 3022 T
606 2970 674 3023 redit
691 2970 745 3022 o.5
765 2988 782 3022 a
799 2969 884 3022 untia
901 2967 1052 3024 iussoribus
1071 2973 1100 3024 et
1116 2966 1331 3050 mandatoribus)

353 3131 360 3166 ¹
380 3129 454 3197 quod
472 3129 608 3183 inuenitur
625 3127 690 3182 ius?
777 3127 871 3196 ’post
888 3127 1034 3182 Patricium
1052 3128 1171 3182 inclutae
1191 3127 1387 3184 reeordationis
1405 3127 1590 3196 quaestorium
1608 3131 1638 3182 ct
1655 3137 1697 3182 ant

351 3217 439 3256 sorem
464 3207 492 3254 et
515 3201 657 3256 Leontium
682 3198 770 3252 uirum
795 3199 1021 3268 gloriosissimum
1043 3199 1253 3271 praefectorium
1277 3205 1306 3257 et
1329 3199 1499 3256 consularem
1526 3204 1609 3270 atque
1630 3199 1697 3254 Patr

351 3271 436 3328 filium
455 3273 514 3326 eius
534 3281 580 3326 irre.
599 3279 711 3326 recessio
729 3271 840 3324 secando
858 3273 892 3338 (a.
906 3272 934 3339 i.)

353 3433 369 3486 1
387 3429 537 3501 postqu'a'e
556 3428 591 3482 Ρ
613 3431 617 3496 1
638 3429 715 3498 baec]
740 3427 792 3483 hoc
811 3429 834 3483 0
855 3429 860 3496 Ι
881 3427 1039 3498 glo'ria'mc·
1092 3438 1208 3503 mospius
1230 3432 1335 3496 essedo)
1353 3429 1387 3494 S,
1412 3445 1461 3483 om.
1475 3429 1526 3484 F¹:
1538 3431 1658 3500 sortcrss
1678 3449 1696 3484 a

353 3510 413 3558 rata
431 3503 478 3565 Ρ,
502 3505 623 3571 glomere
647 3504 683 3555 0⁶
703 3503 708 3569 1
730 3501 905 3570 exceptiones
928 3501 965 3570 et]
988 3501 1041 3566 FO,
1093 3510 1136 3573 qus
1154 3509 1302 3575 recognocit
1316 3503 1321 3568 1
1337 3502 1380 3556 uel
1393 3501 1473 3571 sign]
1492 3506 1522 3556 et
1533 3501 1602 3570 sign.
1619 3499 1689 3566 001

353 3577 529 3644 exceptiones
547 3574 595 3628 sed
615 3573 666 3638 OQ
719 3574 788 3626 iet
810 3572 973 3642 actionibus]
994 3587 1040 3628 ax·
1093 3571 1177 3640 ribrm]
1197 3589 1214 3628 a
1231 3571 1414 3628 ueteribusT
1474 3573 1507 3628 16
1529 3585 1591 3627 sese
1613 3586 1697 3642 recep

354 3646 506 3700 actionibus
525 3645 581 3710 ΡΙ
603 3644 748 3712 singularIs
766 3645 931 3712 extenditur]
951 3649 1040 3700 osten·
1092 3644 1190 3713 recipIt
1207 3645 1248 3712 S]
1269 3643 1519 3711 consummationis]
1538 3642 1697 3699 conditionis

354 3719 427 3772 ditur
445 3717 628 3786 singularisQ
680 3715 865 3788 3totius]s8,
884 3716 981 3770 totium
996 3716 1039 3784 F]
1094 3717 1125 3770 li
1145 3713 1280 3784 coniecta]
1297 3713 1418 3784 perlecta
1431 3716 1464 3770 0⁶
1479 3717 1483 3779 1
1499 3715 1636 3770 excelsum
1655 3731 1697 3770 no

354 3788 534 3854 noluimusQ
586 3787 685 3854 aquo]
704 3787 738 3851 S,
762 3801 831 3855 quos
850 3788 894 3853 F]
914 3803 963 3842 serr
981 3802 1041 3841 uer·
1092 3786 1170 3856 prud.
1186 3787 1345 3856 magistrum
1365 3788 1404 3841 dis
1422 3789 1521 3854 F·]et
1539 3795 1584 3848 lex
1602 3785 1678 3854 ΟΨ)

353 3861 448 3916 borum
468 3859 688 3928 obligationibus]
712 3866 751 3912 stc
769 3859 807 3910 Ρ
824 3861 947 3930 (superest
965 3858 975 3928 ]
990 3873 1039 3913 seu
1081 3866 1193 3913 ⁴storem
1209 3865 1238 3913 et
1252 3863 1343 3924 exlex
1357 3857 1451 3922 cao)
1465 3857 1637 3914 eonsulemS
1685 3861 1697 3914 l

417 3931 426 4000 11
445 3931 548 3986 bor‚..
569 3931 578 3998 11
597 3929 641 3985 obl
723 3931 733 3999 11
753 3929 791 3984 tic
872 3933 976 4002 reliquis
998 3949 1039 3984 re·
1092 3929 1120 3984 in
1134 3930 1170 3983 Ρ
1185 3932 1190 3994 1
1206 3930 1301 3999 capias
1317 3930 1351 3982 Ρ
1396 3928 1697 3998 illibellorumllibror

353 4009 438 4066 seclis)
457 4005 483 4065 S,
504 4002 614 4056 om.F¹··
636 4009 697 4068 pulo
715 4002 830 4054 additum
848 4021 865 4054 o
882 4008 1040 4072 recognitum
1092 4000 1247 4066 (liberorum
1259 4001 1301 4067 P)
1337 4001 1569 4070 Xioesolresoffl
1585 4003 1591 4069 Ι
1606 4016 1695 4056 comm

354 4077 371 4130 5
389 4073 603 4142 lidelussoribus]
625 4071 660 4126 de
677 4070 882 4128 fideiussoribus
900 4071 921 4126 S
936 4075 940 4139 1
956 4070 1040 4127 noba·
1091 4071 1133 4127 bit
1145 4073 1171 4124 F
1213 4073 1247 4127 23
1259 4073 1400 4141 illustrem]
1414 4073 1468 4127 mil'
1480 4073 1521 4139 I']
1536 4071 1697 4144 spendidissi

353 4146 473 4201 tionibus
494 4147 527 4197 F¹
549 4149 553 4212 1
575 4148 604 4199 et
621 4143 872 4213 acceptilationIbus
895 4143 975 4198 etde
994 4143 1040 4208 (de
1093 4143 1249 4200 iddoreum
1261 4143 1296 4211 Q·
1313 4145 1547 4199 aerumnosum
1564 4145 1568 4212 1
1584 4149 1697 4213 quaesto

355 4238 402 4272 om.
413 4218 447 4278 O]
457 4217 599 4286 praetoriis
609 4215 828 4284 stipulationibus
838 4215 929 4268 omi*
973 4215 1040 4269 iin·
1093 4215 1144 4279 FT,
1163 4223 1334 4284 quaestorem
1350 4215 1422 4282 COQ
1437 4217 1442 4282 1
1458 4221 1557 4285 quom*
1572 4217 1607 4269 Ρ
1622 4217 1627 4283 1
1642 4231 1697 4270 ueri

355 4289 635 4358 seriptum]scriptum
648 4287 680 4340 Ρ
695 4289 699 4354 1
716 4302 858 4341 numerare
859 4285 904 4362 ji)
920 4288 925 4351 1
941 4289 969 4340 et
977 4291 1041 4356 post
1093 4287 1162 4341 sium
1182 4289 1209 4353 F,
1226 4287 1401 4342 beritensium
1422 4286 1695 4356 SlspcndidissIma‘

355 4360 406 4415 hoo
425 4361 503 4422 (haee
515 4361 546 4424 S)
561 4361 703 4414 ...8sunt
715 4378 763 4412 om.
778 4357 801 4424 Q
816 4362 821 4425 1
836 4356 978 4426 terribiles]
989 4358 1040 4428 JS,
1093 4359 1180 4413 uitale
1198 4361 1226 4424 F,
1245 4359 1356 4413 ciuitate
1374 4357 1637 4428 splendidissimae]
1690 4363 1697 4414 i

355 4432 504 4487 terbilesF
545 4433 638 4485 8sunt
649 4446 698 4498 pro
711 4429 803 4484 delicti
815 4431 854 4484 lie
868 4430 901 4481 Ρ
918 4430 922 4496 1
938 4430 974 4498 et]
990 4430 1040 4492 ir),
1092 4429 1400 4504 geleuptiruamF
1435 4429 1651 4496 iiantoliqu
1686 4433 1697 4486 i

356 4524 403 4558 om.
417 4503 493 4569 OQT
547 4503 581 4556 10
600 4500 761 4569 hominibus]
773 4501 828 4576 fS,
852 4499 976 4555 hominus
996 4498 1039 4571 F]
1093 4502 1247 4572 rytiensens
1260 4503 1305 4567 Ρ,
1323 4501 1511 4556 uemtiensens
1524 4503 1568 4566 Ρ,
1586 4501 1697 4557 beritrilr

356 4579 437 4630 cauta
460 4581 554 4635 (causa
578 4574 611 4626 Ρ
636 4576 715 4626 uitem
739 4576 804 4636 loco)
887 4571 920 4626 13
943 4587 1040 4626 causas
1096 4573 1150 4637 CO,
1169 4572 1320 4628 beritenses
1334 4571 1366 4638 Q,
1378 4571 1526 4628 beutentes
1540 4573 1581 4640 T]
1597 4574 1696 4630 allecto

356 4646 395 4700 dir
414 4647 480 4706 ΡἸ
501 4661 531 4699 sc
549 4644 647 4711 celare]
666 4645 752 4698 solare
772 4645 797 4696 F
809 4647 888 4697 altero
907 4645 960 4697 loro
976 4648 980 4706 1
995 4658 1040 4698 co·
1092 4644 1181 4699 iectus
1198 4645 1220 4698 S
1272 4645 1307 4699 29
1325 4644 1417 4714 stirpe]
1427 4645 1478 4715 sS,
1496 4645 1579 4714 stipre
1596 4645 1636 4712 F]
1651 4646 1697 4716 leg

356 4723 437 4776 natur
450 4719 483 4769 Ρ
493 4720 572 4770 altero
585 4719 639 4769 loco
684 4717 717 4770 12
729 4713 916 4769 tam'i’eiuiles
930 4716 1040 4768 Fallere
1094 4716 1120 4768 F
1130 4715 1230 4785 lanus]
1242 4729 1311 4770 auus
1325 4716 1384 4770 eius
1398 4716 1438 4784 T]
1454 4716 1583 4772 eudesius
1597 4715 1679 4784 OOQ,

356 4791 410 4844 loco
466 4789 499 4842 13
516 4787 552 4840 ad
570 4785 746 4854 municipales
765 4787 809 4840 uel
827 4785 861 4840 de
876 4785 921 4850 (de
934 4804 982 4838 om.
993 4785 1041 4852 Ρ)
1093 4786 1149 4840 tius
1169 4789 1209 4852 T]
1223 4795 1283 4858 post
1299 4787 1432 4842 eudoxius
1450 4795 1497 4843 ins.
1515 4787 1561 4858 qni
1580 4788 1638 4857 (qui
1656 4791 1697 4846 atr

357 4859 557 4928 decurionibus]
576 4873 625 4927 pro
643 4857 852 4926 municipalibus
864 4857 908 4912 uel
920 4856 1042 4912 decurio-
1093 4861 1157 4928 post
1178 4858 1321 4928 patricium
1345 4858 1464 4930 inclytae
1483 4859 1680 4916 recordationis

357 4931 467 4986 nibusS
515 4931 548 4986 14
561 4937 589 4984 et
601 4929 725 4998 diuersis]
738 4930 787 4994 FP,
800 4945 833 4984 ac
841 4929 957 4983 diuersis
968 4927 1042 4995 GOQ
1094 4930 1207 4985 storiam
1225 4933 1410 5000 (quaestorum
1424 4931 1637 5000 Equaestcrem
1653 4933 1697 4990 00

359 5004 393 5060 15
404 5001 579 5071 steensibus]
592 5002 809 5073 sth³lropmst
821 5001 831 5072 1
844 5007 872 5056 et
934 5001 944 5072 1
955 4999 1041 5058 bu...
1095 5006 1295 5059 antecessorem
1312 5004 1536 5072 teaucensodum
1554 5003 1587 5072 I]
1604 5011 1634 5062 et
1650 5007 1697 5066 leo:
