3608 5302
825 153 913 222 VIIII

145 343 181 386 ox
199 327 451 400 subscriptionibus
468 329 549 386 modo
560 329 654 386 relatis
665 329 786 387 tabulam
799 347 883 404 supra
893 331 1061 403 propositam
1077 332 1301 389 concinuauImus
1312 333 1465 406 adsumptis
1476 333 1587 406 quibus·

147 434 214 490 dam
230 451 264 491 ex
283 436 503 508 praefationibus
520 437 698 509 digestorum,
717 438 752 495 de
770 439 870 509 quibus
888 454 942 495 non
960 454 1031 510 opus
1048 443 1092 495 est
1109 440 1267 511 siugiliatim
1279 455 1398 498 monere.
1425 457 1477 498 uec
1494 445 1588 498 tamen

148 558 221 614 quse
241 559 277 600 ex
301 544 346 600 his
368 543 590 616 inscriptionibus
611 545 640 600 in
664 547 724 617 ipso
748 546 899 618 archetypo
921 545 991 604 libro
1013 548 1196 620 perscriptae,
1223 561 1295 618 quae
1322 547 1475 606 scholarum
1498 550 1588 621 magis

148 665 203 706 usu
220 655 350 722 receptae
372 669 455 723 quam
477 652 616 722 logitimus
638 651 751 725 tuerint,
775 654 919 724 quisquam
942 655 1039 726 opinor
1062 657 1138 710 certo
1156 652 1277 710 deliniet
1308 660 1371 712 utut
1390 661 1446 727 est,
1469 657 1588 714 citantur

149 757 260 828 ffigesm
276 759 428 816 secuudum
446 744 638 830 inscriptiones
655 775 739 830 supra
756 762 856 816 relatas
875 777 937 817 cum
955 761 1029 832 apud
1047 761 1199 833 Byzantios
1216 761 1327 819 scholae
1343 763 1509 833 prudentes¹
1528 769 1587 820 tum

151 865 226 936 apud
244 871 371 922 auctores
389 866 502 923 Latium
519 868 591 923 sexti
608 867 772 938 septimique
790 868 902 939 saeculi,
920 868 1054 924 Iulianum
1073 872 1275 925 antecessorem
1282 870 1303 941 ¹,
1321 869 1495 927 scholiastam
1508 871 1588 928 Insti-

149 973 288 1030 tutionum
306 973 527 1045 Taurineusemt,
546 973 710 1044 Gregorium
728 975 886 1045 Magnumt.
914 990 949 1030 ex
967 980 1072 1046 septem
1095 975 1180 1046 igitur
1201 975 1371 1047 digestorum
1388 977 1527 1049 partibus,
1552 978 1587 1034 do

150 1079 254 1151 quibus
270 1081 299 1136 iu
320 1081 475 1151 primordiis
498 1080 668 1152 digestorum
691 1082 850 1154 exponitur,
874 1086 932 1138 taur
955 1081 1170 1154 subsorIptioues
1193 1081 1321 1140 librorum
1345 1099 1416 1154 quae
1439 1089 1588 1155 supersunt

150 1203 236 1258 quam
268 1203 334 1242 usus
360 1186 476 1244 sorensis
502 1203 557 1244 uon
586 1193 740 1258 agnoscunt
766 1189 819 1244 uisi
841 1189 944 1259 primas
967 1193 1038 1260 tres,
1064 1193 1189 1260 quamam
1217 1191 1245 1258 (1.
1263 1190 1481 1258 XX—XXVII)
1510 1192 1587 1262 quin-

149 1299 210 1349 tam
231 1294 260 1362 (1.
278 1293 577 1362 XXVIII-XXXVI)
604 1299 710 1351 sexum
734 1295 763 1361 (l.
781 1295 1134 1363 XXXVII-XXXXHII)
1162 1296 1306 1367 septimam
1331 1297 1360 1362 (1.
1378 1297 1546 1356 XXXXi⁷-
1554 1299 1587 1366 Ι.)

150 1405 260 1456 nutum
278 1400 357 1456 abest
374 1405 407 1456 ut
422 1401 584 1472 receperim,
602 1407 635 1457 ut
652 1419 669 1458 a
686 1403 704 1458 1.
716 1402 771 1458 XX
789 1401 825 1458 od
836 1403 984 1459 XXXVIII
1002 1403 1191 1458 secundariam
1204 1404 1419 1460 numerationem
1438 1410 1588 1476 sequantur

151 1508 189 1565 ab
207 1510 253 1564 illa
270 1509 354 1579 longa
375 1507 512 1565 diuersam
536 1509 665 1580 (exempli
687 1523 772 1565 causa
796 1509 813 1564 l.
833 1523 867 1564 ex
891 1508 986 1566 ordino
1004 1509 1058 1565 XX
1080 1510 1145 1566 item
1168 1509 1269 1566 dicitur
1286 1509 1483 1574 'baruranraaoi
1506 1531 1587 1568 aoso·

151 1615 297 1680 31611011,
320 1617 338 1671 l.
357 1630 393 1671 ex
415 1615 510 1672 ordine
533 1616 628 1674 XXVI
651 1616 718 1671 item
741 1614 774 1670 τὸ
791 1616 897 1686 πρῶτοι
921 1615 956 1673 de
974 1617 1068 1673 tutelis
1087 1617 1253 1672 aososslsstros
1275 1623 1304 1674 ot
1322 1618 1362 1673 sio
1380 1618 1536 1690 deinceps),
1559 1619 1588 1675 in

151 1724 300 1796 postremis
317 1729 410 1779 autem
427 1723 482 1778 XII
498 1722 574 1779 libris
592 1739 648 1779 non
666 1723 813 1779 admittant
827 1723 880 1779 nisi
892 1739 927 1780 ex
939 1723 1034 1780 ordine
1046 1724 1262 1780 numerationem
1274 1725 1442 1781 soliemnem.
1469 1741 1587 1796 quocum

151 1809 284 1889 conuenit'
306 1829 508 1901 quodammodo
535 1831 666 1901 prtmnm,
695 1829 770 1900 quod
792 1835 886 1900 partes
913 1834 971 1887 tres
997 1832 1101 1901 primae
1128 1837 1232 1887 certum
1259 1846 1359 1888 nomen
1382 1829 1499 1904 habeut,
1527 1833 1588 1888 reli-

151 1953 225 2010 quae
249 1938 358 1995 nomine
381 1937 492 2008 proprio
516 1937 714 2008 destituuntur,
742 1936 842 1994 deiude
869 1938 942 2008 quod
965 1938 992 1994 in
1015 1937 1185 2008 praefatione
1208 1939 1299 1994 Tanta
1321 1937 1356 1994 de
1379 1937 1466 1994 tribus
1493 1939 1588 2009 primis

150 2045 277 2119 partubus
299 2045 339 2100 ita
356 2044 461 2115 agitur,
485 2047 517 2100 nt
538 2044 663 2115 singulae
686 2044 800 2115 siugulis
823 2045 965 2102 uersiculis
988 2046 1182 2117 expediantur,
1205 2049 1335 2116 quattuor
1352 2049 1445 2101 autem
1466 2045 1587 2116 reliquae

149 2155 237 2224 longa
253 2151 460 2208 ratiocinatione
478 2154 507 2206 et
524 2151 734 2232 diligentissima
751 2151 988 2208 commendatione
1006 2152 1185 2209 inducuntur:
1208 2151 1236 2208 id
1254 2153 1328 2224 quod
1346 2159 1421 2210 certe
1439 2153 1588 2224 imperator

151 2276 208 2317 nou
226 2258 350 2328 iecisset,
375 2258 428 2313 nisi
450 2257 513 2314 illae
529 2263 587 2314 tres
609 2261 703 2328 partes
727 2261 893 2329 aquattuor
913 2257 955 2315 hIs
978 2259 1088 2330 penitus
1110 2260 1313 2331 discrepassent
1335 2265 1364 2316 et
1384 2259 1587 2332 quodammodo

150 2367 206 2424 bae
227 2371 325 2438 postea
347 2364 458 2420 demum
481 2364 517 2420 ad
538 2364 599 2420 illas
624 2365 814 2422 accessissent.
847 2365 923 2436 quod
941 2366 1079 2436 quomodo
1106 2365 1165 2423 fieri
1187 2367 1320 2438 potuerit,
1347 2383 1401 2423 non
1428 2365 1510 2423 buius
1533 2367 1587 2423 ioci

151 2478 198 2530 est
222 2473 372 2544 explicare:
399 2471 509 2528 uidetur
535 2471 607 2528 enim
635 2473 810 2530 coniunctum
837 2487 898 2528 oum
925 2473 1089 2530 scholastica
1113 2473 1284 2530 institutione
1311 2487 1345 2529 ea
1370 2487 1441 2544 quas
1469 2478 1497 2530 et
1523 2478 1587 2529 ante

151 2581 334 2638 lastinianum
358 2584 387 2636 et
407 2582 472 2650 poet
494 2594 557 2634 eum
580 2578 706 2635 obtinuit.
737 2578 787 2634 sed
813 2578 865 2634 hoc
887 2579 1131 2637 demonstrandum
1156 2578 1209 2636 fuit
1234 2585 1364 2651 quatuor
1389 2581 1513 2650 partibus
1539 2596 1588 2651 po·

151 2688 263 2745 munis
287 2687 316 2742 in
343 2684 589 2756 subscriptionibus
616 2687 688 2742 nullo
715 2691 838 2758 temporo
861 2689 950 2744 locum
977 2688 1071 2744 datum
1097 2703 1159 2744 esse
1185 2703 1237 2744 noo
1264 2693 1340 2743 recte
1366 2701 1413 2742 eas
1439 2686 1474 2743 ab
1501 2685 1587 2743 odIto·

150 2794 230 2851 ribus
253 2811 288 2851 ex
311 2791 526 2865 praefationibus
548 2793 696 2848 translatas
720 2808 783 2850 esse
805 2795 833 2851 Iu
856 2794 946 2865 ipsum
965 2810 1064 2866 corpus
1088 2793 1266 2866 digestorum.
1294 2792 1451 2866 quidquod
1469 2794 1587 2864 partium

208 2977 216 3011 ¹
237 2974 275 3026 Cf.
293 2991 358 3040 quae
376 2973 515 3040 composuit
531 2972 712 3026 Heimbachius
730 2975 755 3026 in
773 2973 938 3026 Basilicorum
955 2974 1139 3041 prolegomenis
1157 2974 1198 3026 ed.
1211 2973 1291 3028 nolli
1308 2993 1333 3042 p.
1346 2975 1377 3026 21
1393 2991 1446 3041 seq.
1529 2972 1588 3024 'In

151 3063 255 3116 scholiis
277 3063 311 3114 ad
328 3062 453 3113 Iulianum
474 3081 490 3113 a
507 3062 604 3114 Miraeo
623 3063 711 3125 editis,
733 3064 794 3116 item
817 3065 843 3114 ia
865 3063 989 3130 paratitlis
1012 3063 1045 3114 ad
1063 3062 1184 3115 Nouellas
1202 3063 1285 3114 adhuc
1302 3063 1402 3114 ineditis
1421 3063 1476 3114 cod.
1489 3061 1587 3114 Uindo-

151 3152 273 3204 bonensis
292 3169 317 3202 n.
329 3150 400 3203 2160
418 3152 454 3218 (u.
466 3150 559 3202 Biener
572 3151 725 3224 Zeitsclcrifl
732 3155 788 3222 fiir
802 3152 888 3224 pescle.
900 3151 1063 3206 Recbtsror'ea.
1076 3153 1102 3214 5,
1115 3153 1167 3203 345
1180 3153 1253 3218 sep),
1272 3153 1332 3202 item
1349 3152 1374 3202 iu
1386 3151 1477 3202 iuliani
1494 3151 1588 3203 dictato

151 3243 187 3293 de
204 3241 351 3294 consiliariis
374 3249 401 3292 et
418 3239 564 3292 collectione
587 3239 620 3292 de
638 3241 762 3293 tutoribus
780 3241 880 3308 digesta
898 3241 992 3309 passim
1009 3240 1046 3292 sic
1063 3241 1204 3292 laudantur.
1230 3240 1344 3307 exempla
1362 3239 1441 3306 selegi
1458 3240 1529 3292 haec.
1556 3257 1588 3291 ex

151 3330 255 3383 scholiis
272 3330 409 3381 Miraeanis
428 3329 461 3380 ad
480 3346 501 3382 c.
514 3328 561 3380 88:
585 3337 611 3382 in
632 3337 717 3399 primo
735 3331 801 3384 libro
816 3337 950 3401 protorum
973 3331 1045 3385 titulo
1063 3331 1172 3384 secondo
1191 3330 1236 3396 (=
1252 3330 1275 3392 1,
1287 3329 1313 3391 2,
1325 3328 1351 3391 2,
1363 3328 1417 3395 33).
1446 3345 1476 3380 ex
1494 3328 1588 3380 dictato

151 3420 186 3471 de
205 3418 364 3471 consilimiis:
386 3421 459 3472 titulo
477 3418 508 3472 de
526 3421 613 3491 officio
628 3419 759 3488 praesidia
830 3429 857 3474 ia
874 3420 940 3475 libro
955 3428 1041 3492 primo
1058 3424 1192 3490 protorum
1205 3420 1361 3472 ...relatam
1381 3418 1424 3483 (=
1441 3417 1530 3485 l‚18)·
1556 3434 1588 3468 0¹

150 3509 257 3562 eodem
277 3516 304 3561 ia
320 3507 386 3562 libro
403 3514 487 3577 primo
506 3509 537 3562 de
556 3509 661 3562 iudiciis
678 3511 751 3563 titulo
767 3517 853 3581 primo
871 3519 941 3563 atron
954 3509 1038 3562 medio
1049 3511 1106 3562 loco
1120 3509 1164 3574 (=
1176 3508 1202 3569 5,
1217 3508 1240 3569 1,
1254 3506 1325 3558 66-
1335 3504 1388 3571 73).
1415 3523 1446 3557 ex
1463 3506 1588 3572 paratitlis

150 3598 391 3652 Uindoboueusibus
409 3595 515 3649 t154':
537 3599 616 3668 lepem
633 3600 741 3652 relatum
759 3605 786 3651 ia
804 3597 829 3650 I·
846 3600 919 3650 titulo
942 3597 973 3650 ule
990 3597 1065 3650 rebus
1083 3597 1181 3666 dipeeto
1199 3595 1247 3649 11·.
1275 3592 1536 3647 exiisdemf.154':
1562 3603 1589 3649 ia

148 3695 239 3759 primo
261 3689 332 3742 tituto
351 3688 558 3757 Aatepupicioni
579 3687 678 3757 dipeeto
701 3695 772 3741 circa
792 3687 877 3740 media
899 3689 956 3740 boa
979 3688 1047 3738 tituli
1067 3691 1161 3755 posita.
1188 3701 1219 3735 ex
1241 3685 1331 3736 iisdem
1354 3681 1461 3736 t154':
1484 3691 1590 3738 innonat

150 3780 241 3849 tepea,
259 3795 323 3846 pune
339 3775 458 3847 probibet
474 3777 552 3829 semet
568 3782 711 3829 existentem
729 3774 843 3829 beredem
857 3776 970 3830 desinere
983 3773 1098 3828 heredem
1111 3792 1172 3838 esre,
1190 3779 1218 3826 ct
1236 3780 1273 3827 eet
1283 3775 1389 3827 relatum
1402 3781 1429 3826 ia
1440 3771 1506 3826 libro
1517 3771 1588 3826 XX·

156 3865 209 3920 VI·
227 3865 381 3936 asperorum
400 3866 472 3920 titulo
491 3862 546 3916 III·
564 3865 719 3934 clipeatorum
736 3862 839 3918 Sceuole
862 3864 946 3930 (quem
964 3863 1045 3916 locum
1068 3863 1160 3915 frustra
1183 3861 1306 3928 quaesiui)
1325 3867 1349 3915 et
1363 3861 1412 3914 Vt·
1431 3864 1503 3915 titulo
1521 3868 1588 3916 eius·

151 3956 212 4009 dem
230 3955 327 4024 dipeeto
348 3953 401 4008 Gai
418 3955 463 4018 (=
476 3953 519 4015 28,
532 3953 558 4016 5,
571 3953 625 4020 89).
651 3954 834 4005 obseruandum
853 3962 893 4004 est
910 3954 978 4019 apud
996 3953 1042 4005 hos
1060 3961 1175 4004 auctores
1192 3950 1248 4012 uel,
1268 3950 1289 4000 si
1306 3949 1387 4016 magis
1405 3949 1501 4016 plscet,
1520 3951 1589 4016 apud

151 4045 223 4095 bunc
240 4053 367 4095 auctorem
390 4042 459 4108 (sunt
482 4043 549 4093 enim
571 4052 616 4094 aut
638 4043 750 4094 eiusdem
772 4051 816 4092 aut
838 4050 906 4093 certe
929 4057 960 4093 ex
984 4042 1073 4094 eadem
1096 4040 1182 4093 schola
1200 4039 1322 4106 profecta)
1346 4038 1417 4105 leges
1434 4055 1537 4105 perraro
1555 4038 1588 4090 ad

151 4149 286 4184 numerum
303 4131 383 4193 sitan,
401 4139 489 4183 contra
506 4148 584 4198 saepe
602 4139 646 4182 aut
663 4131 744 4184 locum
762 4132 788 4182 in
806 4131 878 4182 titulo
891 4131 1048 4198 aliquatenus
1061 4129 1222 4183 determinari
1234 4137 1278 4179 aut
1290 4129 1355 4180 adici
1369 4144 1460 4180 nomen
1472 4127 1587 4178 auctoris.

150 4221 164 4257 ⁸
183 4221 218 4273 U.
235 4221 351 4286 Krueger
368 4221 395 4271 in
412 4221 580 4288 ephemeridis
598 4220 658 4271 iuris
675 4220 856 4273 Budorffianae
879 4219 958 4273 uol.7
977 4239 1002 4287 p.
1016 4221 1058 4272 44.
1086 4229 1144 4272 sunt
1166 4227 1250 4270 autom
1272 4219 1335 4269 hae:
1358 4236 1383 4270 n.
1399 4219 1410 4268 1
1432 4217 1543 4268 adluat.
1564 4216 1587 4277 1,

153 4312 200 4374 13,
212 4311 243 4360 4:
267 4309 314 4364 tce
335 4308 401 4362 libro
421 4317 506 4380 primo
527 4315 660 4379 protorum
678 4311 750 4362 tilulo
767 4307 794 4362 V
808 4309 860 4380 dap.
881 4309 977 4378 [insere
994 4307 1061 4377 Vll]
1080 4311 1153 4380 tepea,
1172 4308 1256 4360 idest
1276 4309 1299 4370 1,
1312 4308 1337 4368 5,
1351 4304 1375 4358 7.
1397 4335 1425 4344 -
1446 4323 1471 4357 n.
1486 4305 1536 4356 113
1554 4304 1588 4355 ad

151 4401 218 4453 Inst-
231 4398 257 4461 2,
270 4400 296 4461 5,
308 4399 338 4449 5:
362 4405 428 4453 sicut
444 4399 509 4452 libro
527 4404 602 4452 tertio
621 4399 652 4452 de
670 4399 774 4452 iudiciis
792 4399 946 4471 clipeatos-sem
965 4405 1089 4460 iacentes,
1112 4397 1138 4448 id
1157 4405 1196 4448 est
1214 4395 1375 4463 7,8,10pr.
1397 4425 1425 4433 —-
1446 4412 1471 4445 n.
1484 4393 1536 4445 216
1553 4393 1587 4445 ad

149 4491 217 4542 1ma
230 4489 257 4550 3,
269 4488 295 4549 3,
308 4487 337 4538 d:
360 4493 427 4542 sicat
448 4505 514 4540 noco
539 4486 596 4556 [scr.
610 4485 707 4558 primo]
726 4488 791 4540 libro
810 4488 840 4542 de
864 4490 947 4542 tutelis
964 4490 1036 4541 tituto
1053 4493 1123 4541 secto
1142 4486 1194 4557 dip.
1213 4493 1240 4538 in
1258 4484 1315 4554 [scr.
1334 4482 1427 4557 apt]
1447 4481 1588 4537 Modestiae·

150 4584 269 4634 iacentes
287 4584 314 4628 et
330 4593 388 4628 mox
405 4583 471 4631 sicat
485 4577 619 4648 proedicto
637 4593 704 4629 coco
720 4576 786 4630 libro
805 4576 861 4645 [ins.
875 4575 907 4645 et]
927 4579 1000 4631 titulo
1018 4577 1071 4647 dep.
1084 4573 1121 4639 ΙΙ,
1139 4575 1165 4626 id
1183 4583 1223 4627 est
1240 4574 1283 4636 26,
1296 4574 1321 4636 6,
1337 4574 1348 4625 l
1363 4583 1390 4624 et
1401 4572 1426 4626 2.
1447 4603 1477 4611 -
1497 4590 1522 4623 ι.
1535 4571 1587 4624 313

148 4668 188 4722 sd
206 4667 270 4718 Inst.
283 4666 310 4728 3,
322 4665 339 4716 8
350 4667 432 4718 rubr:
457 4673 480 4720 et
498 4667 546 4720 boe
564 4673 676 4720 inuenies
693 4665 758 4719 libro
776 4665 945 4720 XXXVIII
959 4665 1126 4736 clipeatorum,
1150 4665 1176 4716 id
1195 4673 1234 4716 est
1251 4663 1294 4726 38,
1307 4663 1333 4725 4,
1346 4662 1370 4714 7.
1391 4693 1420 4701 —
1445 4680 1470 4712 n.
1486 4661 1536 4712 129
1555 4659 1588 4711 ad

145 4761 216 4812 lust.
230 4755 258 4817 2,
272 4753 288 4806 7
301 4772 354 4820 pm:
372 4762 437 4810 risset
454 4757 519 4810 libro
531 4755 555 4809 L
568 4756 724 4827 dipeatoram
737 4763 856 4820 inuenies,
874 4755 901 4807 id
913 4764 952 4806 est
964 4754 1007 4816 50,
1022 4755 1063 4816 16,
1079 4753 1136 4816 162,
1152 4755 1175 4806 1.
1197 4783 1226 4792 -
1247 4771 1272 4804 n.
1284 4751 1336 4804 447
1350 4752 1455 4804 adluat.
1468 4747 1586 4813 3,2t‚6:

145 4857 177 4903 in
197 4845 269 4901 libro
290 4843 347 4912 [ius.
361 4843 393 4912 L]
413 4845 565 4915 dipestorum
582 4847 655 4899 titulo
667 4843 700 4898 X
704 4842 765 4908 VII,
782 4845 809 4896 id
827 4853 866 4897 cst
877 4845 921 4908 50,
936 4842 977 4907 17,
992 4844 1024 4895 19
1036 4862 1074 4912 pr.
1181 4843 1193 4877 ⁴
1211 4843 1277 4894 Uide
1289 4843 1338 4895 uol.
1348 4841 1373 4893 11
1385 4841 1418 4893 sd
1429 4859 1455 4910 p.
1464 4839 1526 4904 803,
1539 4839 1586 4892 25:

141 4936 193 4994 tre.
205 4931 353 4997 XLVIII,
375 4935 446 4988 tituto
464 4935 499 4988 ad
515 4936 592 5005 tepem
611 4933 703 4988 [citam
725 4940 872 5001 materiatio,
891 4921 985 5009 depeir‘.
996 4940 1112 5012 septimo,
1130 4932 1158 4990 id
1175 4940 1216 4990 est
1232 4931 1278 5002 43,
1289 4932 1316 5001 4,
1327 4929 1355 4990 1.
