3736 5348
235 166 294 234 XII
317 171 330 232 1
356 172 471 228 13-19
909 113 996 240 3th
1063 183 1065 190 '
1486 190 1533 236 na
1554 190 1664 240 nasus

204 333 215 378 1
236 323 365 380 credendi
383 323 473 380 animo
491 323 580 394 dedit,
605 324 762 395 accipientis
780 338 835 380 non
853 321 931 393 iacit,
955 322 1004 378 scd
1022 323 1191 394 consumptis
1208 325 1249 380 eis
1266 325 1387 380 nascitur
1404 326 1549 395 condictio.
1585 327 1665 384 Unde

236 415 402 485 Papinianus
424 413 492 469 libro
514 417 613 470 octauo
637 415 826 484 quaestionum
850 413 901 468 eit:
926 413 950 468 si
968 413 1071 468 alienos
1089 428 1214 470 nummos
1232 413 1283 470 tibi
1300 419 1410 472 mutuus
1428 416 1505 486 dedi,
1528 432 1583 472 non
1601 422 1665 474 ante

236 503 301 558 mibi
319 503 428 572 teneris,
447 518 529 572 qnam
548 517 596 558 ecs
613 502 823 572 consumpseris.
851 501 924 571 qnod
942 502 966 556 ei
982 516 1032 572 per
1048 505 1142 572 pantes
1160 517 1208 558 eos
1226 505 1435 574 consumpseris,
1453 521 1488 560 au
1505 520 1556 576 per
1573 511 1665 576 partes

235 592 285 648 trbi
304 592 460 662 condicam,
483 593 603 662 quaerit:
627 596 655 647 et
673 593 711 646 ait
729 590 929 660 condicturum,
954 591 978 644 si
996 589 1151 646 admonitus
1169 592 1272 648 alienos
1290 608 1417 648 nummos
1434 592 1519 650 subse
1536 593 1598 650 ideo
1615 611 1666 666 per

203 691 219 736 a
236 687 342 752 partem
360 681 482 751 condico,
501 681 566 751 qnia
583 680 703 736 nondum
721 683 795 735 totos
813 683 989 750 consumptos
1008 695 1202 750 compereram.
1238 679 1268 736 Si
1286 695 1384 736 seruus
1401 683 1552 740 communis
1569 683 1665 740 decem
1683 695 1697 736 s

236 771 394 841 crediderit,
411 775 496 840 puto,
512 771 570 825 siue
592 770 791 826 administratio
815 784 895 824 seruo
918 783 1050 824 concessa
1072 774 1123 840 est,
1145 770 1205 824 siue
1226 785 1281 824 non
1298 774 1327 824 et
1344 777 1536 828 summantur
1553 774 1665 844 nummi,

236 861 348 930 quinum
372 865 527 930 competere
549 859 698 914 actionem:
722 875 785 914 narn
803 863 832 913 et
849 858 873 912 si
890 873 1049 913 communes
1066 857 1118 914 tibi
1135 874 1261 914 nummos
1278 859 1419 916 credidero
1437 865 1562 932 centum,
1583 877 1666 934 posse

236 963 281 1004 me
304 950 500 1019 quinquaginta
522 947 665 1004 condicere
688 947 757 1004 libro
780 953 879 1003 octauo
902 947 1094 1016 quaestionum
1112 947 1278 1018 Papinianus
1301 947 1408 1020 scribit,
1433 951 1541 1006 etiamsi
1559 951 1667 1022 ringula

236 1053 351 1107 corpora
368 1037 522 1092 communia
539 1035 648 1092 fuerim.
1188 1055 1189 1058 ¹
1684 1052 1697 1093 s

182 1125 220 1184 14
289 1127 367 1182 lours
388 1127 456 1182 libro
474 1125 623 1182 uicensimo
640 1141 712 1181 nono
731 1124 766 1180 ad
784 1125 913 1180 edictum.
949 1123 978 1182 Si
996 1123 1068 1180 filius
1085 1123 1202 1180 familias
1220 1129 1315 1182 contra
1333 1121 1665 1212 Q
1683 1135 1705 1191 s

236 1217 348 1268 sonabas
367 1215 519 1270 consultum
537 1219 677 1270 mutuatus
694 1215 838 1286 pecnn'nm
856 1215 978 1284 soluerit,
995 1215 1068 1284 patri
1086 1230 1211 1270 nummos
1229 1215 1379 1272 uindicanti
1396 1216 1470 1272 nulla
1481 1218 1606 1286 exceptio
1618 1217 1666 1274 cb·

237 1303 346 1358 icietur:
370 1303 420 1358 sed
444 1304 468 1358 si
490 1301 591 1360 suerint
612 1305 767 1373 consumpti
791 1320 808 1362 a
825 1304 958 1360 creditore
976 1304 1092 1373 nummi,
1115 1303 1259 1359 Marcellus
1277 1305 1316 1360 ait
1333 1320 1441 1360 cessare
1459 1303 1666 1378 condictionem,

237 1393 365 1462 quoniam
387 1393 488 1448 totiens
513 1393 649 1449 condictio
667 1393 761 1463 datur,
785 1394 911 1463 quotiens
929 1407 964 1448 cx
982 1407 1016 1448 ea
1033 1408 1122 1448 causa
1135 1393 1269 1448 numerati
1289 1379 1366 1464 sunt,
1391 1408 1425 1450 ex
1443 1409 1499 1464 qua
1516 1395 1587 1450 actio
1605 1411 1666 1452 esse

237 1482 384 1552 potuisset,
403 1483 427 1538 si
444 1482 594 1538 dominium
612 1482 647 1537 ad
665 1483 844 1552 accipientem
862 1483 1019 1538 transisset:
1044 1482 1073 1537 in
1089 1482 1229 1552 proposito
1249 1487 1341 1538 autem
1358 1496 1414 1537 non
1431 1487 1513 1538 esset.
1549 1483 1666 1554 denique

236 1586 287 1642 per
304 1586 421 1626 errorem
440 1572 522 1626 soluti
539 1574 635 1626 contra
652 1576 765 1626 cenatus
783 1571 937 1627 consultum
955 1570 1052 1626 crediti
1069 1571 1158 1640 magis
1176 1575 1220 1626 est
1237 1586 1344 1626 cessam
1362 1571 1560 1641 repetitionem.
1686 1586 1714 1628 na

182 1655 219 1716 15
289 1659 367 1714 Iners
387 1659 456 1714 libro
474 1661 633 1730 trigensimc
651 1661 738 1731 prime
756 1660 792 1714 ad
810 1659 939 1716 edictum.
976 1659 1131 1730 Singularis
1148 1659 1284 1730 quaedam
1301 1665 1412 1729 recepta
1429 1665 1494 1716 sunt
1511 1657 1667 1746 Q
1685 1669 1706 1724 s

237 1750 311 1806 circa
331 1750 475 1820 pecuniam
499 1749 653 1806 creditam·
671 1766 734 1806 nam
758 1749 782 1804 si
803 1748 854 1804 tibi
872 1748 1023 1806 debitorem
1041 1764 1133 1804 mcum
1150 1749 1256 1804 iussero
1274 1749 1340 1804 dare
1358 1750 1514 1820 pecuniam,
1538 1751 1666 1822 obligaris

238 1839 311 1908 mibi,
331 1839 457 1908 quamuis
475 1854 551 1894 meos
569 1853 695 1894 nummos
713 1854 767 1894 uon
785 1838 932 1908 acceperis.
960 1837 1033 1908 quod
1051 1838 1135 1908 igitur
1152 1838 1181 1892 in
1198 1835 1305 1892 duabus
1322 1839 1446 1908 personis
1460 1840 1597 1910 recipitur,
1615 1841 1668 1898 hoc

237 1929 311 1986 etin
330 1928 426 1984 eadem
444 1942 563 1998 persona
579 1927 764 1998 recipiendum
784 1931 838 1996 cst,
856 1932 895 1997 ut,
915 1943 977 1982 cum
996 1925 1006 1999 ΙΙ
1027 1942 1062 1982 ex
1080 1943 1165 1982 causa
1182 1926 1304 1982 mandati
1321 1927 1465 1997 pecuniam
1483 1928 1548 1984 mibi
1566 1929 1668 1986 debeas
1684 1933 1765 1986 1133·

238 2021 267 2074 et
284 2017 456 2086 conuenerit,
480 2021 512 2072 ut
529 2015 626 2072 crediti
643 2017 752 2074 nomine
770 2031 831 2072 eam
849 2017 980 2087 retineas,
999 2017 1125 2072 uideatur
1143 2015 1208 2072 mihi
1226 2015 1292 2072 data
1309 2017 1426 2098 pecunia
1443 2019 1473 2072 et
1489 2033 1507 2072 a
1524 2033 1568 2074 mc
1585 2019 1622 2074 ad
1639 2024 1667 2076 te
1685 2032 1715 2072 ao

236 2105 368 2178 protecta.
847 2129 850 2134 ·
1052 2133 1053 2136 ι

183 2194 220 2252 16
290 2197 410 2252 Pennus
427 2192 495 2250 libro
514 2193 673 2263 trigessimo
691 2193 811 2250 secundo
829 2193 865 2248 ad
883 2193 1013 2250 edictum.
1041 2191 1070 2249 si
1088 2193 1179 2250 socius
1195 2194 1333 2264 propriam
1349 2193 1494 2264 pecuniam
1513 2190 1708 2280 We

239 2289 362 2342 mamam
381 2283 470 2352 dedit,
489 2282 646 2340 omninodo
664 2283 794 2338 creditam
812 2283 956 2354 pecuniam
974 2281 1053 2352 iacit,
1071 2283 1135 2338 licet
1152 2283 1236 2338 ceteri
1254 2283 1444 2340 dissenserint:
1462 2283 1536 2356 quod
1554 2286 1578 2340 si
1595 2271 1668 2342 c‘o-nffi

239 2389 349 2432 munem
372 2372 539 2442 numerauit,
563 2387 620 2428 uon
641 2371 708 2428 alias
731 2371 861 2427 creditam
884 2370 982 2442 efficit,
1005 2371 1058 2427 nisi
1081 2373 1164 2428 ceteri
1187 2386 1295 2442 quoque
1313 2373 1497 2445 consentiant,
1520 2375 1669 2444 quiasuae

238 2463 324 2534 partis
341 2465 448 2516 tantum
466 2461 656 2518 dictationem
673 2459 777 2518 babuit
1687 2475 1716 2518 ae

184 2549 222 2610 17
293 2550 444 2608 Unemrrus
470 2549 539 2606 libro
562 2551 651 2622 primo
673 2549 896 2620 disputationum.
933 2547 1002 2605 Cum
1024 2546 1096 2604 illius
1118 2546 1234 2605 familias
1258 2549 1388 2604 uiaficnm
1410 2564 1489 2606 suum
1513 2545 1669 2634 [Q
1687 2559 1709 2616 s

240 2645 365 2698 mutuum
383 2639 497 2708 dederit,
515 2655 578 2694 cum
596 2639 747 2694 studiorum
766 2654 851 2694 causa
867 2639 971 2694 Rornae
989 2642 1092 2710 ageret,
1110 2653 1272 2708 responsum
1290 2645 1333 2694 est
1346 2655 1364 2694 a
1375 2637 1509 2696 Scaeuola
1519 2641 1669 2698 extraordi-

239 2731 315 2788 nario
333 2729 433 2786 iudicio
451 2743 513 2784 esse
530 2728 569 2784 illl
586 2726 812 2784 subueniendum.

184 2817 223 2880 18
292 2820 371 2876 lew
392 2817 460 2874 libro
484 2817 600 2888 septimo
623 2816 847 2886 disputationum.
883 2815 913 2872 Si
935 2831 987 2886 ego
1011 2816 1155 2887 pecuniam
1177 2816 1227 2872 ubi
1248 2817 1326 2888 qnasi
1344 2817 1495 2874 donaturus
1513 2813 1669 2902 [effen—ra
1687 2828 1709 2883 s

241 2909 351 2978 dedero,
369 2912 400 2962 tu
419 2907 496 2978 quasi
515 2911 638 2962 mutuam
656 2905 788 2976 accipias,
800 2905 921 2962 Iulianus
939 2897 1033 2960 scribit
1050 2904 1224 2962 donatiouem
1243 2922 1297 2962 non
1315 2922 1389 2964 esse:
1408 2905 1458 2962 sed
1471 2923 1507 2962 an
1518 2894 1669 2982 nurtuas'it,
1688 2923 1716 2963 so

240 2997 398 3054 uidendum.
427 3001 455 3051 et
471 2999 539 3066 puto
557 3010 608 3050 nec
626 2998 750 3050 mutuam
768 3009 829 3050 csse
847 2995 989 3065 magisque
1007 3009 1132 3050 nummos
1151 2995 1309 3065 accipientis
1320 3010 1376 3051 non
1388 2994 1454 3066 lieri,
1472 3011 1535 3052 cum
1547 2997 1601 3052 alia
1612 2999 1669 3068 cpi·

240 3088 321 3144 uione
341 3086 485 3157 acceperit
513 3100 597 3156 quare
609 3085 633 3140 ei
645 3099 692 3140 eos
705 3085 911 3154 consumpserit,
929 3084 994 3140 licet
1004 3083 1175 3140 condictione
1186 3088 1320 3154 teneatur,
1338 3090 1431 3140 tamen
1443 3085 1497 3142 dcli
1509 3087 1669 3156 exceptione

209 3189 221 3235 1
240 3177 281 3234 nti
299 3176 408 3247 poterit,
426 3175 491 3246 qula
508 3173 658 3230 secundum
675 3173 845 3228 uoluntatem
863 3173 954 3228 dantis
971 3173 1074 3230 nummi
1092 3179 1157 3230 snnt
1174 3174 1336 3244 consumpti.
1373 3173 1402 3230 Si
1420 3189 1472 3244 ego
1490 3174 1570 3243 quasi
1587 3173 1669 3244 depo·

240 3281 309 3322 nens
326 3265 377 3322 tibi
394 3264 510 3334 dedero,
528 3269 559 3320 tu
577 3262 656 3334 quasi
673 3267 795 3317 mutuam
814 3263 946 3332 accipias,
965 3278 1016 3318 nec
1033 3262 1187 3333 depositum
1206 3277 1257 3320 nec
1274 3267 1398 3319 mutuum
1416 3269 1473 3318 este
1490 3262 1563 3318 idem
1581 3268 1624 3318 est
1641 3267 1671 3320 et
1701 3278 1708 3295 ·

242 3356 266 3412 si
288 3359 319 3410 tn
342 3355 421 3424 qussi
444 3356 566 3408 mutuam
585 3351 728 3422 pecuniam
747 3351 868 3421 dederis,
892 3366 944 3421 ego
962 3352 1041 3420 qussi
1059 3351 1258 3408 commodatam
1276 3351 1545 3421 ostendendigratia
1562 3352 1669 3422 accepi:
1689 3369 1718 3410 st

242 3444 338 3502 sedin
355 3448 472 3512 utroque
489 3457 556 3496 casu
574 3441 742 3510 consumptis
760 3441 877 3496 nummis
896 3440 1059 3496 condicticni
1077 3441 1136 3496 sine
1153 3440 1207 3496 doli
1226 3441 1386 3510 exceptione
1404 3443 1481 3496 loeus
1498 3441 1557 3496 crit

187 3531 231 3590 19*
296 3533 437 3590 mutnus
459 3529 528 3586 libro
553 3529 659 3584 decimo
677 3529 854 3599 digestorum.
890 3529 952 3586 lion
970 3530 1057 3584 omnis
1075 3529 1227 3584 numeratio
1245 3543 1307 3586 enm
1325 3531 1372 3599 qui
1390 3531 1498 3600 accepit
1515 3523 1670 3612 [siffis
1688 3541 1709 3596 s

243 3622 354 3692 obligat,
373 3619 423 3675 sed
441 3619 567 3690 quotiens
585 3618 613 3674 id
631 3619 721 3689 ipsum
740 3619 837 3688 agitur,
855 3623 887 3674 nt
899 3617 1041 3674 confestim
1054 3617 1228 3687 obligaretur.
1255 3635 1318 3674 narn
1331 3622 1360 3674 et
1370 3619 1403 3688 is,
1420 3620 1469 3688 qui
1480 3607 1671 3693 mor'tis‘caffi‘s

242 3711 386 3782 pecuniam
404 3709 496 3778 donat,
515 3713 640 3764 numerat
653 3707 805 3778 pecuniam,
823 3706 872 3762 sed
885 3723 939 3764 non
951 3708 1029 3762 aliter
1040 3706 1173 3777 obligabit
1184 3707 1372 3778 accipientem,
1390 3723 1472 3778 qnam
1485 3709 1509 3763 si
1520 3709 1672 3764 exstitisset

243 3817 332 3871 casus,
350 3799 379 3854 in
396 3813 478 3868 quern
497 3797 626 3868 obligatio
645 3799 744 3854 collata
761 3795 866 3867 suisset,
884 3797 970 3852 ueluti
987 3797 1011 3852 si
1029 3797 1144 3853 donator
1162 3797 1346 3852 conualuisset
1362 3801 1410 3852 aut
1423 3797 1446 3852 is
1459 3798 1506 3867 qui
1518 3797 1672 3870 accipiebat
1689 3813 1718 3855 cc

243 3889 317 3961 prior
334 3887 505 3944 decessisset
533 3892 562 3943 et
579 3903 641 3943 cum
659 3885 776 3958 pecunia
793 3887 911 3956 daretur,
929 3891 962 3941 ut
978 3885 1080 3956 aliquid
1097 3883 1182 3955 tieret,
1201 3886 1332 3954 quamdin
1349 3886 1377 3940 in
1392 3886 1524 3956 pendenti
1535 3891 1617 3956 emet,
1635 3903 1671 3942 an

243 3977 271 4033 ld
289 3976 409 4032 futurum
427 3981 509 4048 esset,
528 3975 648 4032 cessabit
666 3975 811 4046 obligatio:
829 3991 892 4030 cum
909 3989 976 4030 nero
993 3979 1098 4030 certum
1116 3989 1177 4029 esse
1195 3976 1332 4044 coepisset
1348 3973 1469 4031 futurum
1488 3975 1517 4030 id
1534 3990 1588 4032 non
1600 3990 1671 4047 esse,

242 4065 407 4136 obligabitur
424 4067 470 4136 qui
488 4066 653 4136 accepisset:
675 4065 760 4120 ueluti
777 4066 801 4120 sl
818 4065 891 4120 'litio
909 4065 1003 4120 decern
1024 4063 1134 4134 dedero,
1152 4068 1185 4118 ut
1202 4062 1325 4118 Stichum
1342 4064 1413 4118 intra
1430 4064 1558 4134 calepdas
1576 4081 1670 4120 manu·
1733 4123 1738 4134 ,

243 4156 379 4226 mitteret,
401 4160 464 4212 ante
485 4155 618 4212 kalendas
635 4155 736 4210 nullam
755 4155 890 4210 actionem
907 4153 1028 4224 habebo,
1052 4155 1116 4224 post
1133 4151 1265 4208 kalendas
1282 4153 1322 4206 ita
1339 4152 1448 4208 demum
1466 4169 1548 4223 agere
1565 4159 1671 4224 potero,

209 4254 223 4300 1
242 4245 266 4302 si
284 4245 467 4302 manumissus
484 4259 540 4301 uon
557 4242 647 4300 inerit.
676 4242 705 4300 Si
722 4244 842 4315 pupillus
860 4243 919 4298 sine
935 4243 1036 4298 tutoris
1053 4242 1215 4296 auctoritate
1233 4241 1378 4297 crediderit
1392 4247 1440 4296 aut
1451 4241 1575 4298 soluendi
1587 4257 1672 4298 causa
1689 4256 1718 4298 ss

241 4359 376 4432 F[P(U)]

243 4528 383 4584 idederit
400 4529 452 4584 PU
465 4531 470 4596 Ι
485 4528 631 4585 conductio
647 4529 681 4584 F¹
727 4527 933 4598 tpspianusP
983 4527 1017 4582 15
1035 4527 1133 4582 solutio
1145 4527 1186 4581 P'
1231 4529 1265 4582 16
1283 4531 1431 4596 praecepta
1442 4526 1533 4582 F’PU
1573 4527 1608 4582 23
1624 4525 1671 4582 de·

242 4601 259 4655 3
270 4599 351 4726 ἶ(1110ιί
416 4601 727 4670 consumpserisom.t³·
742 4601 747 4667 Ι
762 4605 930 4669 perpartem
982 4597 1054 4652 derit
1070 4598 1123 4652 PU
1173 4599 1209 4653 30
1226 4603 1322 4654 mutua
1339 4599 1378 4652 Ρσ
1430 4599 1466 4654 34
1483 4599 1606 4653 mutrmm
1624 4613 1671 4668 pe·

242 4673 270 4728 P
337 4673 548 4742 bccusumptos
566 4691 615 4727 om.
628 4671 668 4724 1³⁶
715 4673 845 4726 bsenros
864 4671 930 4740 1²⁶1
982 4670 1090 4724 cuniam
1117 4670 1237 4739 accipias
1263 4670 1303 4724 P·
1361 4669 1397 4724 35
1423 4669 1456 4738 si]
1484 4686 1547 4724 nam
1574 4670 1598 4724 si
1621 4667 1675 4724 PU

242 4749 466 4799 consummantur
492 4745 541 4810 ΡΙ
566 4739 699 4798 nummi's'
722 4743 759 4796 Ρ
818 4743 835 4796 8
861 4741 930 4797 libro
983 4741 1018 4796 36
1030 4741 1192 4796 conditionis
1205 4741 1263 4796 aine
1278 4741 1315 4795 P·
1360 4742 1394 4795 38
1407 4740 1499 4809 causa]
1512 4741 1595 4805 PLU,
1608 4755 1671 4796 cau·

241 4819 341 4870 octauo
353 4815 463 4880 (octabo
475 4815 511 4878 F)
524 4829 550 4883 q.
559 4814 634 4885 pap]
652 4813 786 4884 papianus
799 4813 869 4868 libro
883 4813 931 4868 uiii
983 4827 1041 4868 sam
1054 4814 1078 4866 F
1114 4813 1149 4867 39
1163 4813 1249 4868 donat
1259 4817 1385 4866 numeret
1394 4812 1539 4882 pecuniam
1552 4830 1600 4865 om.
1610 4811 1671 4937 P]

241 4886 413 4956 questionum
431 4887 468 4950 P,
490 4885 507 4940 l'
520 4901 619 4942 nouem
642 4885 831 4956 quaestionum
854 4885 930 4954 papi·
983 4882 1124 4953 obligabit]
1137 4884 1253 4950 F²,·uit
1266 4881 1357 4936 F1PU
1387 4885 1421 4938 41
1435 4882 1513 4952 etlid
1526 4883 1565 4936 P·
1599 4883 1651 4938 tili

242 4957 381 5014 manusU
416 4954 622 5013 titutnerintP·¹
659 4957 693 5011 14
710 4955 794 5026 esset]
807 4971 868 5012 esse
882 4955 935 5010 PU
983 4953 1043 5024 brt]
1061 4952 1111 5010 tut
1123 4955 1165 5010 P·
1211 4955 1246 5010 43
1264 4953 1477 5024 obllgauitan¹
1492 4957 1498 5023 Ι
1513 4954 1619 5010 decimo
1631 4954 1672 5009 P·
