3660 5362
104 221 223 271 murno
239 219 352 271 rsouo
367 219 596 270 reeusuurrro
779 193 867 276 829
1255 201 1389 272 XXVHI
1409 205 1430 272 3
1448 209 1546 266 t-le

104 375 198 416 eorum
222 359 333 431 qnldem
350 363 517 415 testamenta
534 362 596 414 rata
612 363 690 430 sunt,
709 356 760 413 sed
777 357 854 413 irrita
870 355 950 428 dent,
973 371 1090 428 quorum
1108 359 1239 415 memoris
1255 365 1319 430 post
1336 365 1451 416 mortem
1469 359 1545 414 dam·

56 457 86 502 rr
104 455 170 505 nuta
187 453 239 521 est,
258 453 290 505 ut
306 451 375 520 puts
392 463 427 504 ex
445 463 530 504 osnes
547 447 713 519 metantis,
737 446 783 502 uel
804 461 839 502 ex
857 447 912 503 alla
929 447 978 502 tali
995 461 1089 503 eausa
1126 447 1267 514 Quatenus
1283 453 1377 504 umen
1395 447 1406 519 Ι
1426 447 1643 505 dirimeretur

105 538 140 596 ab
158 536 284 594 hostibus
302 538 376 608 eapti
393 541 590 593 testamentum
607 537 714 592 irritum
732 534 805 606 lieri,
830 535 1003 592 adioiendum
1022 541 1066 592 est
1082 536 1249 606 postliminio
1266 537 1370 592 reuersi
1387 537 1461 592 uires
1479 551 1545 591 snas

104 628 226 698 reoipere
250 628 309 683 inre
332 627 493 698 postliminii
516 629 579 697 aut,
604 626 628 681 sl
651 624 690 681 ibi
713 624 844 695 deoednt,
867 626 929 696 lege
952 625 1079 681 cornelia
1100 623 1262 681 oondrmssi.
1295 640 1362 696 ergo
1384 629 1413 680 et
1435 625 1460 680 si
1482 625 1545 696 quis

105 716 251 772 damnatus
269 717 360 786 eapite
378 717 407 771 in
425 717 561 786 integrum
580 714 752 785 indulgentia
768 713 899 785 prinolpis
917 715 954 770 sit
970 714 1130 786 restitutus,
1152 718 1347 770 testamentum
1366 715 1427 770 eius
1444 729 1544 770 senua
1563 726 1576 768 a

56 813 86 859 rs
103 806 197 862 leeeet
234 805 297 862 eurr
312 803 431 860 familiae
448 805 572 862 ueterani
595 803 638 860 sul
661 802 728 859 iuris
752 808 839 860 morte
861 803 948 874 patris
971 801 1039 859 laeti
1060 807 1256 859 testamentum
1278 803 1383 859 irritum
1407 817 1462 859 non
1484 800 1544 858 lieri

104 898 226 951 eonstat:
244 911 307 950 nam
326 898 458 965 quantum
477 893 514 950 ad
531 892 689 949 testandum
707 891 743 948 de
761 893 894 948 outrensi
912 893 1020 964 pesullo
1038 907 1088 964 pro
1106 896 1186 963 patre
1201 891 1319 948 familias
1330 891 1473 948 habendus
1491 897 1543 963 est,

104 987 134 1040 et
150 984 212 1040 ideo
230 999 282 1040 neo
299 983 518 1054 emanoipatione
535 983 640 1038 irritum
658 979 717 1037 lieri
735 981 828 1038 militis
846 981 891 1037 uel
908 981 1032 1038 neursni
1048 985 1243 1038 testamentum
1262 995 1357 1037 uerum
1376 985 1427 1037 ost

67 1069 86 1128 'l
157 1071 308 1130 Uumrtue
329 1072 399 1130 libro
422 1072 530 1129 decimo
553 1071 589 1128 ad
607 1069 749 1128 Sabinum.
791 1067 820 1126 Si
845 1071 923 1127 miles
945 1071 1005 1127 iure
1027 1071 1101 1127 oiulli
1123 1075 1207 1126 testa·
1226 1067 1394 1153 1”Ροιι.14,7.
1409 1081 1542 1140 ΗΜΛ
1576 1075 1598 1132 S

104 1167 226 1219 mentum
244 1160 387 1218 teneritas
404 1161 492 1232 primo
510 1160 599 1232 gradu
617 1160 746 1218 heredem
765 1175 827 1216 eum
846 1161 987 1230 scripserit
998 1175 1079 1232 quem
1091 1161 1151 1217 iure
1162 1160 1273 1218 militari
1284 1165 1402 1231 poterat,
1420 1159 1542 1216 seeundo
1562 1173 1591 1214 ιι

103 1267 167 1308 sum
185 1266 267 1323 quem
286 1249 424 1308 eommuni
442 1250 501 1306 lure
518 1253 618 1320 potest,
638 1253 747 1321 etpost
764 1265 865 1306 sunum
884 1249 1021 1306 missionis
1039 1244 1197 1322 deoesserit,
1214 1250 1319 1322 primus
1330 1249 1434 1320 gradus
1450 1249 1543 1305 irritus

102 1339 151 1398 flet
168 1349 198 1398 et
214 1357 232 1397 a
249 1339 373 1396 seeundo
390 1339 503 1410 incipiet
519 1343 724 1395 testamentum.
1639 1399 1641 1404 ,

65 1425 85 1484 8
156 1431 235 1486 lonrr
259 1428 329 1485 libro
355 1428 501 1484 undselmo
528 1427 565 1484 ad
587 1426 727 1484 Sabinum.
771 1425 873 1484 Uerum
897 1432 941 1484 est
963 1427 1110 1499 adoptione
1137 1429 1181 1484 uel
1206 1427 1385 1500 adrogatione
1403 1413 1542 1504 Q
1575 1425 1597 1480 S

71 1517 151 1575 tilii
171 1517 281 1575 lidaeue
302 1521 498 1574 testamentum
517 1518 619 1588 rumpi,
641 1517 770 1587 quoniam
793 1518 836 1572 sui
860 1516 969 1574 heredis
992 1517 1159 1588 adgnatioue
1181 1518 1253 1574 solet
1269 1519 1366 1588 rumpi.
1402 1517 1472 1574 lilia
1489 1511 1542 1601 [ξι]

102 1623 166 1664 oum
184 1607 374 1679 emancipatur
390 1607 436 1663 uel
452 1621 547 1678 nepos,
565 1606 631 1676 quia
648 1621 704 1662 una
721 1607 923 1678 maueiputione
940 1611 1043 1663 exenni
1060 1607 1095 1664 de
1113 1611 1259 1678 potestate,
1276 1609 1472 1662 testamentum
1487 1623 1543 1663 non
1561 1618 1590 1660 rs

102 1701 241 1768 rumpunt.

65 1783 85 1841 9
156 1785 276 1842 Psunos
293 1783 362 1842 libro
380 1783 503 1841 seeundo
521 1782 557 1840 ad
574 1781 716 1840 Sabinum.
753 1781 783 1840 st
805 1790 885 1856 pater
908 1783 944 1841 ab
966 1783 1092 1842 hostibus
1110 1785 1236 1856 ospiatur
1252 1781 1308 1841 filio
1326 1799 1383 1840 rna·
1401 1777 1541 1868 Q
1574 1789 1596 1848 s

103 1879 186 1931 uento
203 1876 233 1932 ln
250 1873 370 1945 olultate,
387 1889 498 1930 reuerso
516 1887 551 1928 eo
568 1887 624 1928 uon
641 1873 777 1944 rumpitur
794 1877 1003 1930 testamentum:

46 1961 87 2020 10
157 1964 235 2020 lnarr
258 1961 326 2020 lrbro
349 1963 439 2034 primo
462 1961 498 2018 ad
516 1961 665 2018 Uitellium.
706 1962 756 2018 sed
779 1977 831 2019 neo
851 1961 924 2020 lilius
946 1962 1114 2034 postliminio
1134 1962 1243 2020 rediens
1265 1961 1368 2034 rumpit
1385 1957 1542 2048 Q
1562 1969 1602 2024 ’E

103 2053 189 2125 patrie
205 2057 411 2122 testamentum,
432 2057 464 2108 ut
481 2049 601 2107 Sebinno
619 2051 795 2109 existimauit
1560 2065 1589 2107 so

47 2141 82 2197 11
157 2142 308 2199 Umerus
331 2141 400 2198 libro
424 2141 636 2212 quadragesimo
658 2147 738 2198 sexto
761 2141 797 2197 ad
820 2141 950 2198 edietum.
987 2139 1018 2196 Sl
1038 2139 1120 2196 binae
1143 2138 1253 2196 tabulae
1275 2139 1364 2212 prole·
1383 2135 1542 2226 [Q
1573 2147 1595 2204 s

103 2236 198 2288 rantur
215 2231 334 2287 disemis
349 2229 519 2300 temporibus
537 2228 637 2301 saeue,
655 2245 727 2286 unae
744 2231 828 2302 prius,
848 2231 918 2286 uliae
935 2233 1041 2300 postea,
1059 2235 1192 2300 utraeque
1203 2235 1296 2286 tamen
1309 2237 1415 2302 septem
1428 2233 1541 2287 testium

103 2321 190 2393 signis
208 2321 342 2392 signatae,
360 2323 390 2375 et
406 2324 518 2389 apertae
535 2320 701 2390 posteriores
719 2333 825 2375 uaouae
842 2319 971 2374 inuentae
988 2318 1052 2390 sint,
1070 2318 1099 2374 ld
1117 2319 1244 2375 estnihil
1262 2321 1392 2392 seriptum
1407 2319 1541 2377 babentes

103 2410 223 2480 omnino,
241 2409 367 2480 superine
384 2412 581 2466 testamentum
598 2423 654 2464 nou
673 2413 717 2466 est
733 2412 852 2478 ruptum,
871 2407 937 2478 quis
953 2421 1072 2478 sequens
1089 2408 1193 2464 nullum
1211 2412 1262 2464 est
1560 2422 1590 2464 ιι

47 2496 85 2556 12
156 2499 234 2554 lum(
251 2499 320 2554 libro
338 2503 436 2568 quarto
454 2497 680 2570 disputationum.
707 2498 856 2553 Postumus
868 2497 1033 2567 praeteritus
1044 2497 1110 2553 uiuo
1123 2501 1255 2554 testatore
1267 2502 1364 2554 natua²
1384 2493 1541 2584 Q
1573 2505 1595 2561 s

104 2587 238 2644 deeessit:
256 2588 321 2643 lieet
337 2587 403 2643 iuris
422 2587 632 2659 serupulositate
650 2587 787 2658 nimiaque
806 2586 957 2656 suptilitate
974 2591 1169 2642 testamentum
1188 2591 1299 2658 ruptum
1317 2587 1453 2661 uideatur,
1471 2595 1541 2646 atta·

103 2693 181 2748 men,
205 2678 229 2733 si
246 2677 385 2748 signatum
402 2674 486 2732 tuerit
501 2681 711 2746 testamentum,
735 2675 867 2732 bonorum
890 2677 1093 2745 possessiouem
1118 2675 1269 2732 seeundum
1290 2677 1398 2734 tabulas
1415 2679 1541 2750 aoeipere

103 2765 182 2821 beree
200 2765 319 2836 seriptus
336 2770 429 2836 potest
446 2780 558 2835 remque
576 2764 719 2836 optinebit,
738 2769 770 2820 ut
786 2769 815 2820 et
826 2764 908 2820 diuus
920 2763 1077 2820 Hadrianus
1088 2769 1118 2820 et
1128 2765 1277 2836 imperator
1290 2771 1382 2823 noster
1394 2768 1541 2839 reaeripse·

103 2859 180 2926 rent,
203 2855 361 2925 ideireoque
384 2853 510 2924 legatarii
532 2859 562 2910 et
584 2853 830 2910 fideieommissarii
847 2853 989 2910 habebunt
1006 2869 1053 2924 eu,
1078 2869 1150 2924 quae
1167 2853 1220 2910 sibi
1236 2855 1333 2910 relieta
1349 2855 1417 2927 sint,
1441 2857 1539 2914 seeuri.

101 2943 175 3000 idem
193 2949 223 3000 et
239 2945 313 3000 elroa
329 2943 461 2999 iniustum
480 2947 508 3000 et
525 2943 630 3000 irritum
649 2948 844 3000 testamentum
866 2944 918 3000 erit
936 2943 1095 3014 dioendum,
1121 2943 1144 2998 si
1167 2941 1299 2999 bonorum
1316 2947 1456 3014 possessio
1474 2947 1541 3004 dats
1559 2957 1589 3000 so

69 3037 82 3083 1
101 3031 185 3090 luerit
201 3034 235 3104 ei,
254 3033 376 3103 quirem
394 3031 431 3088 ab
448 3034 579 3089 intestato
597 3031 704 3090 auterre
722 3033 818 3104 possit
854 3029 885 3088 Si
901 3047 1040 3104 paganus,
1059 3033 1106 3103 qui
1124 3030 1244 3088 babebat
1261 3031 1316 3088 ism
1334 3031 1437 3090 laetum
1455 3041 1540 3092 teste·

101 3127 238 3193 mentum,
261 3121 337 3178 allud
354 3120 468 3178 ieeisset
485 3128 514 3178 et
531 3122 559 3178 ln
577 3137 610 3178 eo
629 3121 881 3192 eomprehendisset
902 3121 968 3179 fidei
991 3121 1099 3178 heredis
1120 3121 1304 3192 committere,
1328 3127 1360 3178 ut
1377 3123 1482 3193 priores
1498 3129 1540 3180 ta·

101 3211 182 3268 bulae
199 3212 331 3281 ualerent,
349 3211 507 3268 omnimodo
523 3212 601 3281 prius
618 3216 814 3268 tesmmentum
831 3215 941 3283 ruptum
959 3217 1015 3268 est:
1034 3225 1089 3282 quo
1107 3215 1189 3280 rupto
1201 3215 1294 3281 potest
1304 3212 1407 3282 quaeri,
1425 3227 1461 3268 au
1478 3213 1540 3269 nloe

101 3300 285 3357 eodieillorum
303 3299 333 3355 id
350 3301 443 3357 ualere
460 3299 581 3356 deberet
610 3305 638 3356 et
655 3315 717 3356 oum
736 3299 805 3357 haee
822 3300 909 3357 uerba
925 3301 981 3357 sint
996 3298 1214 3370 ddeloommissi,
1238 3301 1284 3356 st*
1300 3301 1361 3356 sine
1378 3300 1462 3358 dublo
1480 3302 1539 3358 unl-

101 3403 191 3459 uersa,
209 3405 280 3460 quse
298 3389 354 3446 illio
370 3389 474 3461 seripts
491 3394 563 3460 suut,
580 3389 609 3445 in
627 3405 712 3446 eausa
729 3388 934 3447 fideieommisst
952 3394 1044 3460 erunt,
1064 3404 1120 3444 non
1138 3389 1227 3445 solum
1244 3390 1338 3460 legata
1355 3395 1383 3446 et
1400 3389 1539 3447 lideloom·
1558 3403 1589 3445 ss

101 3477 194 3548 missa,
212 3477 262 3533 sed
280 3481 309 3533 et
324 3477 466 3536 libertates
484 3484 514 3535 et
530 3477 639 3535 beredis
657 3480 802 3536 institutio.

45 3559 83 3618 13
154 3564 249 3622 Gsrue
270 3565 340 3622 libro
362 3565 432 3624 lrbro
456 3567 577 3624 seeundo
599 3568 810 3625 institutionum.
850 3569 1041 3624 Postumorum
1063 3561 1539 3654 Q
1571 3573 1594 3630 S

101 3655 162 3710 loeo
179 3657 246 3710 sunt
262 3659 292 3710 et
308 3651 345 3726 hi,
362 3655 410 3724 qui
428 3656 456 3710 ln
474 3657 517 3712 sui
534 3655 643 3714 heredis
660 3659 721 3714 loeo
740 3656 913 3713 succedendo
930 3656 1010 3726 quasi
1028 3655 1224 3726 adgnasoendo
1237 3653 1307 3712 liunt
1319 3657 1478 3728 parentibus
1496 3657 1539 3714 sul

101 3741 225 3800 heredes.
255 3747 288 3799 ut
305 3757 370 3799 eooe
387 3744 411 3798 si
428 3741 513 3800 filium
532 3752 561 3801 et
584 3761 619 3802 ex
642 3761 676 3803 eo
698 3752 827 3818 nepotem
851 3751 997 3816 neptemue
1019 3746 1048 3802 in
1070 3749 1209 3816 potestate
1232 3745 1361 3817 babeam,
1386 3747 1451 3817 quia
1467 3743 1539 3804 filius

100 3831 189 3902 gradu
206 3831 359 3902 praeeedit,
383 3833 407 3887 is
425 3833 500 3889 solus
517 3835 578 3890 iura
597 3835 640 3890 sui
658 3834 766 3892 heredis
789 3833 885 3906 babet,
909 3833 1036 3905 quamuis
1060 3849 1147 3906 nepos
1170 3849 1280 3906 quoque
1297 3841 1327 3892 et
1343 3836 1435 3906 neptis
1452 3848 1487 3892 ex
1504 3851 1539 3902 eo
1557 3849 1587 3890 so

101 3928 324 4000 mwnoulo)

102 4073 110 4107 ¹
121 4073 234 4140 firmant
252 4071 279 4125 B
302 4069 359 4138 (tis
378 4069 408 4126 'aa
427 4072 482 4142 ιωᾷ
502 4072 550 4134 τοῨ
572 4072 671 4144 πατρὸς
694 4075 773 4146 τεχθῇ
793 4073 808 4130 ὸ
827 4075 1044 4148 κγοφοροῨιιειιοι
1068 4076 1106 4130 ssi
1130 4073 1248 4145 ἰιιιοθᾶιιιι
1269 4076 1354 4128 Aaou.
1373 4059 1539 4148 similiterque

102 4141 188 4214 Gyri:
207 4145 288 4196 natus
307 4143 354 4196 det
426 4143 438 4178 ¹
456 4149 486 4198 et
503 4146 549 4199 det
568 4147 603 4210 (ιι.
617 4149 645 4212 ι’.)

100 4271 321 4342 eposuininiu*
337 4273 376 4328 Ρ
428 4275 640 4346 tposultminii
658 4279 696 4332 F’
717 4279 722 4348 Ι
743 4284 793 4334 aut
845 4277 982 4335 ua'e'ouae
999 4280 1037 4334 ἲ)
1052 4280 1057 4345 Ι
1073 4279 1200 4336 inusstns
1216 4279 1252 4332 F¹
1298 4279 1335 4334 24
1351 4280 1537 4350 ιιιιιιιοίιιῖΙ

100 4342 191 4400 stulu
209 4345 247 4398 Ρ
261 4345 266 4408 Ι
282 4343 419 4400 decedant
432 4347 458 4399 F
497 4346 737 4419 6lsoti1F²som
750 4351 792 4406 B:
845 4351 880 4406 26
898 4351 1144 4420 lurtmsorupulos.
1158 4351 1196 4404 Fi
1211 4351 1216 4418 Ι
1231 4365 1291 4405 rum
1312 4356 1370 4405 tum
1388 4351 1414 4404 F
1461 4353 1495 4406 il
1514 4351 1538 4408 si

100 4415 167 4472 ei...
177 4415 283 4485 uestros
293 4416 342 4479 τοῨ
353 4415 605 4489 rtarpdc...risersr
617 4417 790 4486 airsloicroc,
845 4421 984 4491 signatum
1001 4421 1084 4478 fuerit
1100 4367 1311 4493 testamentum?
1324 4420 1370 4477 til
1432 4423 1506 4494 ιιείιιιι
1521 4423 1536 4476 is

98 4484 202 4542 faetum
215 4488 252 4543 F*
300 4489 445 4558 ipnrtme
462 4492 520 4558 (rto)
536 4489 653 4548 familias
664 4493 702 4547 Ρ
717 4495 722 4562 Ι
738 4493 790 4562 est]
845 4493 953 4548 ιιιθιὶκιι
977 4492 1164 4564 icopapcaiuo
1184 4493 1211 4548 B
1228 4493 1336 4560 (Aeon)
1352 4495 1357 4558 Ι
1373 4493 1537 4564 soniperete·

99 4559 194 4614 eutl'1
230 4559 409 4616 8milloisF¹
425 4561 430 4628 Ι
446 4564 570 4618 ueterani
588 4583 637 4617 om.
650 4564 685 4616 Ρ
722 4565 791 4620 9ιι1-
845 4565 934 4619 resll'¹
979 4565 1014 4620 18
1026 4563 1186 4635 ιοιιιιιιιοΠζ
1199 4563 1433 4633 hereditatemque
1446 4563 1540 4619 Wmt

98 4629 197 4700 planus
260 4630 396 4702 sabinum]
410 4633 508 4700 ΜΕ,
520 4635 791 4705 ulplanuleGenm
845 4638 883 4701 (tn
900 4655 959 4690 mar
977 4676 982 4688 .
1000 4635 1088 4706 plleis]
1108 4639 1243 4706 remque),
1267 4633 1447 4690 hereditatem
1467 4636 1483 4689 l
1500 4639 1537 4700 (ιιι

99 4701 139 4757 B:
166 4700 327 4768 Obsessis,
359 4705 406 4759 del.
428 4705 473 4769 Fi,
503 4725 551 4759 om.
576 4713 599 4761 et
623 4706 689 4762 toas
712 4710 790 4762 bem
844 4725 903 4761 mar
921 4707 1199 4778 .pisis]remque)0
1238 4705 1537 4778 itoompr'a'ehendis·

99 4774 255 4830 antecedenti
280 4776 399 4848 odlonptt
423 4771 464 4829 W
519 4777 553 4832 lb
575 4777 639 4846 non]
665 4777 715 4832 Η)
742 4779 790 4843 10,
844 4728 938 4832 serlus
975 4779 1212 4849 33rumptumFl
1228 4793 1283 4850 quo
1295 4799 1343 4833 om.
1353 4779 1389 4832 F·
1404 4779 1409 4848 Ι
1424 4777 1537 4849 quaeri

99 4843 199 4898 ΜΨ
230 4847 264 4900 11
276 4845 412 4918 ulpianus]
426 4847 572 4911 ΠιῨιογΒ
588 4847 593 4915 Ι
608 4847 790 4920 proferantur]
844 4849 882 4902 Ρ
935 4849 972 4904 34
994 4855 1023 4903 et
1043 4850 1112 4920 sine]
1130 4849 1189 4904 sine
1203 4849 1362 4916 WDQEIO
1407 4851 1443 4906 85
1460 4847 1537 4904 fidei·

97 4915 286 4982 F¹WDEIG,
302 4915 475 4986 proferentur
491 4921 529 4973 Ρ
582 4921 618 4976 22
634 4922 790 4981 te'stameu·
844 4921 1093 4978 commisserunti'
1131 4923 1167 4976 38
1185 4925 1214 4975 et
1231 4919 1267 4990 bl]
1286 4919 1332 4976 ubi
1347 4921 1381 4974 ΡΙ
1398 4923 1403 4988 Ι
1419 4920 1537 4992 adgnos-

98 4983 327 5070 tu'mporibnsvft
342 4991 348 5059 Ι
362 4989 541 5061 postea'e'F²
592 4992 627 5048 23
642 4994 789 5068 aporssl'l
829 4993 932 5065 ¹eeudo
950 4991 1040 5048 FWE
1090 4993 1127 5048 te
1144 4991 1259 5048 heredes
1277 4991 1313 5046 Fi
