3584 5326
97 3055 222 3103 FlorentIni

113 3119 165 3164 libri
174 3133 210 3165 ex

88 3180 173 3226 sobolis
189 3182 233 3240 By-

97 3243 223 3289 7447707447

952 153 1009 220 LX

260 345 313 384 uon
333 328 447 383 candem
468 329 672 384 excusationem
691 333 838 398 merentur,
858 327 904 384 ubi
923 329 1062 399 progressi
1081 333 1145 385 4447
1163 329 1199 384 47
1217 329 1304 400 ipsam
1324 327 1474 384 0747704447
1487 327 1739 400 reformandam,

260 436 378 505 exempli
399 451 483 490 44444
509 443 646 507 sequestris
673 433 838 491 uocabulum
865 441 1001 505 perpetuo
1028 435 1064 490 ad
1092 435 1241 492 secundam
1265 435 1474 491 declinationem
1498 441 1742 492 reuocauerunt:

260 541 292 610 (Ι,
305 541 366 611 473,
381 541 414 595 16
426 543 505 612 444),
522 556 573 611 470
591 545 821 615 qualiterqualiter,
840 541 915 613 quod
933 557 988 598 non
1007 542 1095 612 magis
1114 543 1234 598 assecuti
1252 556 1313 598 asse
1331 541 1459 598 uidentur
1477 557 1558 612 44474
1579 543 1734 598 4444447ἰ

260 652 325 702 4447
342 652 440 717 404744
451 647 640 703 Bononienses
653 649 691 718 (4.
705 649 841 718 LXVIII),
861 647 996 704 dederunt
1010 651 1120 721 qualiter
1131 647 1176 718 (ΙΙ,
1189 649 1250 718 557,
1265 650 1307 703 17.
1320 649 1381 718 747,
1390 649 1434 704 36.
1448 649 1507 720 760,
1517 649 1555 719 3),
1573 653 1642 719 4047
1654 658 1731 706 ais?

260 753 434 809 Inseruerunt
451 763 475 808 st
493 753 669 824 (11,431,15.
687 753 749 824 474,
761 754 805 810 43.
824 755 885 825 576,
897 755 953 825 43),
972 755 1078 824 modos,
1097 755 1215 810 maxime
1234 752 1282 809 ubi
1298 755 1385 810 074710
1397 753 1500 824 444747
1511 769 1546 810 ex
1558 756 1718 825 partioulbr

260 868 283 914 si
301 865 329 914 et
347 879 416 924 0007,
440 859 476 914 47
494 860 588 916 444470
606 873 676 930 quas
694 861 770 930 leges
788 861 1030 916 Immutuueruntl.
1058 861 1208 930 44410444
1226 859 1319 929 distat,
1338 859 1412 930 quod
1430 876 1465 915 ex
1482 864 1537 933 leqc
1561 861 1715 918 uocabulo

259 964 384 1020 iecerunt
395 967 428 1020 dc
441 969 496 1038 teqo
508 966 553 1036 (ΙΙ,
565 966 625 1037 149,
634 967 671 1036 4),
684 965 719 1022 47
732 975 860 1023 castrense
872 967 945 1023 nude
958 968 1078 1038 positum
1091 966 1256 1022 addiderunt
1266 969 1391 1038 peculium
1404 967 1435 1038 (1,
1446 968 1507 1037 871,
1516 968 1560 1022 32.
1570 969 1636 1040 874,
1642 971 1709 1056 44).

259 1072 372 1142 grauius
385 1076 435 1142 est,
446 1072 520 1142 quod
533 1073 553 1142 Ι,
563 1073 625 1142 423,
637 1075 651 1128 1
665 1073 701 1128 47
714 1075 850 1128 libitinarii
861 1073 1025 1130 uocabulum
1039 1073 1152 1130 Graecis
1163 1089 1259 1142 parum
1272 1077 1369 1128 notum
1381 1071 1527 1144 adscripsit
1538 1075 1710 1132 emendator

259 1177 345 1234 44774
362 1195 397 1234 077
414 1179 547 1248 glossarIo
567 1179 928 1248 41744067444047147740
947 1181 1094 1250 desumpta
1111 1199 1173 1252 quos
1188 1179 1287 1234 670440
1307 1176 1485 1250 4040474744
1502 1190 1604 1236 uocant.
1632 1182 1706 1239 7444

259 1300 294 1340 ex
306 1286 556 1354 grammatistsrurn
575 1284 811 1342 lucubrationibus
823 1287 910 1356 petita
922 1286 957 1342 47
970 1287 1045 1357 74444
1059 1302 1103 1342 744
1115 1300 1169 1342 404
1187 1285 1365 1355 44744474477
1384 1289 1412 1341 47
1430 1286 1603 1357 interpolatio
1621 1287 1703 1345 scho-

259 1391 357 1446 lastica
375 1391 485 1446 74747744
504 1391 532 1445 74
551 1391 663 1447 47744774
680 1391 723 1447 774
742 1408 772 1447 se
791 1393 939 1462 contiuuit,
963 1393 1013 1448 sed
1037 1393 1119 1448 etism
1145 1392 1263 1447 mutauit
1286 1391 1414 1447 omisitue
1432 1391 1569 1461 quaedam
1586 1399 1703 1466 propter

259 1498 302 1552 ius
316 1501 460 1553 mutatum.
489 1513 522 1552 eo
538 1498 657 1567 pertinet
674 1498 877 1569 quodammodo
896 1498 1059 1556 uocabulum
1078 1502 1158 1564 mitia,
1177 1497 1270 1554 47774
1288 1513 1460 1553 nummorum
1479 1499 1635 1568 quantitate
1654 1500 1701 1556 ds·

259 1601 380 1658 6474474
397 1604 542 1674 744047747,
561 1603 720 1674 7774444774
739 1610 907 1676 expunctum
926 1604 961 1661 ab
980 1603 1235 1661 emendatoribus¹:
1255 1604 1359 1658 scilicet
1371 1604 1459 1659 secuti
1471 1602 1587 1660 70774474
1605 1605 1700 1664 747474

259 1708 294 1765 477
313 1709 373 1779 7440
395 1709 545 1766 1447747440
564 1711 641 1778 (1447.
654 1712 679 1780 3,
693 1713 717 1782 7,
730 1713 767 1782 3),
786 1719 814 1765 ut
830 1731 878 1784 pro
897 1715 963 1767 mille
981 1718 1105 1766 7477471774
1122 1730 1187 1766 unua
1205 1729 1298 1765 07774774
1316 1713 1480 1782 computetur,
1499 1715 1528 1766 et
1546 1711 1611 1768 inde
1629 1713 1701 1769 deri·

259 1820 352 1870 ustam
372 1817 598 1872 cousuetudinem
616 1817 790 1887 prudentium
810 1818 1020 1889 Byzantiorum,
1044 1817 1092 1886 qui
1115 1817 1210 1872 decem
1235 1816 1310 1871 477774
1327 1815 1443 1871 7477474
1461 1817 1550 1872 407447
1567 1832 1618 1886 447
1636 1817 1701 1873 stis

260 1922 410 1986 0077740474,
430 1924 528 1978 Latina
545 1939 654 1993 quoque
674 1923 798 1979 4774777747
816 1922 968 1979 formarunt
979 1923 1023 1979 uel
1036 1924 1127 1993 potius
1140 1920 1336 1978 desormsrunt.
1363 1921 1481 1992 denique
1499 1924 1628 1980 47474777
1647 1925 1701 1981 loci

259 2027 444 2098 iuuentuntur,
462 2027 509 2083 ubi
527 2029 687 2085 emendator
705 2045 739 2084 477
752 2030 785 2084 774
798 2044 869 2100 quae
882 2045 936 2086 non
951 2030 1019 2085 satis
1031 2030 1202 2098 Intellegeret
1213 2029 1259 2084 uel
1271 2043 1342 2098 4444
1354 2028 1529 2098 displicerent
1540 2030 1702 2087 coniectura

259 2149 289 2189 44
312 2111 563 2205 expediuiteaque
581 2151 643 2190 7470
661 2137 703 2202 (47
721 2151 745 2191 c.
758 2151 782 2191 c.
796 2136 830 2205 ll,
843 2137 904 2206 836,
917 2137 945 2204 3)
964 2134 1045 2206 felici,
1069 2134 1233 2205 quibusdam
1253 2135 1336 2189 etiarn
1360 2138 1499 2190 commata
1519 2139 1578 2191 tota
1596 2136 1702 2192 7444774

260 2254 294 2295 477
312 2241 521 2311 interpolatione
540 2241 590 2308 (its
607 2241 702 2312 1,800,
717 2243 759 2296 19.
778 2242 812 2312 ΙΙ,
826 2243 887 2312 220,
899 2243 961 2311 30),
985 2243 1025 2297 774
1047 2241 1159 2312 4477447
1184 2240 1424 2312 74474744744747
1445 2241 1581 2297 7744747477
1600 2241 1637 2297 sd
1656 2243 1700 2300 ius

259 2346 438 2403 lustinIsuum
458 2347 576 2403 maxImo
594 2347 770 2402 nouellarum.
798 2364 862 2403 nam
881 2349 902 2418 l,
915 2349 976 2418 687,
989 2349 1025 2403 34
1042 2353 1126 2417 44447
1144 2353 1232 2404 707474
1250 2346 1393 2403 7477747474
1406 2350 1606 2418 estpropterea
1623 2348 1701 2419 quod

259 2451 297 2508 ibi
316 2453 471 2508 4047744747
488 2455 560 2509 actio
579 2453 614 2508 de
632 2453 762 2524 moribus,
780 2453 886 2510 scilicet
904 2453 938 2510 47
957 2454 1134 2510 emendatore
1153 2469 1272 2509 74474074
1290 2451 1415 2509 rubricae
1433 2453 1536 2509 0077474
1554 2455 1700 2512 1447747447

260 2559 332 2630 5,17
351 2559 393 2614 ‘de
406 2560 507 2616 iudicio
524 2560 559 2615 de
577 2559 699 2616 moribus
716 2559 842 2615 sublato'.
870 2561 935 2616 77447
954 2560 990 2616 47
1008 2561 1029 2630 l,
1043 2561 1103 2630 722,
1118 2561 1151 2616 13
1170 2559 1256 2616 44774
1273 2559 1408 2630 44447474
1428 2559 1519 2616 741474
1536 2575 1598 2617 esse
1616 2560 1701 2619 docui

260 2671 356 2736 utpote
374 2667 510 2722 contraria
527 2667 652 2722 nouellae
670 2667 813 2722 Iustiniani
832 2668 892 2722 117.
920 2667 1187 2737 4747777471,728,3
1206 2665 1291 2722 44774
1308 2669 1458 2722 ostracitis
1478 2670 1567 2742 477070
1585 2665 1702 2724 Inducta

260 2777 325 2828 sunt
341 2778 488 2844 propterea
505 2773 579 2842 quod
597 2773 765 2828 Iustiniauus
784 2774 945 2829 4044717722
966 2774 1020 2829 48
1039 2773 1200 2829 seruitutem
1217 2787 1323 2844 poenae
1343 2777 1372 2828 et
1390 2787 1451 2828 cum
1471 2787 1505 2829 eo
1523 2773 1700 2830 coniunctam

260 2880 424 2934 matrimonii
442 2879 649 2936 dissolutionem
669 2878 814 2936 aboleuit³¹

86 2994 233 3054 1070740440
313 2986 391 3040 11444
403 2985 552 3041 7707447747
570 2985 631 3040 libri
650 2986 871 3041 retractationem
890 2990 946 3040 7447
965 2986 993 3040 74
1012 2969 1104 3041 uerbis
1122 3000 1204 3055 quarn
1223 2985 1251 3040 in
1269 2983 1352 3040 rebus
1370 2984 1488 3055 positam
1505 2984 1702 3043 scholasticam

259 3097 345 3146 totam
364 3092 411 3161 qui
429 3092 568 3162 componit
591 3107 653 3146 cum
678 3092 749 3147 sesti
768 3091 870 3146 saeculi
887 3091 1061 3162 prudentium
1087 3090 1260 3146 uersiouibus
1278 3089 1556 3161 adnotationibusque
1574 3091 1602 3146 74
1621 3091 1702 3149 Basi·

259 3197 318 3252 licis
336 3213 486 3268 4074744774
505 3204 639 3268 apparatu
658 3197 789 3268 44744774,
815 3198 907 3252 4747774
926 3197 1067 3267 7474714447
1085 3202 1199 3267 utraque
1218 3195 1354 3266 proticisci
1372 3213 1407 3253 er
1425 3197 1524 3253 studiis
1542 3196 1703 3268 scholisque

83 3305 141 3350 77777
157 3305 242 3350 sisinii
259 3304 357 3358 iisdem
384 3304 550 3374 cosdemque
577 3304 651 3360 47704
679 3303 776 3360 704704
804 3308 832 3358 47
855 3303 1041 3358 Florentinum
1069 3303 1167 3359 7777474
1195 3303 1325 3372 relegisse
1351 3307 1380 3359 et
1403 3301 1524 3359 6744444
1550 3303 1610 3360 ilias
1637 3320 1702 3360 uer·

98 3367 222 3425 repetenda

260 3410 351 3465 470444
370 3409 527 3466 elaborasse
545 3417 573 3464 et
591 3409 747 3465 adnotasse.
775 3427 838 3464 4447
858 3423 1023 3479 4774444474
1049 3411 1135 3464 multa
1158 3424 1191 3464 ex
1215 3410 1249 3464 iis
1271 3424 1341 3479 quae
1366 3425 1450 3480 supra
1467 3409 1503 3465 de
1521 3409 1703 3469 emendatore

259 3515 468 3572 obseruauimus
486 3532 537 3571 444
554 3520 653 3571 447474
671 3516 743 3586 4407
763 3516 925 3586 iuterpretes
942 3515 1031 3570 747774
1049 3519 1203 3586 44404447,
1224 3519 1317 3570 744744
1336 3515 1432 3570 447474
1451 3514 1489 3571 777
1508 3515 1627 3572 cernitur
1644 3515 1703 3574 ior·

261 3623 394 3678 mulorum
413 3638 487 3693 cura,
506 3622 624 3678 77477774
643 3625 785 3678 auctorum
804 3620 959 3678 nomiuibus
970 3621 1155 3692 librorumque
1166 3622 1252 3677 77777174
1265 3621 1412 3690 47477444,
1430 3620 1478 3677 477
1490 3621 1704 3692 diligentissima

260 3730 382 3799 ipsorum
401 3729 570 3800 dIgcstorum
588 3728 766 3798 447774074770
785 3729 852 3783 74774
870 3728 1017 3784 coniuncta
1035 3733 1077 3784 est
1094 3743 1156 3783 47774
1176 3727 1302 3784 47401474
1314 3728 1380 3783 74774
1393 3727 1554 3797 antiquioris
1565 3729 1703 3788 074474777-

315 3925 323 3957 ¹
343 3923 405 3975 Post
423 3931 447 3976 sl
464 3932 490 3974 ct
508 3931 559 3976 alsi
571 3941 617 3990 pro
635 3924 771 3975 indicatiuo
784 3924 942 3975 substituitur
953 3924 1125 3975 coniunctiuus
1143 3925 1164 3986 1,
1175 3923 1235 3984 816,
1246 3924 1270 3974 6.
1289 3922 1392 3984 nsit,
1403 3924 1445 3974 41.
1464 3920 1525 3986 eil,
1534 3923 1559 3976 3.
1578 3925 1703 3988 558177

260 4021 319 4079 4047
341 4031 397 4066 oum
421 4013 453 4072 Il,
467 4013 528 4075 364,
541 4011 589 4062 297
614 4021 672 4078 post
694 4031 728 4064 477
752 4012 784 4074 11,
804 4013 865 4074 558,
885 4011 933 4063 287
959 4011 1073 4062 47407474
1097 4013 1118 4076 1,
1136 4011 1253 4074 712,17.
1277 4010 1396 4073 ilaus
1424 4012 1581 4064 4404774770
1599 4023 1659 4080 4047
1677 4025 1704 4071 ai

260 4101 410 4152 indicatiuus
435 4119 481 4167 pro
507 4101 664 4152 coniunctius
683 4100 703 4162 I,
721 4098 783 4162 713,
804 4099 845 4150 16.
952 4099 1002 4162 ²1,
1020 4099 1098 4162 91,2
1123 4101 1175 4166 (477
1199 4100 1264 4152 47414
1287 4108 1389 4152 secutus
1412 4117 1467 4151 sum
1491 4101 1702 4171 emendatorem).

261 4190 323 4251 240,
335 4191 360 4240 0.
380 4190 440 4252 293,
454 4189 496 4241 23.
516 4189 577 4251 469,
593 4191 615 4240 1.
633 4189 695 4250 475,
708 4189 751 4239 40.
770 4187 887 4249 510,34.
906 4188 967 4251 727,
980 4191 1005 4239 9.
1024 4189 1139 4252 862,18.
1157 4189 1300 4251 11,83,19.
1319 4188 1379 4250 660,
1392 4188 1432 4239 12.
1451 4187 1565 4249 664,17.
1584 4189 1646 4251 693,
1656 4191 1704 4246 26.

261 4278 424 4344 praeiusrunt
441 4278 530 4344 opinor
548 4277 723 4344 compilatores
741 4278 802 4343 ipsi:
821 4295 845 4328 77.
865 4277 898 4338 Π,
913 4277 972 4338 178,
984 4277 1027 4328 29.
1135 4277 1146 4311 ¹
1164 4277 1248 4328 17777747
1264 4278 1285 4340 Ι,
1299 4276 1360 4339 682,
1372 4277 1408 4329 80
1425 4277 1527 4343 negatio
1540 4277 1625 4330 deleta
1642 4296 1704 4334 4444

260 4374 346 4432 407447
363 4375 499 4432 propterea
517 4367 584 4432 quod
602 4365 718 4432 Byzantii
724 4369 778 4427 ,'ut
796 4366 947 4418 recentiores
966 4367 1103 4432 prudentes
1122 4366 1277 4433 complures,
1301 4364 1384 4430 legem
1401 4365 1532 4418 Iustiniani
1550 4365 1583 4417 de
1601 4367 1702 4421 7477774-

261 4455 357 4506 7777044
376 4455 409 4506 477
427 4463 526 4522 tempus
544 4455 640 4522 negotii
662 4455 727 4521 gesti
746 4455 939 4506 retrotrahenda
962 4455 1034 4520 (eod.
1047 4457 1073 4516 77,
1089 4453 1129 4516 76,
1142 4455 1185 4506 25.
1204 4455 1230 4516 4,
1243 4454 1287 4516 28,
1299 4453 1326 4520 7)
1345 4454 1421 4506 4774777
1440 4454 1473 4505 ad
1491 4455 1592 4521 nuptias
1610 4457 1701 4509 trahe-

261 4545 331 4596 bant.
444 4545 456 4576 ⁴
481 4543 518 4594 Eo
536 4544 665 4608 portinent
687 4559 809 4609 responsa
832 4544 864 4594 47
883 4544 1003 4596 Africano
1027 4543 1108 4594 707474
1125 4537 1219 4594 tributa
1235 4541 1333 4595 Iuliano
1352 4542 1421 4610 (uide
1438 4559 1503 4609 quae
1521 4544 1656 4596 obseruani
1674 4547 1704 4598 in

262 4632 424 4699 ephemeride
447 4632 507 4682 iuris
525 4631 691 4683 Rudorffisua
709 4632 735 4694 9,
753 4631 812 4697 93),
837 4631 917 4682 747474
940 4633 972 4683 ab
991 4631 1083 4683 Alieno
1106 4632 1200 4683 tributo
1218 4631 1307 4684 Seruio
1325 4631 1356 4697 (1,
1369 4631 1430 4696 566,
1443 4631 1503 4698 20),
1526 4632 1586 4683 item
1604 4633 1705 4688 Aufidii

262 4737 353 4774 nomen
372 4738 461 4787 parum
478 4731 565 4772 notum
582 4719 648 4771 male
666 4729 788 4771 mutatum
807 4720 832 4770 in
845 4719 931 4771 Alfeni
944 4720 975 4786 (1,
988 4719 1049 4808 505,
1064 4721 1116 4787 14),
1133 4721 1248 4773 Marcelli
1260 4721 1281 4783 1,
1293 4719 1337 4783 86,
1352 4721 1385 4772 70
1402 4728 1524 4772 7774747447
1537 4719 1563 4771 74
1576 4719 1704 4776 Marciani

261 4819 331 4861 recte
349 4811 458 4876 quidem,
478 4809 523 4862 4477
542 4817 629 4862 404774
647 4808 820 4876 archetypum,
839 4824 895 4859 cum
913 4825 971 4876 4474
987 4807 1141 4860 Graecorum
1158 4825 1215 4862 4447
1226 4809 1371 4862 Florentino
1388 4807 1452 4861 libro
1465 4809 1491 4860 in
1509 4807 1573 4862 falsa
1591 4808 1705 4865 74477044

262 4899 409 4952 4044447747.
