3698 5364
174 195 218 242 nn
240 193 412 243 marcono
433 193 602 242 nuncnunc
845 168 931 250 763
1345 173 1449 242 XXVI
1470 176 1488 241 7
1507 179 1606 238 9-13

140 343 156 388 4
174 334 308 390 aduersus
326 334 394 390 alios
412 334 484 389 enim
503 333 619 404 experiri
637 333 696 388 sine
715 333 823 389 actione
841 348 896 390 non
912 334 1009 404 potuit,
1028 333 1161 390 adnarsru
1179 349 1209 390 se
1220 334 1328 405 potuit.
1349 332 1404 389 Sed
1416 334 1440 388 si
1452 333 1504 389 sub
1515 333 1607 389 usuris

173 423 345 493 grauioribus
363 424 436 494 patri
454 424 548 494 pupilli
566 423 710 494 pecuniam
729 423 825 479 debuit
841 439 923 493 qnam
942 425 997 478 sint
1014 425 1169 494 pupillares,
1188 423 1336 480 uidendum
1349 428 1400 492 est,
1418 439 1454 478 an
1466 423 1491 478 ai
1504 421 1606 492 aliquid

174 513 332 584 imputetur.
360 513 430 566 etsi
448 511 558 581 quidem
576 513 667 581 soluit,
686 512 752 568 nihil
770 512 904 582 estquod
923 514 948 568 ei
965 513 1129 583 imputetur:
1151 514 1242 584 potuit
1259 513 1330 568 enim
1348 513 1456 568 soluere
1474 527 1525 566 nec
1542 525 1605 566 cne-

173 619 234 658 rare
247 618 276 658 se
289 602 392 658 uenus:
411 602 435 656 si
450 616 517 656 uero
529 617 583 672 non
595 603 685 671 soluit,
704 617 801 658 usuras
813 603 954 673 cogendus
971 609 1014 658 est
1026 618 1184 673 agnoscere,
1203 619 1272 673 quas
1290 619 1307 656 a
1324 618 1355 657 se
1373 603 1482 672 exigere
1501 600 1605 656 denuit.

141 699 155 746 5
174 691 252 748 Sicut
270 697 361 747 autem
380 692 486 746 soluere
504 695 579 746 tutor
596 691 670 762 quod
689 690 784 761 debet,
803 692 843 746 its
860 697 889 747 et
906 693 1016 762 exigere
1035 692 1109 762 quod
1127 691 1179 748 sibi
1197 691 1312 747 debetur
1328 697 1428 760 potest,
1446 691 1470 746 si
1488 689 1607 745 creditor
1624 699 1637 740 ι

173 779 227 838 tuit
243 783 329 852 patris
346 781 454 851 pupilli:
478 797 541 836 nam
565 786 594 836 et
615 780 668 836 sibi
690 781 797 836 soluere
814 785 919 852 potest,
944 782 968 836 sl
990 781 1072 837 modo
1096 779 1148 837 fnit
1170 781 1287 851 pecunia
1308 780 1381 836 unde
1404 781 1506 849 soluat,
1531 783 1560 834 et
1582 779 1606 834 si

173 885 274 926 usurae
291 869 402 926 fuerunt
418 870 560 939 grauiores
579 886 649 940 quae
667 871 693 924 ei
711 869 889 940 debebantur,
908 870 1074 926 releuabitur
1091 871 1131 926 eis
1148 871 1282 940 pupillos,
1300 870 1364 939 qnia
1381 874 1456 925 tutor
1471 884 1500 924 ee
1516 867 1607 938 potuit

141 969 155 1013 o
173 960 297 1030 liberere,
315 959 387 1014 sicut
404 959 464 1013 aliis
482 975 590 1030 quoque
609 960 715 1014 soluere
734 964 763 1014 et
780 961 870 1029 potuit
887 965 916 1015 et
934 959 1037 1016 debuit.
1073 959 1131 1014 Nec
1149 960 1243 1028 utique
1261 974 1374 1014 necesse
1391 957 1482 1026 babet,
1501 958 1526 1012 si
1543 973 1605 1012 oon·

174 1049 314 1118 ueniatur,
339 1064 388 1118 per
411 1049 529 1104 iudicem
552 1049 672 1118 soluere,
696 1048 852 1118 idcircoque
875 1049 900 1103 si
922 1050 994 1104 mala
1015 1065 1101 1104 causa
1123 1048 1265 1118 pupillaris
1288 1053 1343 1118 eet,
1370 1047 1531 1102 denuntiare
1554 1045 1606 1101 sibi

174 1141 285 1192 ιιειιιιιι1
305 1136 396 1192 debet.
424 1138 541 1208 denique
559 1139 707 1208 imperator
724 1137 880 1192 Antoninus
898 1153 960 1193 cunr
981 1143 1060 1208 patre
1078 1138 1160 1193 etiam
1179 1137 1322 1193 honoraria
1340 1152 1388 1192 eos
1405 1137 1540 1206 imputare
1557 1151 1606 1206 pu·
1626 1146 1653 1186 ro

173 1227 237 1297 pillo
256 1226 408 1296 prohibuit,
427 1228 451 1281 si
469 1243 701 1298 superuacaneum
719 1227 794 1281 litem
814 1227 1008 1298 instituissent,
1030 1243 1092 1282 cum
1112 1227 1321 1283 conuenirentnr
1339 1242 1356 1281 a
1372 1241 1439 1282 uero
1458 1223 1606 1280 creditore:

140 1321 154 1366 7
173 1329 224 1368 nec
247 1315 319 1369 enim
342 1315 520 1385 probibentur
541 1322 646 1372 tutores
670 1315 770 1372 bonam
793 1314 893 1370 fidem²
911 1331 1069 1384 agnoscere.
1106 1316 1166 1373 Non
1189 1321 1295 1370 tanturn
1319 1319 1411 1370 autem
1430 1313 1483 1370 sibi
1499 1314 1606 1369 soluere

172 1407 259 1472 tutor,
288 1419 383 1458 uerum
411 1407 494 1460 etiam
521 1405 574 1460 sibi
600 1405 732 1460 creditam
755 1405 899 1474 pecuniam
923 1405 1042 1460 scribere
1063 1409 1168 1476 potest,
1195 1410 1227 1460 ut
1246 1406 1389 1460 llaroellus
1412 1403 1480 1459 libro
1507 1407 1606 1458 octauo

173 1491 342 1562 digestorum
365 1494 487 1563 scribsit,
514 1509 598 1564 seque
625 1501 721 1550 mutua
746 1495 864 1564 pecunia
890 1495 992 1565 poterit
1015 1493 1137 1564 obligare
1159 1493 1212 1550 sibi
1235 1499 1357 1550 mutuam
1385 1491 1605 1564 proscribendos

141 1589 154 1636 t
173 1581 288 1636 Constm
305 1597 381 1652 eum,
405 1585 452 1652 qui
469 1583 505 1638 ad
524 1587 701 1654 augmentum
720 1583 814 1654 datur,
837 1590 954 1654 utputa
971 1583 1008 1638 sd
1026 1583 1099 1639 bona
1119 1589 1242 1639 materna
1266 1598 1337 1653 quae
1354 1589 1451 1654 postea
1469 1576 1608 1668 Q
1627 1594 1653 1634 ιι

173 1677 350 1726 accesserunt
366 1673 411 1726 uel
429 1672 465 1727 ad
477 1673 543 1742 qnid
561 1672 636 1729 aliud
654 1677 840 1743 angmentum,
859 1673 1048 1728 administrare
1066 1673 1140 1728 bona
1156 1673 1271 1744 pristina
1288 1688 1343 1728 non
1355 1673 1451 1728 solere.
1479 1673 1502 1727 si
1515 1679 1607 1727 autem

141 1766 155 1812 9
173 1765 330 1828 suspectum
349 1759 440 1816 lacere
457 1763 574 1831 priorem
592 1767 711 1819 tutorem
730 1762 886 1832 supersedit
901 1763 946 1818 uel
965 1762 1032 1818 satis
1050 1760 1085 1816 ab
1104 1775 1137 1816 eo
1155 1762 1273 1833 exigere,
1294 1762 1438 1832 plectetur.
1473 1761 1526 1816 Per
1543 1776 1607 1816 con·

174 1849 285 1904 trarium
305 1856 397 1904 autem
416 1853 462 1920 qni
481 1851 562 1906 datus
580 1859 624 1907 est
641 1853 801 1922 simpliciter
817 1857 892 1907 tntor
909 1852 1012 1922 pupillo
1029 1851 1074 1906 uel
1092 1856 1208 1922 curauit,
1227 1852 1334 1922 siquid
1352 1857 1450 1922 postea
1467 1850 1607 1920 augmenti

173 1939 328 2008 accesserit,
347 1941 467 2009 periculo
485 1947 602 2011 tenetur,
621 1943 747 2011 quamuis
765 1942 853 1996 soleat
870 1941 905 1995 ad
924 1945 1101 2010 angmentum
1116 1940 1176 1996 dari
1188 1945 1310 1995 curator:
1328 1955 1399 2010 quae
1410 1955 1455 1995 res
1466 1954 1521 1994 non
1532 1937 1606 2009 facit,

173 2033 205 2081 ut
221 2027 282 2097 ipsa
299 2034 449 2098 augmenta
464 2045 519 2085 non
542 2031 698 2099 pertineant
721 2031 757 2085 ad
781 2046 873 2085 curam
897 2030 1030 2100 priorum,
1054 2030 1090 2084 ad
1113 2045 1183 2100 quos
1207 2031 1295 2084 omnis
1317 2030 1420 2084 utilitas
1443 2029 1605 2099 pupillorum
1625 2042 1654 2082 sc

173 2115 256 2172 debet
272 2118 417 2186 pertinere.
445 2119 504 2174 siue
522 2121 607 2190 igitur
624 2121 706 2176 datus
724 2125 780 2189 est,
799 2120 1015 2176 communicatur
1031 2120 1181 2188 periculum
1200 2134 1262 2174 cum
1281 2118 1429 2190 prioribus,
1448 2118 1507 2174 siue
1525 2116 1606 2172 datus

172 2221 227 2264 non
245 2211 297 2276 eet,
315 2211 424 2262 tenetur
441 2207 682 2282 administrationis
701 2210 866 2265 necessitate
883 2210 907 2264 is
925 2210 972 2280 qui
991 2207 1001 2278 ΙΙ
1021 2213 1103 2264 antea
1120 2213 1179 2264 erat
1196 2208 1286 2264 datus
1624 2233 1646 2280 q.
1662 2219 1692 2267 ³9
1711 2219 1727 2266 t.
1739 2219 1783 2266 ees

117 2293 155 2350 10
225 2295 304 2350 Innu
320 2295 389 2351 libro
408 2297 618 2368 quadragesimo
636 2314 709 2354 nono
727 2299 764 2353 ad
782 2299 910 2354 edictum.
948 2297 1116 2354 Generaliter
1133 2298 1378 2368 quotienscumque
1395 2313 1450 2354 non
1468 2291 1606 2382 [Q
1624 2306 1660 2361 s·

172 2383 204 2439 lit
221 2385 330 2440 nomine
347 2386 441 2456 pupilli
459 2387 533 2456 quod
551 2389 641 2458 quinis
659 2393 738 2458 pater
755 2387 872 2443 familias
889 2387 1005 2442 idoneus
1022 2385 1096 2456 lacit,
1115 2402 1170 2442 non
1188 2386 1297 2442 uidetur
1309 2385 1433 2442 defendi:
1451 2388 1510 2442 siue
1522 2389 1607 2458 igitur

173 2474 335 2528 solutionem
355 2475 414 2529 sine
431 2475 562 2532 iudicium
580 2479 639 2532 siue
657 2478 860 2546 stipulationem
877 2477 1020 2546 detrectat,
1042 2474 1152 2531 delendi
1169 2490 1223 2530 non
1241 2475 1358 2532 uidetur.
1618 2463 1654 2534 ‘ss
1720 2509 1724 2516 ·

118 2563 153 2618 ll
226 2563 304 2618 lusu
321 2562 389 2618 libro
407 2565 548 2634 trigesimo
566 2567 646 2622 tertio
665 2567 701 2621 ad
720 2567 848 2622 edictum.
886 2565 966 2622 Circa
982 2566 1129 2636 pupillum,
1148 2565 1226 2620 cuius
1243 2569 1319 2621 tutor
1335 2581 1432 2621 seruus
1450 2560 1606 2650 [W
1625 2576 1660 2631 S*

173 2657 233 2706 erat
250 2653 454 2724 pronuntiatus,
479 2655 560 2710 diuus
578 2656 643 2710 Pius
665 2657 805 2726 rescripsit
822 2657 850 2710 in
868 2654 965 2724 rebus,
990 2669 1059 2724 quas
1078 2669 1112 2709 ex
1134 2653 1251 2723 pecnnia
1269 2655 1365 2725 pupilli
1382 2642 1605 2726 seruus—effi

173 2747 295 2810 ranerat,
323 2741 463 2798 domiuum
486 2757 541 2800 non
564 2759 645 2814 posse
667 2746 707 2800 uti
731 2745 924 2815 praerogatiua
946 2743 1128 2800 deductionis.
1160 2743 1234 2812 quod
1258 2750 1287 2799 et
1312 2745 1340 2799 in
1363 2748 1487 2801 curatore
1514 2745 1606 2802 obser-

173 2829 294 2886 uandum
312 2835 363 2886 est.
1625 2852 1654 2895 rs

117 2919 155 2977 12
225 2921 345 2976 Pronus
356 2920 424 2976 libro
436 2922 578 2992 trigesimo
590 2927 688 2978 cctam
703 2923 739 2978 ad
751 2922 879 2978 edictum.
910 2921 978 2977 (ium
996 2923 1089 2992 plnres
1108 2927 1150 2976 tn·
1168 2918 1208 3004 Q
1211 2933 1606 3007 Qt—nssqffloffl
1626 2937 1646 2992 s

142 3009 255 3065 1telam
274 3016 385 3080 gerunt,
410 3012 475 3066 nulli
498 3027 592 3067 eorum
615 3012 643 3067 in
667 3015 838 3068 contutorem
861 3012 933 3066 actio
957 3011 1052 3082 pupilli
1075 3011 1184 3066 nomine
1209 3011 1297 3065 datur.
1334 3011 1409 3078 Quae
1428 3012 1501 3068 bona
1517 3012 1607 3069 fides

172 3105 263 3154 tutore
281 3104 361 3169 gesta
379 3105 455 3170 sunt,
474 3105 534 3156 rata
552 3100 687 3158 habentur
703 3103 786 3156 etiam
804 3117 839 3156 ex
856 3101 996 3172 rescriptis
1014 3101 1125 3156 Traiani
1144 3105 1173 3156 et
1189 3100 1335 3156 Hadriani:
1358 3107 1387 3156 et
1408 3100 1470 3158 ideo
1487 3102 1607 3172 pupillus

173 3205 229 3244 rem
249 3205 266 3242 a
282 3193 372 3244 tutore
390 3190 511 3260 legitime
530 3190 689 3246 distractam
708 3191 847 3246 uindicare
865 3206 920 3245 non
938 3195 1043 3260 potest:
1066 3207 1129 3245 nam
1151 3194 1180 3244 et
1198 3189 1293 3244 inutile
1311 3195 1354 3244 est
1371 3191 1494 3262 pupillis,
1517 3191 1541 3245 si
1559 3190 1606 3246 ad·

174 3279 337 3332 ministratio
355 3293 449 3334 eornm
468 3295 523 3334 non
541 3285 675 3349 seruatur,
694 3281 802 3336 nemine
820 3279 926 3334 scilicet
943 3285 1059 3334 emente.
1087 3295 1138 3334 nec
1155 3279 1277 3348 interest,
1295 3283 1370 3334 tutor
1382 3279 1513 3336 soluendo
1525 3279 1608 3336 fuerit

175 3381 224 3420 nec
242 3383 291 3436 ne,
314 3382 390 3439 cum,
414 3369 438 3423 si
455 3367 600 3424 bonafide
617 3385 662 3424 res
679 3374 760 3440 gesta
778 3369 826 3438 sit,
851 3369 987 3424 seruanda
1005 3369 1053 3438 sit,
1076 3369 1100 3424 si
1118 3369 1191 3423 mala
1213 3366 1282 3438 lide,
1306 3368 1434 3424 alienatio
1451 3385 1507 3425 non
1524 3371 1606 3426 umet
1626 3389 1655 3430 re

141 3465 156 3510 a
174 3456 292 3511 Nimium
311 3459 354 3510 est
371 3457 452 3510 licere
474 3459 559 3514 tutori
580 3463 707 3529 respectu
730 3458 939 3514 existimationis
962 3459 1058 3528 pupilli
1081 3472 1195 3528 erogare
1218 3472 1253 3512 ex
1274 3456 1354 3512 bonis
1378 3459 1451 3527 eius,
1475 3457 1549 3528 quod
1572 3473 1627 3514 ex.

142 3545 231 3600 esuis
249 3560 303 3600 non
321 3544 512 3601 honestissime
530 3546 628 3602 fuisset
645 3552 817 3618 erogaturus.
853 3548 921 3603 Cum
941 3553 1016 3602 tutor
1032 3561 1087 3602 non
1105 3545 1187 3602 rebus
1205 3546 1363 3618 dumtaxat,
1380 3547 1431 3602 sed
1448 3549 1531 3604 etiam
1550 3563 1607 3604 mo·

174 3633 249 3689 ribus
271 3635 367 3704 pupilli
389 3640 586 3707 praeponatur,
612 3638 735 3707 inprimis
758 3637 898 3692 mercedes
921 3635 1158 3706 praeceptoribus,
1182 3651 1237 3692 non
1259 3651 1329 3706 quas
1351 3637 1476 3698 minimas
1498 3638 1606 3708 poterit,

174 3724 224 3778 scd
242 3739 291 3793 pro
309 3721 439 3778 facultate
457 3727 620 3796 patrimonii,
638 3743 687 3796 pro
706 3727 840 3796 dignitate
859 3727 990 3782 natalium
1009 3727 1171 3794 constituet,
1190 3726 1318 3781 admenta
1336 3727 1423 3781 seruis
1440 3725 1606 3796 libertisque,

174 3829 376 3882 nonnumquam
395 3814 477 3868 etiam
496 3817 610 3884 exteris,
635 3815 659 3870 si
677 3816 729 3872 boc
747 3817 849 3887 pupillo
867 3815 1008 3886 expediet,
1032 3815 1198 3886 praestabit,
1222 3816 1363 3872 sollemnia
1380 3829 1494 3870 munera
1510 3829 1606 3884 paren·
1625 3836 1654 3877 ιο

173 3901 247 3958 tibus
265 3903 444 3973 cognatisque
463 3904 561 3960 mittet.
588 3905 638 3960 sed
657 3921 711 3960 nou
734 3905 812 3960 dabit
836 3905 928 3961 dotem
951 3905 1037 3960 sorori
1060 3905 1113 3960 alio
1137 3910 1215 3975 patre
1234 3907 1327 3974 natae,
1351 3905 1459 3959 etiamsi
1476 3905 1556 3960 aliter
1573 3919 1607 3960 ea

173 3992 276 4047 nubere
293 4008 348 4048 non
365 3994 468 4062 potnit:
486 4011 550 4048 nam
569 3994 621 4048 etsi
639 3993 762 4064 honeste,
781 4009 815 4049 ex
833 3994 995 4050 liberalitate
1013 3998 1106 4049 tamen
1124 3993 1167 4064 lit,
1186 4009 1257 4063 qnae
1275 3993 1411 4050 seruanda
1428 3993 1539 4049 arbitrio
1556 4009 1606 4063 pn-

139 4091 155 4136 4
172 4082 228 4152 pilli
247 4086 297 4136 eet.
334 4080 364 4136 Si
382 4087 456 4138 tutor
473 4084 618 4153 pecuniam
636 4083 798 4154 pupillarem
822 4083 932 4139 credere
956 4099 1012 4138 non
1034 4084 1137 4154 potuit,
1162 4083 1236 4152 quod
1259 4099 1313 4139 non
1336 4088 1396 4138 erat
1412 4083 1457 4138 cui
1475 4081 1606 4152 crederet,

171 4171 274 4242 pupillo
291 4170 410 4226 necabit.
1625 4197 1655 4237 44

118 4259 155 4317 13
226 4261 319 4316 Gamo
337 4259 405 4315 libro
423 4260 586 4316 duodecimo
604 4261 640 4316 ad
658 4261 777 4318 edictum
795 4262 970 4333 prouinciale.
1003 4262 1090 4317 Tutor
1101 4261 1252 4318 secundum
1269 4262 1431 4334 dignitatem
1449 4257 1646 4346 Qu

141 4360 152 4403 1
172 4348 371 4420 facultatesque
390 4351 485 4420 pupilli
503 4350 614 4405 modum
632 4365 773 4406 seruorum
792 4352 938 4407 aestimare
956 4349 1052 4422 debet,
1076 4352 1123 4422 qul
1146 4353 1219 4407 circa
1241 4367 1303 4408 eum
1327 4351 1411 4408 futuri
1434 4359 1506 4408 sunt.
1543 4352 1604 4410 Non

173 4446 216 4494 est
233 4439 386 4494 audiendus
404 4445 491 4509 tutor,
515 4455 578 4495 cum
596 4440 671 4495 dicat
688 4441 752 4496 ideo
770 4456 894 4497 cessasse
916 4442 1077 4512 pupillarem
1095 4442 1253 4512 pecuniam,
1277 4441 1351 4512 quod
1374 4441 1474 4497 idonea
1496 4442 1607 4497 nomina

141 4537 155 4581 t
173 4543 227 4586 non
244 4529 387 4598 inueniret,
406 4529 430 4584 si
447 4535 579 4598 arguatur
596 4545 629 4585 eo
646 4535 770 4600 tempore
789 4545 866 4586 snam
884 4531 1029 4601 pecuniam
1047 4529 1117 4586 bene
1130 4531 1286 4588 collocasse.
1314 4532 1346 4586 ln
1358 4531 1496 4586 soluendis
1508 4531 1607 4601 legatis

173 4645 368 4714 quosue)

175 4817 182 4850 ¹
203 4815 364 4870 creditorem
382 4815 456 4871 litem
476 4819 621 4886 expectare
639 4831 694 4872 nou
714 4825 760 4872 ins.
831 4817 843 4854 ²
861 4817 934 4874 bonu
951 4815 1025 4872 fidet
1095 4817 1319 4887 ³perscribendo
1337 4819 1436 4886 (edd-li

172 4976 305 5032 bsicu'i't
323 4977 360 5028 F‘
414 4976 572 5048 tipupilli‘s'
586 4977 623 5030 Γ*
678 4979 877 5034 'lrelenauitnr
895 4981 932 5034 ΓΙ
988 4979 1022 5034 14
1040 4978 1168 5035 scribut
1184 4977 1223 5034 Γ*
