3584 5326
926 121 1057 192 Lxxvl

273 309 366 376 pretes
384 303 420 359 ad
438 302 606 374 digestomm
624 301 848 358 instaurationem
866 300 951 356 utilis.
978 301 1062 357 irmno
1079 299 1205 357 idoneam
1223 300 1378 370 indigestis
1396 299 1573 357 emendandis
1591 316 1702 374 operam

275 411 440 468 collecatum
460 424 569 480 semper
591 408 759 465 redeundum
784 409 835 464 erit
858 407 893 463 ad
917 407 1140 479 ipsaBasillca1.
1169 407 1234 479 quid
1253 413 1344 464 antem
1363 413 1475 464 secutus
1492 407 1545 464 sim
1562 408 1591 463 in
1609 423 1701 464 excer-

274 517 371 590 pendis
389 517 501 574 Graecis
518 514 719 587 interpretibus,
737 515 791 570 iam
810 513 945 570 indicabo.
973 515 1089 586 primum
1108 514 1211 585 cursui,
1229 517 1261 570 ut
1278 513 1326 570 ubi
1344 529 1426 570 uerae
1438 515 1615 571 auctoritates
1632 515 1703 572 inter

274 641 305 683 se
323 625 464 696 dissident,
483 624 601 680 maxime
619 621 666 678 ubi
677 621 835 679 Florentius
851 637 949 678 manus
965 621 1041 693 prior
1056 622 1245 692 posteriorque
1256 621 1285 676 in
1297 621 1406 678 diuersa
1418 620 1529 692 abeunt,
1546 637 1609 678 eam
1626 622 1702 678 litem

185 793 192 812 ⁵
273 733 297 790 si
315 730 374 789 fieri
391 736 484 804 potest
504 728 609 786 finirem
635 729 717 786 altato
735 729 901 786 Grseeomm
925 729 1090 785 testimonio.
1121 725 1215 784 finitur
1236 731 1328 785 autem
1353 743 1447 784 eorum
1465 728 1631 784 ἰιιιιιιιιιιιιιιι
1645 729 1703 800 ple·

273 854 387 910 mmque
409 839 461 909 ita,
485 841 517 893 ut
534 835 710 908 appellationi
726 836 803 894 locus
820 851 875 894 non
893 836 942 892 sit:
965 851 1129 907 quamquam
1147 851 1231 906 supra
1248 837 1285 906 (p.
1297 835 1372 904 LXI)
1394 835 1513 892 uidimus
1536 835 1703 907 quibusdam

272 947 339 1004 locis
357 945 476 1002 Graecos
499 944 661 1016 interpretes
683 943 723 1000 ita
744 942 940 1014 praeuaricari,
964 947 996 998 ιιι
1018 941 1114 998 eadem
1137 941 1310 1014 interpolatio
1331 941 1367 998 ob
1384 942 1428 998 ius
1445 943 1625 1000 lastinianum
1643 959 1703 1000 mu·

272 1059 359 1110 tatum
383 1057 439 1108 tam
464 1051 537 1122 apud
558 1051 719 1121 interpretes
737 1049 860 1106 obtineat
877 1065 959 1121 quarn
978 1049 1052 1121 apud
1070 1049 1216 1105 llorentini
1233 1047 1295 1104 libri
1312 1049 1524 1106 emendatorem.
1554 1065 1610 1107 uon
1628 1050 1702 1106 idern

272 1158 326 1216 leci
349 1157 396 1215 ubi
419 1158 554 1215 dissident
576 1157 647 1214 luter
664 1171 694 1213 se
712 1156 821 1214 eodioes
838 1156 1025 1214 Bononienses
1043 1161 1071 1212 et
1088 1155 1249 1225 llorentini,
1273 1170 1335 1212 curu
1353 1156 1460 1212 illomrn
1477 1156 1627 1213 auctoritas
1643 1161 1702 1214 tam

261 1237 373 1338 'empus
390 1266 427 1322 sit
444 1265 487 1321 uel
505 1265 596 1336 potius
614 1264 697 1336 nulls,
714 1268 746 1319 ιιι
764 1264 811 1335 qui
823 1261 988 1320 Grseeumm
1004 1263 1105 1318 suxdio
1118 1262 1299 1319 Florentinum
1311 1267 1440 1318 tueantur
1452 1262 1585 1319 aduersus
1597 1262 1702 1320 Accur-

271 1373 342 1429 sium
360 1372 404 1430 uel
423 1369 492 1428 adeo
510 1369 703 1441 Haloaudmm,
721 1371 741 1426 ii
759 1370 824 1426 mihi
842 1368 959 1441 probare
977 1369 1123 1425 uideantur
1136 1369 1249 1426 meridie
1267 1370 1351 1426 solem
1370 1370 1470 1426 lucere.
1497 1375 1594 1426 conus
1612 1369 1701 1427 sicubi

271 1477 385 1536 secundi
406 1478 509 1534 ordinis
530 1476 591 1534 libri
614 1480 723 1549 praeter
740 1475 965 1532 consuetudinem
988 1491 1082 1532 uemm
1100 1475 1229 1532 uldentur
1245 1490 1372 1532 seruasse
1389 1475 1472 1547 idque
1490 1475 1667 1554 confirmatur
1684 1493 1702 1534 a

271 1585 398 1657 Graecis,
423 1583 556 1642 eiusmodi
580 1598 743 1640 consensum
767 1587 798 1640 nt
815 1599 865 1655 par
882 1588 942 1640 erat
959 1581 1104 1653 diligenter
1121 1582 1259 1640 adnetsrd.
1291 1587 1434 1655 prseteres
1450 1582 1498 1639 ubi
1515 1583 1700 1640 Florentinam

270 1693 415 1750 lectionem
438 1696 486 1748 aut
509 1695 616 1748 constat
638 1695 687 1747 ant
708 1695 782 1747 certe
805 1689 938 1761 suspicari
959 1689 1024 1746 licet
1046 1689 1121 1745 hiare
1145 1690 1189 1746 uel
1206 1695 1360 1762 corruptam
1379 1705 1454 1762 esse,
1477 1691 1502 1747 si
1519 1705 1575 1762 qua
1592 1692 1702 1763 repperi

272 1799 345 1872 apud
363 1797 484 1856 Graecos
501 1797 536 1854 sd
554 1797 688 1855 eiusmodi
704 1797 826 1854 loeomm
844 1796 926 1852 crisin
943 1796 1115 1869 pertinentia,
1133 1797 1193 1853 siue
1211 1813 1228 1853 a
1243 1796 1345 1852 medita
1356 1796 1472 1854 lectione
1483 1797 1612 1854 recedere
1623 1797 1701 1855 uide

271 1905 370 1964 buntur
388 1906 446 1962 siue
465 1920 526 1961 eam
544 1902 749 1976 confirmabant,
767 1903 859 1960 omnia
874 1902 1015 1974 adscripsi,
1033 1903 1139 1960 ratione
1155 1902 1249 1960 habita
1264 1904 1516 1974 interpretationum
1529 1904 1702 1962 diuersarum

271 2015 407 2085 quotquot
430 2017 534 2069 extant.
564 2014 608 2068 est
631 2011 702 2067 enim
728 2010 797 2066 baec
818 2009 915 2066 limum
933 2011 1092 2098 ιιιιιίοιιιιιιιΙ
1107 2025 1161 2066 non
1179 2011 1291 2066 minima
1308 2011 1424 2081 utilitas,
1446 2009 1520 2082 qnod
1538 2013 1703 2084 saepissime

270 2119 334 2177 iude
356 2118 465 2192 probari
485 2123 579 2191 potest
599 2119 689 2174 locum
714 2117 831 2188 aliquem
854 2117 899 2172 uel
921 2121 1078 2188 suspectum
1101 2118 1146 2173 uel
1169 2117 1252 2173 etiam
1276 2121 1350 2174 certo
1373 2122 1530 2190 corruptum
1547 2132 1603 2175 non
1621 2119 1703 2178 aliter

269 2227 450 2300 perscriptum
467 2223 553 2282 luisse
570 2226 599 2281 iu
617 2225 676 2296 ipso
692 2223 863 2295 digestomm
882 2222 1044 2296 archetypo:
1063 2239 1126 2280 narn
1144 2222 1192 2280 ubi
1210 2225 1383 2281 consentiunt
1394 2224 1566 2282 Florentinus
1583 2225 1654 2284 liber
1672 2232 1703 2283 et

269 2335 431 2406 interpretes
450 2332 548 2390 Graeci
570 2332 615 2388 uel
638 2331 720 2388 etiam
744 2331 921 2402 interpretum
938 2346 1023 2402 nnus,
1046 2329 1084 2387 ibi
1102 2331 1130 2388 in
1148 2331 1316 2412 selectione
1334 2336 1447 2388 eatenus
1466 2331 1701 2403 adquiescendum

270 2448 327 2512 est,
351 2445 394 2512 ut,
418 2441 442 2497 si
459 2439 526 2511 quid
543 2439 572 2495 in
590 2454 624 2494 ea
640 2435 760 2494 erratum
778 2451 839 2494 esse
857 2436 1081 2510 deprehenditur,
1099 2436 1137 2494 rbi
1155 2438 1346 2509 compilatores
1364 2437 1493 2495 credendi
1510 2439 1567 2496 siut
1583 2444 1634 2496 aut
1650 2441 1701 2498 sd·

269 2547 391 2606 bibuisse
407 2545 491 2604 libms
508 2561 605 2616 parum
622 2545 782 2601 emendatos
800 2550 849 2601 sut
865 2545 917 2617 ipsi
935 2533 1049 2601 errasse.
1082 2545 1199 2617 denique
1216 2546 1240 2601 si
1257 2560 1313 2616 qus
1329 2545 1436 2617 repperi
1453 2545 1482 2601 iu
1499 2547 1626 2604 uersione
1643 2563 1702 2606 nun

269 2654 431 2727 explicanda
447 2653 499 2710 uisi
517 2667 551 2708 ιι
568 2651 660 2708 uerbis
675 2651 753 2708 alitor
770 2652 926 2708 constitutis
944 2647 1025 2723 etque
1042 2652 1170 2724 leguntur
1187 2653 1214 2708 iu
1232 2653 1396 2724 Florentino,
1414 2667 1448 2709 ea
1466 2656 1497 2708 ιιι
1513 2669 1564 2724 par
1577 2659 1639 2711 erat
1650 2655 1701 2712 sd·

268 2762 376 2833 notaui,
398 2760 506 2818 etiamsi
528 2773 724 2831 saepenumero
747 2759 881 2816 eiusmodi
904 2759 1057 2816 differentia
1079 2760 1240 2831 explicanda
1262 2766 1306 2817 est
1326 2776 1360 2816 ιι
1378 2758 1470 2817 uerbis
1488 2775 1542 2817 uon
1560 2761 1640 2818 lectis
1658 2762 1702 2819 di·

269 2883 362 2940 uersc,
385 2867 435 2926 sed
456 2871 559 2923 temere
581 2867 702 2922 mutatis.
729 2881 784 2923 nou
808 2865 940 2938 adscripsi
964 2871 1069 2938 ιιιιιιι,
1093 2881 1164 2938 quae
1186 2867 1320 2940 interpres
1342 2883 1408 2924 casu
1431 2867 1580 2924 consilioue
1603 2870 1703 2926 omisit

269 2990 375 3048 quaeue
396 2974 550 3046 explicandi
568 2990 652 3050 causa
670 2973 704 3030 de
722 2989 773 3030 suo
791 2974 978 3045 interposuitl,
997 2989 1048 3032 uec
1069 2975 1158 3044 magis
1175 2973 1223 3030 ubl
1240 2975 1355 3030 errauit:
1378 2974 1407 3030 id
1425 2975 1496 3031 euim
1515 2980 1543 3032 et
1560 2973 1700 3034 indultum

268 3081 367 3139 luisset
384 3087 413 3138 et
429 3097 525 3152 pamm
544 3082 619 3138 utile.
647 3081 764 3152 deniqne
782 3081 810 3136 ln
827 3081 895 3138 locis
912 3080 1083 3153 grauioribus
1101 3086 1130 3136 et
1147 3081 1236 3152 magis
1253 3081 1398 3152 implicatis
1415 3083 1576 3154 plerumque
1589 3081 1702 3141 Graeca

268 3189 360 3246 rettuli
383 3188 510 3260 opposita
527 3189 626 3244 Latina
648 3201 741 3244 eorum
768 3187 894 3244 uersione
915 3188 955 3244 ita
977 3187 1123 3258 adornata,
1144 3191 1177 3243 nt
1197 3203 1268 3258 quae
1285 3187 1407 3245 Graecae
1425 3189 1554 3247 orationis
1572 3190 1702 3250 membra

267 3295 367 3368 quibus
379 3296 484 3351 Latinis
501 3293 704 3367 responderent,
723 3294 787 3351 inde
805 3292 884 3351 facile
902 3295 1119 3366 intellegeretur:
1137 3294 1166 3350 id
1179 3294 1253 3366 quod
1267 3296 1384 3352 maxime
1397 3295 1435 3352 ibi
1446 3294 1507 3368 leci,
1526 3296 1573 3353 ubl
1589 3296 1701 3374 biamus

268 3418 302 3459 ex
320 3401 433 3460 Graecis
450 3402 567 3474 expleul.
593 3402 633 3458 lta
650 3407 717 3474 puto
736 3402 836 3458 clarius
854 3417 935 3474 quarn
954 3407 1035 3458 autea
1052 3400 1104 3457 hae
1122 3401 1241 3459 editione
1259 3403 1452 3475 demonstrari,
1470 3403 1536 3476 quid
1553 3403 1702 3464 conferant

268 3507 304 3566 sd
327 3509 495 3581 digestomm
513 3509 736 3565 instaurationem
754 3509 930 3580 pmdentium
947 3508 1156 3581 Byzantiorum,
1180 3511 1227 3580 qui
1245 3515 1323 3566 sexto
1342 3510 1451 3566 soeculo
1474 3509 1526 3566 iuri
1543 3509 1699 3570 Iustiniauo

266 3631 377 3688 operam
396 3615 544 3686 dedemnt,
566 3615 710 3686 reliquiae:
734 3630 806 3686 quae
823 3616 848 3672 si
865 3631 959 3672 uerum
977 3614 1108 3686 latemur,
1129 3617 1204 3672 solae
1222 3617 1323 3687 aliquid
1342 3617 1472 3673 momenti
1489 3615 1591 3673 habent
1607 3618 1638 3674 in
1656 3619 1699 3675 di-

267 3724 353 3796 gestis
371 3721 549 3780 emendandis
565 3726 675 3794 prseter
692 3697 790 3780 nerim
803 3723 988 3779 lloreutinum
1006 3723 1096 3793 ipsum
1115 3723 1228 3795 eiusque
1246 3727 1434 3795 correctorem,
1452 3723 1584 3780 baberent
1600 3729 1699 3783 sutem

267 3831 352 3888 multo
371 3829 466 3902 ungis,
486 3830 510 3886 si
528 3845 622 3887 comm
640 3828 792 3886 subsidium
810 3834 972 3902 perpetuum
990 3835 1072 3886 esset
1103 3831 1157 3886 iam
1175 3846 1238 3887 oum
1256 3817 1310 3886 nou
1328 3831 1416 3888 solum
1433 3829 1612 3887 Basilieomm
1630 3847 1699 3889 con·

267 3938 370 3995 ditores
387 3943 492 4009 partem
512 3952 567 3994 uon
584 3937 711 4007 exiguam
727 3937 894 4008 digestomm
906 3937 1071 3993 excluserint
1081 3942 1192 4009 propter
1202 3938 1268 3994 iuris
1282 3937 1375 3994 studis
1385 3935 1608 3994 condicionemue
1625 3939 1698 3996 iute-

267 4045 318 4102 rim
331 4045 461 4114 muner,
479 4043 528 4100 sed
546 4044 629 4101 etiarn
647 4043 766 4115 ipsomm
778 4044 957 4101 Basilicorum
969 4059 1070 4114 magna
1080 4060 1144 4114 pars
1161 4044 1202 4101 ito
1218 4045 1357 4116 interierit,
1375 4049 1407 4100 ιιι
1424 4042 1488 4100 alibi
1504 4045 1581 4101 uices
1599 4060 1698 4104 eorum

321 4281 330 4314 ¹
355 4278 390 4331 Ut
407 4278 439 4330 de
457 4277 689 4346 interpretationum
707 4277 860 4330 Graecarum
882 4285 973 4331 natura
994 4286 1021 4330 et
1043 4277 1188 4330 diuersitate
1209 4277 1305 4330 facilius
1328 4285 1355 4330 et
1378 4277 1469 4331 certius
1487 4277 1565 4331 ιιιίιιὶι
1583 4278 1697 4334 iudicare

266 4367 350 4430 deest,
368 4384 521 4435 magnopere
539 4367 676 4434 optandum
694 4375 742 4430 est,
760 4375 789 4419 ut
805 4377 959 4435 proponatur
976 4368 1103 4436 specimen
1120 4376 1188 4420 certe
1200 4367 1320 4420 selectum
1337 4385 1368 4419 ex
1386 4368 1416 4419 iis
1434 4367 1598 4420 Bssiliecmm
1613 4368 1696 4433 libris,

266 4457 309 4524 qni
327 4456 428 4524 plenum
446 4461 594 4523 apparatum
611 4457 718 4519 habent,
742 4456 778 4508 its
795 4465 978 4524 comparatum,
1000 4465 1028 4509 ut
1051 4466 1102 4510 tres
1124 4457 1253 4510 mersiones
1277 4458 1345 4509 iuxta
1368 4465 1494 4525 ponantur
1517 4457 1615 4510 adiecto
1634 4459 1697 4514 item

266 4553 337 4598 textu
355 4545 458 4607 Lstino,
476 4545 580 4598 abiectis
598 4555 681 4598 autem
698 4555 750 4599 tarn
768 4546 967 4600 enarrationibus
984 4547 1163 4614 Stephaniauis
1181 4564 1255 4614 quam
1273 4546 1378 4600 scholiis
1391 4547 1584 4609 recentioribus,
1603 4548 1695 4614 quibus

266 4637 292 4689 iu
311 4635 416 4702 digestis
434 4635 641 4702 recognoscendis
659 4652 739 4702 aequo
757 4635 840 4688 auimo
858 4653 978 4688 caremus.
1007 4636 1178 4688 uniuersomm
1196 4637 1262 4688 enim
1273 4636 1436 4689 Basilieomm
1450 4636 1484 4689 sd
1497 4637 1563 4689 hauc
1580 4655 1695 4691 normam
1751 4691 1753 4696 ,

266 4724 410 4778 retractatio
427 4731 456 4776 ut
472 4723 615 4791 perficiatur
632 4742 781 4792 quamquam
798 4741 900 4792 sperare
918 4743 969 4777 nou
987 4725 1068 4776 audeo
1087 4725 1122 4792 (ιι.
1135 4743 1160 4793 p.
1172 4723 1342 4793 xxxxlm),
1359 4724 1466 4794 icrtqssc
1478 4743 1528 4778 non
1543 4726 1631 4788 deerit,
1651 4729 1696 4796 qui

266 4814 410 4867 modestiori
428 4821 486 4866 uoto
504 4813 648 4866 satisfaciat.
753 4814 765 4850 ¹
787 4814 828 4867 Ab
846 4815 894 4868 bac
911 4813 968 4881 lege
991 4813 1115 4866 interdurn
1132 4815 1225 4868 recessi
1247 4815 1345 4868 adlecta
1368 4815 1574 4884 interpretatione
1593 4815 1696 4870 Graeca

266 4903 443 4958 uocabulorum
460 4903 588 4969 rariorum,
606 4911 635 4956 ut
651 4902 743 4958 factum
761 4913 801 4958 est
818 4921 840 4958 e.
853 4921 875 4957 c.
893 4905 926 4969 Π,
939 4905 999 4968 819,
1015 4903 1055 4958 10.
1067 4903 1110 4957 29.
1196 4904 1207 4939 ⁸
1225 4903 1265 4957 Ita
1283 4903 1527 4959 omiserunttitalum
1545 4903 1578 4958 de
1595 4905 1695 4974 origine
