<?xml version="1.0" encoding="UTF-8"?>
<!DOCTYPE html PUBLIC "-//W3C//DTD XHTML 1.0 Transitional//EN"
    "http://www.w3.org/TR/xhtml1/DTD/xhtml1-transitional.dtd">
<html xmlns="http://www.w3.org/1999/xhtml" xml:lang="en" lang="en">
 <head>
  <title>
</title>
<meta http-equiv="Content-Type" content="text/html;charset=utf-8" />
  <meta name='ocr-system' content='tesseract 3.04.00' />
  <meta name='ocr-capabilities' content='ocr_page ocr_carea ocr_par ocr_line ocrx_word'/>
</head>
<body>
  <div class='ocr_page' id='page_1' title='image "./digestaiustinia01kruegoog/digestaiustinia01kruegoog_0889.png"; bbox 0 0 3698 5364; ppageno 0'>
   <div class='ocr_carea' id='block_1_1' title="bbox 169 178 1620 258">
    <p class='ocr_par' dir='ltr' id='par_1_1' title="bbox 169 178 1620 258">
     <span class='ocr_line' id='line_1_1' title="bbox 169 178 1620 258; baseline -0.003 -9"><span class='ocrx_word' id='word_1_1' title='bbox 169 182 258 249; x_wconf 87' lang='lat' dir='ltr'>XXV</span> <span class='ocrx_word' id='word_1_2' title='bbox 280 185 300 248; x_wconf 85' lang='lat'><strong>3</strong></span> <span class='ocrx_word' id='word_1_3' title='bbox 321 190 336 242; x_wconf 81' lang='lat' dir='ltr'>t</span> <span class='ocrx_word' id='word_1_4' title='bbox 357 219 388 227; x_wconf 96' lang='lat'>-</span> <span class='ocrx_word' id='word_1_5' title='bbox 409 183 465 246; x_wconf 83' lang='grc'>41</span> <span class='ocrx_word' id='word_1_6' title='bbox 851 178 939 258; x_wconf 81' lang='lat'>740</span> <span class='ocrx_word' id='word_1_7' title='bbox 1161 201 1208 248; x_wconf 82' lang='lat' dir='ltr'>nn</span> <span class='ocrx_word' id='word_1_8' title='bbox 1230 197 1450 248; x_wconf 80' lang='lat' dir='ltr'>rssrrcruuno</span> <span class='ocrx_word' id='word_1_9' title='bbox 1473 196 1620 246; x_wconf 73' lang='lat' dir='ltr'>unsrun</span> 
     </span>
    </p>
   </div>
   <div class='ocr_carea' id='block_1_2' title="bbox 108 329 1724 1386">
    <p class='ocr_par' dir='ltr' id='par_1_2' title="bbox 131 329 1684 676">
     <span class='ocr_line' id='line_1_2' title="bbox 131 329 1684 418; baseline -0.001 -21"><span class='ocrx_word' id='word_1_10' title='bbox 131 339 150 397; x_wconf 77' lang='lat' dir='ltr'>‘i</span> <span class='ocrx_word' id='word_1_11' title='bbox 221 340 300 394; x_wconf 82' lang='lat' dir='ltr'>lenm</span> <span class='ocrx_word' id='word_1_12' title='bbox 322 337 391 393; x_wconf 92' lang='lat' dir='ltr'>libro</span> <span class='ocrx_word' id='word_1_13' title='bbox 413 337 509 406; x_wconf 87' lang='lat' dir='ltr'>quinto</span> <span class='ocrx_word' id='word_1_14' title='bbox 531 351 733 408; x_wconf 74' lang='lat' dir='ltr'><strong>responsorum.</strong></span> <span class='ocrx_word' id='word_1_15' title='bbox 770 338 800 394; x_wconf 86' lang='lat' dir='ltr'>Si</span> <span class='ocrx_word' id='word_1_16' title='bbox 823 343 907 408; x_wconf 82' lang='lat' dir='ltr'>neget</span> <span class='ocrx_word' id='word_1_17' title='bbox 929 339 976 407; x_wconf 87' lang='lat' dir='ltr'>qni</span> <span class='ocrx_word' id='word_1_18' title='bbox 999 338 1113 394; x_wconf 83' lang='lat' dir='ltr'>maritrrs</span> <span class='ocrx_word' id='word_1_19' title='bbox 1135 337 1221 394; x_wconf 88' lang='lat' dir='ltr'>inisse</span> <span class='ocrx_word' id='word_1_20' title='bbox 1245 338 1345 394; x_wconf 92' lang='lat' dir='ltr'>dicitnr</span> <span class='ocrx_word' id='word_1_21' title='bbox 1362 335 1454 392; x_wconf 85' lang='lat' dir='ltr'>matri·</span> <span class='ocrx_word' id='word_1_22' title='bbox 1474 329 1620 418; x_wconf 58' lang='lat' dir='ltr'><em>Q</em></span> <span class='ocrx_word' id='word_1_23' title='bbox 1655 341 1684 395; x_wconf 83' lang='grc' dir='ltr'><em>Ε</em></span> 
     </span>
     <span class='ocr_line' id='line_1_3' title="bbox 169 422 1619 499; baseline -0.003 -17"><span class='ocrx_word' id='word_1_24' title='bbox 169 429 291 483; x_wconf 91' lang='lat' dir='ltr'>monium</span> <span class='ocrx_word' id='word_1_25' title='bbox 309 441 370 482; x_wconf 93' lang='lat' dir='ltr'>esse</span> <span class='ocrx_word' id='word_1_26' title='bbox 389 431 559 482; x_wconf 74' lang='lat' dir='ltr'>conuectum</span> <span class='ocrx_word' id='word_1_27' title='bbox 577 441 625 497; x_wconf 90' lang='lat' dir='ltr'>eo,</span> <span class='ocrx_word' id='word_1_28' title='bbox 643 427 718 497; x_wconf 88' lang='lat' dir='ltr'>quod</span> <span class='ocrx_word' id='word_1_29' title='bbox 736 442 797 483; x_wconf 88' lang='lat' dir='ltr'>eam</span> <span class='ocrx_word' id='word_1_30' title='bbox 815 443 887 499; x_wconf 89' lang='lat' dir='ltr'>quae</span> <span class='ocrx_word' id='word_1_31' title='bbox 905 443 936 483; x_wconf 89' lang='lat' dir='ltr'>se</span> <span class='ocrx_word' id='word_1_32' title='bbox 953 443 1066 483; x_wconf 86' lang='lat' dir='ltr'>uxorem</span> <span class='ocrx_word' id='word_1_33' title='bbox 1085 426 1171 482; x_wconf 83' lang='lat' dir='ltr'>fuisse</span> <span class='ocrx_word' id='word_1_34' title='bbox 1190 427 1258 482; x_wconf 88' lang='lat' dir='ltr'>dicit</span> <span class='ocrx_word' id='word_1_35' title='bbox 1275 427 1400 481; x_wconf 72' lang='lat' dir='ltr'><strong>ancillam</strong></span> <span class='ocrx_word' id='word_1_36' title='bbox 1419 439 1481 479; x_wconf 87' lang='lat' dir='ltr'>esse</span> <span class='ocrx_word' id='word_1_37' title='bbox 1496 422 1619 494; x_wconf 88' lang='lat' dir='ltr'>probare</span> 
     </span>
     <span class='ocr_line' id='line_1_4' title="bbox 169 511 1620 587; baseline -0.003 -17"><span class='ocrx_word' id='word_1_38' title='bbox 169 521 282 586; x_wconf 86' lang='lat' dir='ltr'>paratus</span> <span class='ocrx_word' id='word_1_39' title='bbox 300 516 344 586; x_wconf 87' lang='lat' dir='ltr'>sit,</span> <span class='ocrx_word' id='word_1_40' title='bbox 363 515 492 570; x_wconf 88' lang='lat' dir='ltr'>alimenta</span> <span class='ocrx_word' id='word_1_41' title='bbox 509 517 620 586; x_wconf 88' lang='lat' dir='ltr'>quidem</span> <span class='ocrx_word' id='word_1_42' title='bbox 639 516 731 572; x_wconf 90' lang='lat' dir='ltr'>liberis</span> <span class='ocrx_word' id='word_1_43' title='bbox 749 523 890 587; x_wconf 87' lang='lat' dir='ltr'>praestare</span> <span class='ocrx_word' id='word_1_44' title='bbox 909 517 1017 572; x_wconf 88' lang='lat' dir='ltr'>interim</span> <span class='ocrx_word' id='word_1_45' title='bbox 1035 516 1263 587; x_wconf 89' lang='lat' dir='ltr'>compellendum,</span> <span class='ocrx_word' id='word_1_46' title='bbox 1283 514 1326 568; x_wconf 92' lang='lat' dir='ltr'>sin</span> <span class='ocrx_word' id='word_1_47' title='bbox 1344 517 1436 568; x_wconf 85' lang='lat' dir='ltr'>sutem</span> <span class='ocrx_word' id='word_1_48' title='bbox 1456 511 1620 567; x_wconf 84' lang='lat' dir='ltr'>constiterit</span> 
     </span>
     <span class='ocr_line' id='line_1_5' title="bbox 170 599 1656 676; baseline -0.005 -16"><span class='ocrx_word' id='word_1_49' title='bbox 170 620 230 660; x_wconf 88' lang='lat' dir='ltr'>eam</span> <span class='ocrx_word' id='word_1_50' title='bbox 250 620 358 659; x_wconf 89' lang='lat' dir='ltr'>seruam</span> <span class='ocrx_word' id='word_1_51' title='bbox 376 603 469 674; x_wconf 85' lang='lat' dir='ltr'>fuisse,</span> <span class='ocrx_word' id='word_1_52' title='bbox 488 604 554 660; x_wconf 87' lang='lat' dir='ltr'>nihil</span> <span class='ocrx_word' id='word_1_53' title='bbox 573 606 606 676; x_wconf 85' lang='lat' dir='ltr'>ei,</span> <span class='ocrx_word' id='word_1_54' title='bbox 625 607 673 676; x_wconf 91' lang='lat' dir='ltr'>qui</span> <span class='ocrx_word' id='word_1_55' title='bbox 685 607 839 676; x_wconf 90' lang='lat' dir='ltr'>pascendos</span> <span class='ocrx_word' id='word_1_56' title='bbox 851 607 966 675; x_wconf 90' lang='lat' dir='ltr'>curauit,</span> <span class='ocrx_word' id='word_1_57' title='bbox 986 621 1021 660; x_wconf 87' lang='lat' dir='ltr'>ex</span> <span class='ocrx_word' id='word_1_58' title='bbox 1039 605 1090 661; x_wconf 92' lang='lat' dir='ltr'>boc</span> <span class='ocrx_word' id='word_1_59' title='bbox 1103 605 1299 674; x_wconf 90' lang='lat' dir='ltr'>praeiudicium</span> <span class='ocrx_word' id='word_1_60' title='bbox 1312 605 1459 672; x_wconf 82' lang='lat' dir='ltr'>generare¹</span> <span class='ocrx_word' id='word_1_61' title='bbox 1472 599 1618 670; x_wconf 88' lang='lat' dir='ltr'>respondi.</span> <span class='ocrx_word' id='word_1_62' title='bbox 1640 615 1656 654; x_wconf 83' lang='grc' dir='ltr'>ι</span> 
     </span>
    </p>

    <p class='ocr_par' dir='ltr' id='par_1_3' title="bbox 108 685 1684 1036">
     <span class='ocr_line' id='line_1_6' title="bbox 108 685 1684 773; baseline -0.002 -20"><span class='ocrx_word' id='word_1_63' title='bbox 108 692 150 754; x_wconf 87' lang='grc'>,8</span> <span class='ocrx_word' id='word_1_64' title='bbox 221 694 403 748; x_wconf 71' lang='lat' dir='ltr'>Menoeceus</span> <span class='ocrx_word' id='word_1_65' title='bbox 424 692 494 747; x_wconf 93' lang='lat' dir='ltr'>libro</span> <span class='ocrx_word' id='word_1_66' title='bbox 517 694 605 762; x_wconf 94' lang='lat' dir='ltr'>primo</span> <span class='ocrx_word' id='word_1_67' title='bbox 628 694 664 748; x_wconf 84' lang='lat' dir='ltr'>sd</span> <span class='ocrx_word' id='word_1_68' title='bbox 687 696 776 764; x_wconf 89' lang='lat' dir='ltr'>legem</span> <span class='ocrx_word' id='word_1_69' title='bbox 799 695 896 750; x_wconf 88' lang='lat' dir='ltr'>Iuliam</span> <span class='ocrx_word' id='word_1_70' title='bbox 921 699 950 749; x_wconf 90' lang='lat' dir='ltr'>et</span> <span class='ocrx_word' id='word_1_71' title='bbox 972 694 1094 764; x_wconf 90' lang='lat' dir='ltr'>Papiam.</span> <span class='ocrx_word' id='word_1_72' title='bbox 1136 695 1198 749; x_wconf 85' lang='lat' dir='ltr'>Non</span> <span class='ocrx_word' id='word_1_73' title='bbox 1222 691 1453 763; x_wconf 86' lang='lat' dir='ltr'>quemadmodum</span> <span class='ocrx_word' id='word_1_74' title='bbox 1473 685 1618 773; x_wconf 54' lang='lat' dir='ltr'>[iffi—o}</span> <span class='ocrx_word' id='word_1_75' title='bbox 1655 695 1684 750; x_wconf 82' lang='grc' dir='ltr'><strong><em>Ε</em></strong></span> 
     </span>
     <span class='ocr_line' id='line_1_7' title="bbox 170 777 1619 853; baseline -0.003 -17"><span class='ocrx_word' id='word_1_76' title='bbox 170 783 351 837; x_wconf 90' lang='lat' dir='ltr'>masculorum</span> <span class='ocrx_word' id='word_1_77' title='bbox 369 781 515 836; x_wconf 90' lang='lat' dir='ltr'>liberorum</span> <span class='ocrx_word' id='word_1_78' title='bbox 533 788 687 838; x_wconf 67' lang='lat' dir='ltr'>noseorum</span> <span class='ocrx_word' id='word_1_79' title='bbox 705 783 784 838; x_wconf 89' lang='lat' dir='ltr'>liberi</span> <span class='ocrx_word' id='word_1_80' title='bbox 809 783 844 839; x_wconf 90' lang='lat' dir='ltr'>ad</span> <span class='ocrx_word' id='word_1_81' title='bbox 866 798 937 838; x_wconf 88' lang='lat' dir='ltr'>onus</span> <span class='ocrx_word' id='word_1_82' title='bbox 962 787 1086 838; x_wconf 89' lang='lat' dir='ltr'>nostrum</span> <span class='ocrx_word' id='word_1_83' title='bbox 1104 784 1254 853; x_wconf 87' lang='lat' dir='ltr'>pertinent,</span> <span class='ocrx_word' id='word_1_84' title='bbox 1278 783 1318 836; x_wconf 89' lang='lat' dir='ltr'>ita</span> <span class='ocrx_word' id='word_1_85' title='bbox 1335 783 1364 836; x_wconf 87' lang='lat' dir='ltr'>et</span> <span class='ocrx_word' id='word_1_86' title='bbox 1381 780 1409 834; x_wconf 91' lang='lat' dir='ltr'>in</span> <span class='ocrx_word' id='word_1_87' title='bbox 1427 777 1538 833; x_wconf 85' lang='lat' dir='ltr'>leminis</span> <span class='ocrx_word' id='word_1_88' title='bbox 1557 783 1619 833; x_wconf 90' lang='lat' dir='ltr'>est:</span> 
     </span>
     <span class='ocr_line' id='line_1_8' title="bbox 170 868 1621 942; baseline -0.004 -16"><span class='ocrx_word' id='word_1_89' title='bbox 170 887 233 926; x_wconf 92' lang='lat' dir='ltr'>nam</span> <span class='ocrx_word' id='word_1_90' title='bbox 251 868 425 926; x_wconf 81' lang='lat' dir='ltr'>manifestum</span> <span class='ocrx_word' id='word_1_91' title='bbox 445 875 489 924; x_wconf 92' lang='lat' dir='ltr'>est</span> <span class='ocrx_word' id='word_1_92' title='bbox 506 869 534 924; x_wconf 92' lang='lat' dir='ltr'>id</span> <span class='ocrx_word' id='word_1_93' title='bbox 553 871 626 941; x_wconf 89' lang='lat' dir='ltr'>quod</span> <span class='ocrx_word' id='word_1_94' title='bbox 644 870 701 928; x_wconf 87' lang='lat' dir='ltr'>iilia</span> <span class='ocrx_word' id='word_1_95' title='bbox 718 873 791 942; x_wconf 89' lang='lat' dir='ltr'>parit</span> <span class='ocrx_word' id='word_1_96' title='bbox 808 886 864 927; x_wconf 92' lang='lat' dir='ltr'>non</span> <span class='ocrx_word' id='word_1_97' title='bbox 881 885 948 940; x_wconf 88' lang='lat' dir='ltr'>auo,</span> <span class='ocrx_word' id='word_1_98' title='bbox 971 871 1020 927; x_wconf 91' lang='lat' dir='ltr'>sed</span> <span class='ocrx_word' id='word_1_99' title='bbox 1039 872 1112 942; x_wconf 89' lang='lat' dir='ltr'>patri</span> <span class='ocrx_word' id='word_1_100' title='bbox 1129 887 1180 927; x_wconf 90' lang='lat' dir='ltr'>suo</span> <span class='ocrx_word' id='word_1_101' title='bbox 1204 885 1266 926; x_wconf 92' lang='lat' dir='ltr'>esse</span> <span class='ocrx_word' id='word_1_102' title='bbox 1283 869 1373 939; x_wconf 70' lang='lat' dir='ltr'>bned,</span> <span class='ocrx_word' id='word_1_103' title='bbox 1397 868 1451 923; x_wconf 90' lang='lat' dir='ltr'>nisi</span> <span class='ocrx_word' id='word_1_104' title='bbox 1467 872 1549 938; x_wconf 85' lang='lat' dir='ltr'>pater</span> <span class='ocrx_word' id='word_1_105' title='bbox 1568 870 1621 921; x_wconf 85' lang='lat' dir='ltr'>aut</span> 
     </span>
     <span class='ocr_line' id='line_1_9' title="bbox 170 960 1474 1036; baseline 0.001 -22"><span class='ocrx_word' id='word_1_106' title='bbox 170 975 225 1016; x_wconf 89' lang='lat' dir='ltr'>non</span> <span class='ocrx_word' id='word_1_107' title='bbox 243 960 280 1014; x_wconf 92' lang='lat' dir='ltr'>sit</span> <span class='ocrx_word' id='word_1_108' title='bbox 297 963 438 1029; x_wconf 89' lang='lat' dir='ltr'>superstes</span> <span class='ocrx_word' id='word_1_109' title='bbox 456 963 505 1013; x_wconf 87' lang='lat' dir='ltr'>aut</span> <span class='ocrx_word' id='word_1_110' title='bbox 522 974 607 1028; x_wconf 80' lang='lat' dir='ltr'>egens</span> <span class='ocrx_word' id='word_1_111' title='bbox 626 966 677 1016; x_wconf 81' lang='lat' dir='ltr'>est</span> <span class='ocrx_word' id='word_1_112' title='bbox 1473 1021 1474 1036; x_wconf 12' lang='grc' dir='ltr'>χ</span> 
     </span>
    </p>

    <p class='ocr_par' dir='ltr' id='par_1_4' title="bbox 132 1037 1724 1386">
     <span class='ocr_line' id='line_1_10' title="bbox 132 1037 1690 1128; baseline -0.001 -26"><span class='ocrx_word' id='word_1_113' title='bbox 132 1047 150 1106; x_wconf 87' lang='grc'>9</span> <span class='ocrx_word' id='word_1_114' title='bbox 223 1048 342 1104; x_wconf 81' lang='lat' dir='ltr'>Pauuus</span> <span class='ocrx_word' id='word_1_115' title='bbox 364 1047 433 1102; x_wconf 91' lang='lat' dir='ltr'>libro</span> <span class='ocrx_word' id='word_1_116' title='bbox 457 1048 589 1116; x_wconf 74' lang='lat' dir='ltr'>singulari</span> <span class='ocrx_word' id='word_1_117' title='bbox 613 1049 647 1103; x_wconf 89' lang='lat' dir='ltr'>de</span> <span class='ocrx_word' id='word_1_118' title='bbox 665 1050 724 1106; x_wconf 91' lang='lat' dir='ltr'>iure</span> <span class='ocrx_word' id='word_1_119' title='bbox 742 1053 913 1120; x_wconf 91' lang='lat' dir='ltr'>patronatus.</span> <span class='ocrx_word' id='word_1_120' title='bbox 949 1051 981 1104; x_wconf 91' lang='lat' dir='ltr'>In</span> <span class='ocrx_word' id='word_1_121' title='bbox 999 1048 1078 1105; x_wconf 90' lang='lat' dir='ltr'>bonis</span> <span class='ocrx_word' id='word_1_122' title='bbox 1100 1048 1277 1118; x_wconf 74' lang='lat' dir='ltr'><strong>superstitum</strong></span> <span class='ocrx_word' id='word_1_123' title='bbox 1296 1044 1454 1101; x_wconf 88' lang='lat' dir='ltr'>libertorum</span> <span class='ocrx_word' id='word_1_124' title='bbox 1473 1037 1620 1128; x_wconf 59' lang='lat' dir='ltr'><em>Q</em></span> <span class='ocrx_word' id='word_1_125' title='bbox 1653 1052 1690 1107; x_wconf 82' lang='lat' dir='ltr'>s·</span> 
     </span>
     <span class='ocr_line' id='line_1_11' title="bbox 169 1133 1724 1212; baseline 0.001 -22"><span class='ocrx_word' id='word_1_126' title='bbox 169 1137 272 1191; x_wconf 90' lang='lat' dir='ltr'>nullum</span> <span class='ocrx_word' id='word_1_127' title='bbox 291 1136 401 1191; x_wconf 91' lang='lat' dir='ltr'>omnino</span> <span class='ocrx_word' id='word_1_128' title='bbox 418 1136 462 1190; x_wconf 91' lang='lat' dir='ltr'>ius</span> <span class='ocrx_word' id='word_1_129' title='bbox 479 1137 586 1206; x_wconf 89' lang='lat' dir='ltr'>patroni</span> <span class='ocrx_word' id='word_1_130' title='bbox 603 1136 717 1194; x_wconf 88' lang='lat' dir='ltr'>liberiue</span> <span class='ocrx_word' id='word_1_131' title='bbox 734 1143 911 1208; x_wconf 86' lang='lat' dir='ltr'>patronorum</span> <span class='ocrx_word' id='word_1_132' title='bbox 930 1137 1039 1208; x_wconf 89' lang='lat' dir='ltr'>babent,</span> <span class='ocrx_word' id='word_1_133' title='bbox 1058 1138 1111 1192; x_wconf 91' lang='lat' dir='ltr'>nisi</span> <span class='ocrx_word' id='word_1_134' title='bbox 1129 1138 1158 1192; x_wconf 93' lang='lat' dir='ltr'>si·</span> <span class='ocrx_word' id='word_1_135' title='bbox 1171 1143 1228 1192; x_wconf 89' lang='lat' dir='ltr'>tam</span> <span class='ocrx_word' id='word_1_136' title='bbox 1246 1135 1345 1212; x_wconf 54' lang='lat' dir='ltr'>esseill</span> <span class='ocrx_word' id='word_1_137' title='bbox 1360 1133 1481 1189; x_wconf 81' lang='lat' dir='ltr'>infirmos</span> <span class='ocrx_word' id='word_1_138' title='bbox 1499 1139 1619 1201; x_wconf 87' lang='lat' dir='ltr'>tamque</span> <span class='ocrx_word' id='word_1_139' title='bbox 1639 1144 1657 1190; x_wconf 83' lang='lat' dir='ltr'>t.</span> <span class='ocrx_word' id='word_1_140' title='bbox 1669 1139 1724 1190; x_wconf 76' lang='lat' dir='ltr'>ett&#39;</span> 
     </span>
     <span class='ocr_line' id='line_1_12' title="bbox 169 1221 1671 1296; baseline -0.002 -17"><span class='ocrx_word' id='word_1_141' title='bbox 169 1239 304 1294; x_wconf 87' lang='lat' dir='ltr'>pauperes</span> <span class='ocrx_word' id='word_1_142' title='bbox 322 1223 494 1295; x_wconf 75' lang='lat' dir='ltr'>praesidibus</span> <span class='ocrx_word' id='word_1_143' title='bbox 516 1224 707 1296; x_wconf 87' lang='lat' dir='ltr'>probauerint,</span> <span class='ocrx_word' id='word_1_144' title='bbox 731 1231 763 1282; x_wconf 92' lang='lat' dir='ltr'>ut</span> <span class='ocrx_word' id='word_1_145' title='bbox 786 1227 883 1282; x_wconf 90' lang='lat' dir='ltr'>merito</span> <span class='ocrx_word' id='word_1_146' title='bbox 908 1228 1054 1281; x_wconf 74' lang='lat' dir='ltr'>menstruis</span> <span class='ocrx_word' id='word_1_147' title='bbox 1078 1226 1215 1282; x_wconf 78' lang='lat' dir='ltr'>alimentis</span> <span class='ocrx_word' id='word_1_148' title='bbox 1238 1240 1256 1279; x_wconf 87' lang='lat' dir='ltr'>a</span> <span class='ocrx_word' id='word_1_149' title='bbox 1278 1223 1384 1279; x_wconf 88' lang='lat' dir='ltr'>libertis</span> <span class='ocrx_word' id='word_1_150' title='bbox 1406 1224 1464 1278; x_wconf 90' lang='lat' dir='ltr'>suis</span> <span class='ocrx_word' id='word_1_151' title='bbox 1487 1221 1620 1277; x_wconf 84' lang='lat' dir='ltr'>adiuuari</span> <span class='ocrx_word' id='word_1_152' title='bbox 1642 1237 1671 1276; x_wconf 88' lang='lat' dir='ltr'>rr</span> 
     </span>
     <span class='ocr_line' id='line_1_13' title="bbox 170 1312 1315 1386; baseline -0.001 -18"><span class='ocrx_word' id='word_1_153' title='bbox 170 1313 296 1368; x_wconf 89' lang='lat' dir='ltr'>debeant.</span> <span class='ocrx_word' id='word_1_154' title='bbox 324 1313 406 1383; x_wconf 87' lang='lat' dir='ltr'>idque</span> <span class='ocrx_word' id='word_1_155' title='bbox 424 1313 467 1370; x_wconf 90' lang='lat' dir='ltr'>ius</span> <span class='ocrx_word' id='word_1_156' title='bbox 485 1315 525 1369; x_wconf 89' lang='lat' dir='ltr'>ita</span> <span class='ocrx_word' id='word_1_157' title='bbox 542 1315 665 1384; x_wconf 85' lang='lat' dir='ltr'>plurimis</span> <span class='ocrx_word' id='word_1_158' title='bbox 683 1315 836 1386; x_wconf 77' lang='lat' dir='ltr'>principum</span> <span class='ocrx_word' id='word_1_159' title='bbox 855 1313 1097 1371; x_wconf 75' lang='lat' dir='ltr'>constitutionibus</span> <span class='ocrx_word' id='word_1_160' title='bbox 1115 1312 1315 1370; x_wconf 81' lang='lat' dir='ltr'>manifestatur.</span> 
     </span>
    </p>
   </div>
   <div class='ocr_carea' id='block_1_3' title="bbox 170 1469 1730 1692">
    <p class='ocr_par' dir='ltr' id='par_1_5' title="bbox 170 1469 1730 1692">
     <span class='ocr_line' id='line_1_14' title="bbox 170 1469 1730 1692; baseline -0.003 -12"><span class='ocrx_word' id='word_1_161' title='bbox 170 1603 208 1680; x_wconf 79' lang='lat' dir='ltr'>it</span> <span class='ocrx_word' id='word_1_162' title='bbox 252 1601 316 1677; x_wconf 89' lang='lat' dir='ltr'>DE</span> <span class='ocrx_word' id='word_1_163' title='bbox 344 1601 639 1680; x_wconf 86' lang='lat' dir='ltr'>[NSPICIENDO</span> <span class='ocrx_word' id='word_1_164' title='bbox 677 1469 1335 1692; x_wconf 44' lang='lat' dir='ltr'><strong>UENTREfflgUSTODIENDOQUE</strong></span> <span class='ocrx_word' id='word_1_165' title='bbox 1370 1597 1531 1676; x_wconf 86' lang='lat' dir='ltr'><strong>PARTU</strong></span> <span class='ocrx_word' id='word_1_166' title='bbox 1580 1597 1621 1675; x_wconf 76' lang='lat' dir='ltr'>R</span> <span class='ocrx_word' id='word_1_167' title='bbox 1656 1621 1730 1675; x_wconf 79' lang='lat' dir='ltr'>sira</span> 
     </span>
    </p>
   </div>
   <div class='ocr_carea' id='block_1_4' title="bbox 132 1749 1685 4226">
    <p class='ocr_par' dir='ltr' id='par_1_6' title="bbox 135 1749 1685 2804">
     <span class='ocr_line' id='line_1_15' title="bbox 135 1749 1685 1838; baseline -0.002 -24"><span class='ocrx_word' id='word_1_168' title='bbox 135 1759 151 1814; x_wconf 93' lang='lat'>1</span> <span class='ocrx_word' id='word_1_169' title='bbox 223 1755 374 1812; x_wconf 76' lang='lat' dir='ltr'>Uurmrrus</span> <span class='ocrx_word' id='word_1_170' title='bbox 397 1755 466 1812; x_wconf 93' lang='lat' dir='ltr'>libro</span> <span class='ocrx_word' id='word_1_171' title='bbox 490 1757 638 1814; x_wconf 75' lang='lat' dir='ltr'>uicesimo⁸</span> <span class='ocrx_word' id='word_1_172' title='bbox 656 1764 753 1830; x_wconf 79' lang='lat' dir='ltr'>quarte</span> <span class='ocrx_word' id='word_1_173' title='bbox 772 1760 808 1815; x_wconf 91' lang='lat' dir='ltr'>ad</span> <span class='ocrx_word' id='word_1_174' title='bbox 826 1761 956 1816; x_wconf 90' lang='lat' dir='ltr'>edictum.</span> <span class='ocrx_word' id='word_1_175' title='bbox 993 1757 1175 1830; x_wconf 85' lang='lat' dir='ltr'>Temporibus</span> <span class='ocrx_word' id='word_1_176' title='bbox 1197 1757 1323 1812; x_wconf 90' lang='lat' dir='ltr'>diuorum</span> <span class='ocrx_word' id='word_1_177' title='bbox 1340 1754 1454 1812; x_wconf 82' lang='lat' dir='ltr'>fratrum</span> <span class='ocrx_word' id='word_1_178' title='bbox 1473 1749 1619 1838; x_wconf 63' lang='lat' dir='ltr'>[aar]</span> <span class='ocrx_word' id='word_1_179' title='bbox 1640 1764 1685 1818; x_wconf 80' lang='lat' dir='ltr'>&#39;E</span> 
     </span>
     <span class='ocr_line' id='line_1_16' title="bbox 171 1843 1672 1919; baseline 0.001 -20"><span class='ocrx_word' id='word_1_180' title='bbox 171 1860 233 1900; x_wconf 91' lang='lat' dir='ltr'>cum</span> <span class='ocrx_word' id='word_1_181' title='bbox 252 1844 304 1900; x_wconf 91' lang='lat' dir='ltr'>hoc</span> <span class='ocrx_word' id='word_1_182' title='bbox 322 1845 471 1916; x_wconf 88' lang='lat' dir='ltr'>incidisset,</span> <span class='ocrx_word' id='word_1_183' title='bbox 490 1850 522 1900; x_wconf 90' lang='lat' dir='ltr'>ut</span> <span class='ocrx_word' id='word_1_184' title='bbox 540 1848 653 1902; x_wconf 88' lang='lat' dir='ltr'>maritus</span> <span class='ocrx_word' id='word_1_185' title='bbox 672 1849 782 1918; x_wconf 90' lang='lat' dir='ltr'>quidem</span> <span class='ocrx_word' id='word_1_186' title='bbox 795 1853 974 1919; x_wconf 82' lang='lat' dir='ltr'>praegnatem</span> <span class='ocrx_word' id='word_1_187' title='bbox 989 1849 1130 1904; x_wconf 88' lang='lat' dir='ltr'>mulierem</span> <span class='ocrx_word' id='word_1_188' title='bbox 1143 1847 1254 1916; x_wconf 89' lang='lat' dir='ltr'>diceret,</span> <span class='ocrx_word' id='word_1_189' title='bbox 1273 1861 1343 1901; x_wconf 85' lang='lat' dir='ltr'>uxor</span> <span class='ocrx_word' id='word_1_190' title='bbox 1354 1849 1475 1914; x_wconf 84' lang='lat' dir='ltr'>negaret,</span> <span class='ocrx_word' id='word_1_191' title='bbox 1494 1843 1621 1898; x_wconf 90' lang='lat' dir='ltr'>consulti</span> <span class='ocrx_word' id='word_1_192' title='bbox 1642 1859 1672 1900; x_wconf 87' lang='lat' dir='ltr'>re</span> 
     </span>
     <span class='ocr_line' id='line_1_17' title="bbox 171 1933 1620 2008; baseline -0.001 -20"><span class='ocrx_word' id='word_1_193' title='bbox 171 1933 279 1988; x_wconf 88' lang='lat' dir='ltr'>Ualerio</span> <span class='ocrx_word' id='word_1_194' title='bbox 298 1933 438 1990; x_wconf 86' lang='lat' dir='ltr'>Prisciono</span> <span class='ocrx_word' id='word_1_195' title='bbox 456 1937 576 2004; x_wconf 88' lang='lat' dir='ltr'>praetori</span> <span class='ocrx_word' id='word_1_196' title='bbox 595 1935 699 1992; x_wconf 88' lang='lat' dir='ltr'>urbano</span> <span class='ocrx_word' id='word_1_197' title='bbox 718 1938 917 2008; x_wconf 78' lang='lat' dir='ltr'>rescripserunt</span> <span class='ocrx_word' id='word_1_198' title='bbox 935 1939 963 1993; x_wconf 92' lang='lat' dir='ltr'>in</span> <span class='ocrx_word' id='word_1_199' title='bbox 981 1938 1049 1993; x_wconf 86' lang='lat' dir='ltr'>lraec</span> <span class='ocrx_word' id='word_1_200' title='bbox 1067 1936 1168 1992; x_wconf 90' lang='lat' dir='ltr'>uerba:</span> <span class='ocrx_word' id='word_1_201' title='bbox 1188 1936 1302 1992; x_wconf 83' lang='lat' dir='ltr'>&#39;Nouam</span> <span class='ocrx_word' id='word_1_202' title='bbox 1318 1949 1377 1990; x_wconf 89' lang='lat' dir='ltr'>rem</span> <span class='ocrx_word' id='word_1_203' title='bbox 1390 1933 1548 1989; x_wconf 86' lang='lat' dir='ltr'>desiderare</span> <span class='ocrx_word' id='word_1_204' title='bbox 1560 1933 1620 1987; x_wconf 86' lang='lat' dir='ltr'>Ru-</span> 
     </span>
     <span class='ocr_line' id='line_1_18' title="bbox 171 2019 1619 2095; baseline -0.001 -18"><span class='ocrx_word' id='word_1_205' title='bbox 171 2022 254 2077; x_wconf 82' lang='lat' dir='ltr'>‘tilius</span> <span class='ocrx_word' id='word_1_206' title='bbox 273 2021 392 2078; x_wconf 86' lang='lat' dir='ltr'>Seuerus</span> <span class='ocrx_word' id='word_1_207' title='bbox 411 2023 533 2094; x_wconf 90' lang='lat' dir='ltr'>uidetur,</span> <span class='ocrx_word' id='word_1_208' title='bbox 557 2029 588 2080; x_wconf 90' lang='lat' dir='ltr'>ut</span> <span class='ocrx_word' id='word_1_209' title='bbox 605 2026 697 2095; x_wconf 85' lang='lat' dir='ltr'>uxori,</span> <span class='ocrx_word' id='word_1_210' title='bbox 721 2041 793 2095; x_wconf 89' lang='lat' dir='ltr'>quae</span> <span class='ocrx_word' id='word_1_211' title='bbox 812 2025 847 2080; x_wconf 91' lang='lat' dir='ltr'>ab</span> <span class='ocrx_word' id='word_1_212' title='bbox 865 2041 898 2082; x_wconf 89' lang='lat' dir='ltr'>eo</span> <span class='ocrx_word' id='word_1_213' title='bbox 917 2025 1067 2082; x_wconf 86' lang='lat' dir='ltr'>diuerterat</span> <span class='ocrx_word' id='word_1_214' title='bbox 1086 2030 1162 2080; x_wconf 89' lang='lat' dir='ltr'>etse</span> <span class='ocrx_word' id='word_1_215' title='bbox 1181 2040 1236 2080; x_wconf 90' lang='lat' dir='ltr'>non</span> <span class='ocrx_word' id='word_1_216' title='bbox 1254 2037 1316 2078; x_wconf 90' lang='lat' dir='ltr'>esse</span> <span class='ocrx_word' id='word_1_217' title='bbox 1334 2027 1513 2093; x_wconf 74' lang='lat' dir='ltr'>praegnatem</span> <span class='ocrx_word' id='word_1_218' title='bbox 1532 2019 1619 2091; x_wconf 89' lang='lat' dir='ltr'>profi-</span> 
     </span>
     <span class='ocr_line' id='line_1_19' title="bbox 172 2111 1619 2185; baseline -0.001 -19"><span class='ocrx_word' id='word_1_219' title='bbox 172 2112 278 2180; x_wconf 79' lang='lat' dir='ltr'>teatur,</span> <span class='ocrx_word' id='word_1_220' title='bbox 295 2111 437 2167; x_wconf 85' lang='lat' dir='ltr'>custodem</span> <span class='ocrx_word' id='word_1_221' title='bbox 457 2119 586 2183; x_wconf 87' lang='lat' dir='ltr'>apponat,</span> <span class='ocrx_word' id='word_1_222' title='bbox 605 2118 633 2169; x_wconf 91' lang='lat' dir='ltr'>ct</span> <span class='ocrx_word' id='word_1_223' title='bbox 651 2113 713 2169; x_wconf 89' lang='lat' dir='ltr'>ideo</span> <span class='ocrx_word' id='word_1_224' title='bbox 732 2129 813 2169; x_wconf 91' lang='lat' dir='ltr'>nemo</span> <span class='ocrx_word' id='word_1_225' title='bbox 830 2113 985 2185; x_wconf 86' lang='lat' dir='ltr'>mirabitur,</span> <span class='ocrx_word' id='word_1_226' title='bbox 1005 2115 1029 2170; x_wconf 91' lang='lat' dir='ltr'>si</span> <span class='ocrx_word' id='word_1_227' title='bbox 1047 2129 1097 2170; x_wconf 90' lang='lat' dir='ltr'>nos</span> <span class='ocrx_word' id='word_1_228' title='bbox 1115 2129 1224 2184; x_wconf 84' lang='lat' dir='ltr'>quoque</span> <span class='ocrx_word' id='word_1_229' title='bbox 1242 2127 1344 2168; x_wconf 92' lang='lat' dir='ltr'>nouum</span> <span class='ocrx_word' id='word_1_230' title='bbox 1364 2111 1506 2167; x_wconf 88' lang='lat' dir='ltr'>consilium</span> <span class='ocrx_word' id='word_1_231' title='bbox 1525 2116 1557 2164; x_wconf 89' lang='lat' dir='ltr'>et</span> <span class='ocrx_word' id='word_1_232' title='bbox 1575 2125 1619 2164; x_wconf 87' lang='lat' dir='ltr'>re·</span> 
     </span>
     <span class='ocr_line' id='line_1_20' title="bbox 172 2199 1673 2274; baseline 0 -19"><span class='ocrx_word' id='word_1_233' title='bbox 172 2199 299 2256; x_wconf 83' lang='lat' dir='ltr'>‘medium</span> <span class='ocrx_word' id='word_1_234' title='bbox 322 2215 513 2270; x_wconf 81' lang='lat' dir='ltr'>suggeramus.</span> <span class='ocrx_word' id='word_1_235' title='bbox 540 2203 623 2271; x_wconf 82' lang='lat' dir='ltr'>igitur</span> <span class='ocrx_word' id='word_1_236' title='bbox 646 2211 670 2258; x_wconf 82' lang='lat' dir='ltr'>st</span> <span class='ocrx_word' id='word_1_237' title='bbox 692 2207 798 2273; x_wconf 86' lang='lat' dir='ltr'>perstat</span> <span class='ocrx_word' id='word_1_238' title='bbox 819 2203 962 2258; x_wconf 82' lang='lat' dir='ltr'>incudem</span> <span class='ocrx_word' id='word_1_239' title='bbox 985 2203 1183 2274; x_wconf 87' lang='lat' dir='ltr'>postulatione,</span> <span class='ocrx_word' id='word_1_240' title='bbox 1207 2200 1457 2257; x_wconf 87' lang='lat' dir='ltr'>commodissimum</span> <span class='ocrx_word' id='word_1_241' title='bbox 1481 2203 1526 2254; x_wconf 90' lang='lat' dir='ltr'>est</span> <span class='ocrx_word' id='word_1_242' title='bbox 1550 2199 1620 2268; x_wconf 83' lang='lat' dir='ltr'>eligi</span> <span class='ocrx_word' id='word_1_243' title='bbox 1642 2215 1673 2255; x_wconf 83' lang='lat' dir='ltr'>so</span> 
     </span>
     <span class='ocr_line' id='line_1_21' title="bbox 173 2287 1621 2362; baseline -0.002 -18"><span class='ocrx_word' id='word_1_244' title='bbox 173 2289 388 2345; x_wconf 88' lang='lat' dir='ltr'>&#39;honestissimae</span> <span class='ocrx_word' id='word_1_245' title='bbox 406 2288 524 2346; x_wconf 80' lang='lat' dir='ltr'>feminae</span> <span class='ocrx_word' id='word_1_246' title='bbox 543 2291 663 2360; x_wconf 91' lang='lat' dir='ltr'>domum,</span> <span class='ocrx_word' id='word_1_247' title='bbox 682 2291 710 2346; x_wconf 92' lang='lat' dir='ltr'>in</span> <span class='ocrx_word' id='word_1_248' title='bbox 729 2293 800 2362; x_wconf 84' lang='lat' dir='ltr'>qua⁴</span> <span class='ocrx_word' id='word_1_249' title='bbox 817 2292 940 2346; x_wconf 89' lang='lat' dir='ltr'>Domitia</span> <span class='ocrx_word' id='word_1_250' title='bbox 957 2293 1059 2361; x_wconf 87' lang='lat' dir='ltr'>ueniat,</span> <span class='ocrx_word' id='word_1_251' title='bbox 1078 2297 1106 2346; x_wconf 91' lang='lat' dir='ltr'>et</span> <span class='ocrx_word' id='word_1_252' title='bbox 1123 2291 1162 2346; x_wconf 95' lang='lat' dir='ltr'>ibi</span> <span class='ocrx_word' id='word_1_253' title='bbox 1179 2295 1236 2345; x_wconf 92' lang='lat' dir='ltr'>tres</span> <span class='ocrx_word' id='word_1_254' title='bbox 1254 2290 1416 2346; x_wconf 88' lang='lat' dir='ltr'>obstetrices</span> <span class='ocrx_word' id='word_1_255' title='bbox 1434 2287 1569 2358; x_wconf 81' lang='lat' dir='ltr'>probatae</span> <span class='ocrx_word' id='word_1_256' title='bbox 1588 2291 1621 2341; x_wconf 87' lang='lat' dir='ltr'>et</span> 
     </span>
     <span class='ocr_line' id='line_1_22' title="bbox 172 2375 1621 2450; baseline -0.003 -16"><span class='ocrx_word' id='word_1_257' title='bbox 172 2378 246 2434; x_wconf 82' lang='lat' dir='ltr'>‘artis</span> <span class='ocrx_word' id='word_1_258' title='bbox 264 2383 294 2433; x_wconf 90' lang='lat' dir='ltr'>et</span> <span class='ocrx_word' id='word_1_259' title='bbox 310 2377 388 2448; x_wconf 85' lang='lat' dir='ltr'>fidei,</span> <span class='ocrx_word' id='word_1_260' title='bbox 412 2393 484 2448; x_wconf 87' lang='lat' dir='ltr'>quae</span> <span class='ocrx_word' id='word_1_261' title='bbox 503 2395 521 2434; x_wconf 89' lang='lat' dir='ltr'>a</span> <span class='ocrx_word' id='word_1_262' title='bbox 537 2384 566 2434; x_wconf 90' lang='lat' dir='ltr'>tc</span> <span class='ocrx_word' id='word_1_263' title='bbox 584 2379 746 2450; x_wconf 86' lang='lat' dir='ltr'>adsumptae</span> <span class='ocrx_word' id='word_1_264' title='bbox 769 2379 883 2450; x_wconf 85' lang='lat' dir='ltr'>inerint,</span> <span class='ocrx_word' id='word_1_265' title='bbox 907 2395 968 2436; x_wconf 87' lang='lat' dir='ltr'>eam</span> <span class='ocrx_word' id='word_1_266' title='bbox 990 2381 1145 2450; x_wconf 90' lang='lat' dir='ltr'>inspiciant.</span> <span class='ocrx_word' id='word_1_267' title='bbox 1175 2379 1244 2434; x_wconf 89' lang='lat' dir='ltr'>etsi</span> <span class='ocrx_word' id='word_1_268' title='bbox 1263 2378 1372 2448; x_wconf 87' lang='lat' dir='ltr'>quidem</span> <span class='ocrx_word' id='word_1_269' title='bbox 1392 2378 1438 2432; x_wconf 91' lang='lat' dir='ltr'>uel</span> <span class='ocrx_word' id='word_1_270' title='bbox 1455 2391 1553 2433; x_wconf 87' lang='lat' dir='ltr'>omnes</span> <span class='ocrx_word' id='word_1_271' title='bbox 1570 2375 1621 2430; x_wconf 91' lang='lat' dir='ltr'>uei</span> 
     </span>
     <span class='ocr_line' id='line_1_23' title="bbox 173 2465 1620 2539; baseline -0.001 -17"><span class='ocrx_word' id='word_1_272' title='bbox 173 2467 251 2522; x_wconf 88' lang='lat' dir='ltr'>&#39;duae</span> <span class='ocrx_word' id='word_1_273' title='bbox 269 2467 486 2522; x_wconf 88' lang='lat' dir='ltr'>renuntiaueriut</span> <span class='ocrx_word' id='word_1_274' title='bbox 503 2472 682 2538; x_wconf 79' lang='lat' dir='ltr'>praegnatem</span> <span class='ocrx_word' id='word_1_275' title='bbox 700 2468 796 2537; x_wconf 91' lang='lat' dir='ltr'>uideri,</span> <span class='ocrx_word' id='word_1_276' title='bbox 815 2473 882 2524; x_wconf 90' lang='lat' dir='ltr'>tunc</span> <span class='ocrx_word' id='word_1_277' title='bbox 900 2469 1122 2539; x_wconf 85' lang='lat' dir='ltr'>persuadendum</span> <span class='ocrx_word' id='word_1_278' title='bbox 1140 2467 1246 2523; x_wconf 87' lang='lat' dir='ltr'>mulieri</span> <span class='ocrx_word' id='word_1_279' title='bbox 1263 2468 1323 2537; x_wconf 88' lang='lat' dir='ltr'>erit,</span> <span class='ocrx_word' id='word_1_280' title='bbox 1341 2472 1374 2522; x_wconf 93' lang='lat' dir='ltr'>ut</span> <span class='ocrx_word' id='word_1_281' title='bbox 1390 2465 1503 2537; x_wconf 87' lang='lat' dir='ltr'>perinde</span> <span class='ocrx_word' id='word_1_282' title='bbox 1521 2470 1620 2521; x_wconf 87' lang='lat' dir='ltr'>custo·</span> 
     </span>
     <span class='ocr_line' id='line_1_24' title="bbox 174 2553 1621 2628; baseline -0.002 -17"><span class='ocrx_word' id='word_1_283' title='bbox 174 2555 243 2611; x_wconf 90' lang='lat' dir='ltr'>&#39;dem</span> <span class='ocrx_word' id='word_1_284' title='bbox 262 2555 390 2611; x_wconf 86' lang='lat' dir='ltr'>admittat</span> <span class='ocrx_word' id='word_1_285' title='bbox 408 2561 490 2625; x_wconf 82' lang='lat' dir='ltr'>atque</span> <span class='ocrx_word' id='word_1_286' title='bbox 508 2557 532 2610; x_wconf 91' lang='lat' dir='ltr'>si</span> <span class='ocrx_word' id='word_1_287' title='bbox 550 2557 611 2626; x_wconf 89' lang='lat' dir='ltr'>ipsa</span> <span class='ocrx_word' id='word_1_288' title='bbox 628 2556 680 2612; x_wconf 90' lang='lat' dir='ltr'>boc</span> <span class='ocrx_word' id='word_1_289' title='bbox 699 2556 898 2614; x_wconf 68' lang='lat' dir='ltr'>desiderasset}</span> <span class='ocrx_word' id='word_1_290' title='bbox 922 2558 996 2628; x_wconf 91' lang='lat' dir='ltr'>qnod</span> <span class='ocrx_word' id='word_1_291' title='bbox 1020 2559 1044 2613; x_wconf 92' lang='lat' dir='ltr'>si</span> <span class='ocrx_word' id='word_1_292' title='bbox 1069 2557 1151 2612; x_wconf 86' lang='lat' dir='ltr'>enisa</span> <span class='ocrx_word' id='word_1_293' title='bbox 1168 2572 1223 2612; x_wconf 92' lang='lat' dir='ltr'>non</span> <span class='ocrx_word' id='word_1_294' title='bbox 1241 2555 1334 2626; x_wconf 84' lang='lat' dir='ltr'>luerit,</span> <span class='ocrx_word' id='word_1_295' title='bbox 1358 2557 1428 2610; x_wconf 87' lang='lat' dir='ltr'>sciat</span> <span class='ocrx_word' id='word_1_296' title='bbox 1444 2555 1560 2609; x_wconf 89' lang='lat' dir='ltr'>maritus</span> <span class='ocrx_word' id='word_1_297' title='bbox 1580 2553 1621 2609; x_wconf 84' lang='lat' dir='ltr'>ad</span> 
     </span>
     <span class='ocr_line' id='line_1_25' title="bbox 173 2643 1672 2716; baseline -0.001 -17"><span class='ocrx_word' id='word_1_298' title='bbox 173 2643 311 2699; x_wconf 88' lang='lat' dir='ltr'>&#39;inuidiam</span> <span class='ocrx_word' id='word_1_299' title='bbox 329 2644 615 2714; x_wconf 81' lang='lat' dir='ltr'>existimationemque</span> <span class='ocrx_word' id='word_1_300' title='bbox 633 2661 711 2700; x_wconf 90' lang='lat' dir='ltr'>suam</span> <span class='ocrx_word' id='word_1_301' title='bbox 730 2646 879 2716; x_wconf 90' lang='lat' dir='ltr'>pertinere,</span> <span class='ocrx_word' id='word_1_302' title='bbox 904 2651 935 2701; x_wconf 90' lang='lat' dir='ltr'>ut</span> <span class='ocrx_word' id='word_1_303' title='bbox 958 2661 1013 2702; x_wconf 93' lang='lat' dir='ltr'>non</span> <span class='ocrx_word' id='word_1_304' title='bbox 1037 2646 1173 2702; x_wconf 89' lang='lat' dir='ltr'>immerito</span> <span class='ocrx_word' id='word_1_305' title='bbox 1197 2645 1286 2715; x_wconf 88' lang='lat' dir='ltr'>possit</span> <span class='ocrx_word' id='word_1_306' title='bbox 1310 2644 1397 2699; x_wconf 90' lang='lat' dir='ltr'>uideri</span> <span class='ocrx_word' id='word_1_307' title='bbox 1416 2649 1545 2713; x_wconf 87' lang='lat' dir='ltr'>captasse</span> <span class='ocrx_word' id='word_1_308' title='bbox 1564 2643 1621 2699; x_wconf 92' lang='lat' dir='ltr'>hoc</span> <span class='ocrx_word' id='word_1_309' title='bbox 1641 2656 1672 2698; x_wconf 83' lang='lat' dir='ltr'>ss</span> 
     </span>
     <span class='ocr_line' id='line_1_26' title="bbox 174 2733 1620 2804; baseline 0.001 -17"><span class='ocrx_word' id='word_1_310' title='bbox 174 2733 216 2787; x_wconf 90' lang='lat' dir='ltr'>‘ad</span> <span class='ocrx_word' id='word_1_311' title='bbox 235 2733 354 2803; x_wconf 86' lang='lat' dir='ltr'>aliquam</span> <span class='ocrx_word' id='word_1_312' title='bbox 372 2734 492 2788; x_wconf 89' lang='lat' dir='ltr'>mulieris</span> <span class='ocrx_word' id='word_1_313' title='bbox 510 2734 646 2789; x_wconf 89' lang='lat' dir='ltr'>iniuriam.</span> <span class='ocrx_word' id='word_1_314' title='bbox 673 2735 697 2789; x_wconf 92' lang='lat' dir='ltr'>si</span> <span class='ocrx_word' id='word_1_315' title='bbox 715 2739 808 2790; x_wconf 89' lang='lat' dir='ltr'>autem</span> <span class='ocrx_word' id='word_1_316' title='bbox 825 2736 871 2790; x_wconf 89' lang='lat' dir='ltr'>uel</span> <span class='ocrx_word' id='word_1_317' title='bbox 888 2750 984 2790; x_wconf 91' lang='lat' dir='ltr'>omnes</span> <span class='ocrx_word' id='word_1_318' title='bbox 1007 2736 1052 2791; x_wconf 91' lang='lat' dir='ltr'>uel</span> <span class='ocrx_word' id='word_1_319' title='bbox 1074 2735 1167 2804; x_wconf 89' lang='lat' dir='ltr'>piures</span> <span class='ocrx_word' id='word_1_320' title='bbox 1190 2748 1245 2790; x_wconf 93' lang='lat' dir='ltr'>non</span> <span class='ocrx_word' id='word_1_321' title='bbox 1269 2747 1331 2788; x_wconf 91' lang='lat' dir='ltr'>esse</span> <span class='ocrx_word' id='word_1_322' title='bbox 1354 2733 1495 2803; x_wconf 82' lang='lat' dir='ltr'>gratridam</span> <span class='ocrx_word' id='word_1_323' title='bbox 1514 2747 1620 2788; x_wconf 89' lang='lat' dir='ltr'>renun-</span> 
     </span>
    </p>

    <p class='ocr_par' dir='ltr' id='par_1_7' title="bbox 141 2821 1627 2982">
     <span class='ocr_line' id='line_1_27' title="bbox 141 2821 1627 2894; baseline 0.003 -21"><span class='ocrx_word' id='word_1_324' title='bbox 141 2826 154 2871; x_wconf 92' lang='grc'><strong>1</strong></span> <span class='ocrx_word' id='word_1_325' title='bbox 173 2821 322 2892; x_wconf 88' lang='lat' dir='ltr'>&#39;tiauerint‚</span> <span class='ocrx_word' id='word_1_326' title='bbox 344 2822 419 2876; x_wconf 90' lang='lat' dir='ltr'>nulla</span> <span class='ocrx_word' id='word_1_327' title='bbox 437 2837 522 2877; x_wconf 90' lang='lat' dir='ltr'>causa</span> <span class='ocrx_word' id='word_1_328' title='bbox 539 2821 711 2880; x_wconf 86' lang='lat' dir='ltr'>custodiendi</span> <span class='ocrx_word' id='word_1_329' title='bbox 734 2822 802 2878; x_wconf 91' lang='lat' dir='ltr'>erit&#39;.</span> <span class='ocrx_word' id='word_1_330' title='bbox 838 2823 882 2878; x_wconf 85' lang='lat' dir='ltr'>Ex</span> <span class='ocrx_word' id='word_1_331' title='bbox 904 2823 956 2879; x_wconf 91' lang='lat' dir='ltr'>boc</span> <span class='ocrx_word' id='word_1_332' title='bbox 978 2825 1113 2894; x_wconf 89' lang='lat' dir='ltr'>rescripto</span> <span class='ocrx_word' id='word_1_333' title='bbox 1136 2823 1341 2878; x_wconf 91' lang='lat' dir='ltr'>euidentissime</span> <span class='ocrx_word' id='word_1_334' title='bbox 1364 2825 1478 2893; x_wconf 88' lang='lat' dir='ltr'>apparet</span> <span class='ocrx_word' id='word_1_335' title='bbox 1501 2826 1627 2878; x_wconf 63' lang='lat' dir='ltr'>senatus,</span> 
     </span>
     <span class='ocr_line' id='line_1_28' title="bbox 174 2909 1620 2982; baseline 0 -16"><span class='ocrx_word' id='word_1_336' title='bbox 174 2912 300 2966; x_wconf 87' lang='lat' dir='ltr'>consulta</span> <span class='ocrx_word' id='word_1_337' title='bbox 318 2911 353 2965; x_wconf 92' lang='lat' dir='ltr'>de</span> <span class='ocrx_word' id='word_1_338' title='bbox 370 2909 464 2966; x_wconf 91' lang='lat' dir='ltr'>liberis</span> <span class='ocrx_word' id='word_1_339' title='bbox 482 2911 665 2981; x_wconf 75' lang='lat' dir='ltr'>agmaccndis</span> <span class='ocrx_word' id='word_1_340' title='bbox 683 2912 773 2968; x_wconf 89' lang='lat' dir='ltr'>locum</span> <span class='ocrx_word' id='word_1_341' title='bbox 792 2928 846 2967; x_wconf 92' lang='lat' dir='ltr'>non</span> <span class='ocrx_word' id='word_1_342' title='bbox 865 2911 1008 2982; x_wconf 85' lang='lat' dir='ltr'>habuisse,</span> <span class='ocrx_word' id='word_1_343' title='bbox 1027 2914 1051 2969; x_wconf 90' lang='lat' dir='ltr'>si</span> <span class='ocrx_word' id='word_1_344' title='bbox 1069 2913 1166 2968; x_wconf 88' lang='lat' dir='ltr'>mulier</span> <span class='ocrx_word' id='word_1_345' title='bbox 1184 2911 1370 2967; x_wconf 89' lang='lat' dir='ltr'>dissimularet</span> <span class='ocrx_word' id='word_1_346' title='bbox 1387 2926 1417 2966; x_wconf 91' lang='lat' dir='ltr'>se</span> <span class='ocrx_word' id='word_1_347' title='bbox 1434 2915 1620 2980; x_wconf 81' lang='lat' dir='ltr'>praegnatem</span> 
     </span>
    </p>

    <p class='ocr_par' dir='ltr' id='par_1_8' title="bbox 132 2999 1672 3248">
     <span class='ocr_line' id='line_1_29' title="bbox 132 2999 1621 3071; baseline -0.001 -17"><span class='ocrx_word' id='word_1_348' title='bbox 132 3060 135 3067; x_wconf 52' lang='grc'>,</span> <span class='ocrx_word' id='word_1_349' title='bbox 173 3000 319 3054; x_wconf 86' lang='lat' dir='ltr'>ueletiam</span> <span class='ocrx_word' id='word_1_350' title='bbox 337 3004 464 3068; x_wconf 84' lang='lat' dir='ltr'>negaret,</span> <span class='ocrx_word' id='word_1_351' title='bbox 488 3015 540 3054; x_wconf 90' lang='lat' dir='ltr'>nec</span> <span class='ocrx_word' id='word_1_352' title='bbox 563 3000 713 3055; x_wconf 88' lang='lat' dir='ltr'>immerito:</span> <span class='ocrx_word' id='word_1_353' title='bbox 736 3005 831 3070; x_wconf 89' lang='lat' dir='ltr'>partus</span> <span class='ocrx_word' id='word_1_354' title='bbox 856 3001 929 3056; x_wconf 88' lang='lat' dir='ltr'>enim</span> <span class='ocrx_word' id='word_1_355' title='bbox 953 3006 1100 3071; x_wconf 61' lang='lat' dir='ltr'>eumquam</span> <span class='ocrx_word' id='word_1_356' title='bbox 1124 3002 1235 3071; x_wconf 88' lang='lat' dir='ltr'>edatur,</span> <span class='ocrx_word' id='word_1_357' title='bbox 1259 3001 1379 3056; x_wconf 89' lang='lat' dir='ltr'>mulieris</span> <span class='ocrx_word' id='word_1_358' title='bbox 1402 2999 1491 3070; x_wconf 87' lang='lat' dir='ltr'>portio</span> <span class='ocrx_word' id='word_1_359' title='bbox 1509 3003 1554 3054; x_wconf 83' lang='lat' dir='ltr'>est</span> <span class='ocrx_word' id='word_1_360' title='bbox 1571 2999 1621 3054; x_wconf 89' lang='lat' dir='ltr'>uel</span> 
     </span>
     <span class='ocr_line' id='line_1_30' title="bbox 174 3088 1672 3160; baseline 0.001 -18"><span class='ocrx_word' id='word_1_361' title='bbox 174 3089 319 3143; x_wconf 87' lang='lat' dir='ltr'>uiscerum.</span> <span class='ocrx_word' id='word_1_362' title='bbox 346 3093 411 3156; x_wconf 93' lang='lat' dir='ltr'>post</span> <span class='ocrx_word' id='word_1_363' title='bbox 429 3088 532 3143; x_wconf 89' lang='lat' dir='ltr'>editum</span> <span class='ocrx_word' id='word_1_364' title='bbox 550 3089 631 3158; x_wconf 86' lang='lat' dir='ltr'>plane</span> <span class='ocrx_word' id='word_1_365' title='bbox 649 3094 758 3159; x_wconf 81' lang='lat' dir='ltr'>partum</span> <span class='ocrx_word' id='word_1_366' title='bbox 777 3105 794 3143; x_wconf 86' lang='lat' dir='ltr'>a</span> <span class='ocrx_word' id='word_1_367' title='bbox 812 3090 925 3144; x_wconf 86' lang='lat' dir='ltr'>muliere</span> <span class='ocrx_word' id='word_1_368' title='bbox 938 3089 992 3144; x_wconf 89' lang='lat' dir='ltr'>iarn</span> <span class='ocrx_word' id='word_1_369' title='bbox 1005 3095 1098 3160; x_wconf 90' lang='lat' dir='ltr'>potest</span> <span class='ocrx_word' id='word_1_370' title='bbox 1110 3092 1224 3146; x_wconf 90' lang='lat' dir='ltr'>maritus</span> <span class='ocrx_word' id='word_1_371' title='bbox 1241 3091 1299 3146; x_wconf 91' lang='lat' dir='ltr'>iure</span> <span class='ocrx_word' id='word_1_372' title='bbox 1312 3105 1363 3145; x_wconf 90' lang='lat' dir='ltr'>suo</span> <span class='ocrx_word' id='word_1_373' title='bbox 1375 3089 1460 3144; x_wconf 83' lang='lat' dir='ltr'>lilium</span> <span class='ocrx_word' id='word_1_374' title='bbox 1472 3103 1521 3158; x_wconf 90' lang='lat' dir='ltr'>por</span> <span class='ocrx_word' id='word_1_375' title='bbox 1533 3089 1620 3142; x_wconf 89' lang='lat' dir='ltr'>inter·</span> <span class='ocrx_word' id='word_1_376' title='bbox 1642 3103 1672 3144; x_wconf 76' lang='lat' dir='ltr'>so</span> 
     </span>
     <span class='ocr_line' id='line_1_31' title="bbox 174 3176 1621 3248; baseline 0.001 -17"><span class='ocrx_word' id='word_1_377' title='bbox 174 3177 277 3231; x_wconf 89' lang='lat' dir='ltr'>dictum</span> <span class='ocrx_word' id='word_1_378' title='bbox 296 3176 452 3232; x_wconf 85' lang='lat' dir='ltr'>desiderare</span> <span class='ocrx_word' id='word_1_379' title='bbox 471 3182 519 3232; x_wconf 91' lang='lat' dir='ltr'>aut</span> <span class='ocrx_word' id='word_1_380' title='bbox 537 3176 659 3232; x_wconf 84' lang='lat' dir='ltr'>exhiberi</span> <span class='ocrx_word' id='word_1_381' title='bbox 676 3178 727 3232; x_wconf 79' lang='lat' dir='ltr'>siit</span> <span class='ocrx_word' id='word_1_382' title='bbox 745 3183 794 3233; x_wconf 90' lang='lat' dir='ltr'>ant</span> <span class='ocrx_word' id='word_1_383' title='bbox 811 3178 912 3234; x_wconf 88' lang='lat' dir='ltr'>ducere</span> <span class='ocrx_word' id='word_1_384' title='bbox 930 3179 1060 3248; x_wconf 88' lang='lat' dir='ltr'>permitti.</span> <span class='ocrx_word' id='word_1_385' title='bbox 1088 3185 1166 3233; x_wconf 85' lang='lat' dir='ltr'>extra</span> <span class='ocrx_word' id='word_1_386' title='bbox 1188 3179 1311 3234; x_wconf 87' lang='lat' dir='ltr'>ordinem</span> <span class='ocrx_word' id='word_1_387' title='bbox 1335 3179 1419 3248; x_wconf 78' lang='lat' dir='ltr'>igitur</span> <span class='ocrx_word' id='word_1_388' title='bbox 1442 3178 1570 3247; x_wconf 88' lang='lat' dir='ltr'>princeps</span> <span class='ocrx_word' id='word_1_389' title='bbox 1588 3177 1621 3232; x_wconf 90' lang='lat' dir='ltr'>in</span> 
     </span>
    </p>

    <p class='ocr_par' dir='ltr' id='par_1_9' title="bbox 141 3262 1621 3426">
     <span class='ocr_line' id='line_1_32' title="bbox 141 3262 1620 3353; baseline 0.002 -35"><span class='ocrx_word' id='word_1_390' title='bbox 141 3273 259 3320; x_wconf 75' lang='lat' dir='ltr'>accusa</span> <span class='ocrx_word' id='word_1_391' title='bbox 277 3265 433 3320; x_wconf 88' lang='lat' dir='ltr'>necessaria</span> <span class='ocrx_word' id='word_1_392' title='bbox 455 3265 592 3321; x_wconf 90' lang='lat' dir='ltr'>subuenit.</span> <span class='ocrx_word' id='word_1_393' title='bbox 621 3265 777 3322; x_wconf 88' lang='lat' dir='ltr'>Secundum</span> <span class='ocrx_word' id='word_1_394' title='bbox 802 3267 876 3337; x_wconf 89' lang='lat' dir='ltr'>quod</span> <span class='ocrx_word' id='word_1_395' title='bbox 898 3267 1061 3337; x_wconf 89' lang='lat' dir='ltr'>rescriptum</span> <span class='ocrx_word' id='word_1_396' title='bbox 1085 3269 1194 3323; x_wconf 88' lang='lat' dir='ltr'>euocari</span> <span class='ocrx_word' id='word_1_397' title='bbox 1216 3269 1314 3322; x_wconf 89' lang='lat' dir='ltr'>mulier</span> <span class='ocrx_word' id='word_1_398' title='bbox 1336 3267 1371 3323; x_wconf 90' lang='lat' dir='ltr'>ad</span> <span class='ocrx_word' id='word_1_399' title='bbox 1391 3270 1545 3337; x_wconf 87' lang='lat' dir='ltr'>praetorem</span> <span class='ocrx_word' id='word_1_400' title='bbox 1565 3262 1620 3353; x_wconf 59' lang='grc' dir='ltr'>[(Ξ)</span> 
     </span>
     <span class='ocr_line' id='line_1_33' title="bbox 173 3353 1621 3426; baseline 0.003 -19"><span class='ocrx_word' id='word_1_401' title='bbox 173 3354 274 3424; x_wconf 88' lang='lat' dir='ltr'>poterit</span> <span class='ocrx_word' id='word_1_402' title='bbox 298 3358 327 3408; x_wconf 89' lang='lat' dir='ltr'>ct</span> <span class='ocrx_word' id='word_1_403' title='bbox 349 3353 422 3424; x_wconf 84' lang='lat' dir='ltr'>apud</span> <span class='ocrx_word' id='word_1_404' title='bbox 447 3369 509 3409; x_wconf 90' lang='lat' dir='ltr'>eum</span> <span class='ocrx_word' id='word_1_405' title='bbox 533 3355 708 3424; x_wconf 81' lang='lat' dir='ltr'>interrogari,</span> <span class='ocrx_word' id='word_1_406' title='bbox 731 3373 767 3410; x_wconf 91' lang='lat' dir='ltr'>an</span> <span class='ocrx_word' id='word_1_407' title='bbox 791 3371 821 3412; x_wconf 92' lang='lat' dir='ltr'>se</span> <span class='ocrx_word' id='word_1_408' title='bbox 844 3361 923 3426; x_wconf 89' lang='lat' dir='ltr'>putet</span> <span class='ocrx_word' id='word_1_409' title='bbox 944 3362 1141 3426; x_wconf 80' lang='lat' dir='ltr'>praegnatem,</span> <span class='ocrx_word' id='word_1_410' title='bbox 1164 3356 1343 3426; x_wconf 84' lang='lat' dir='ltr'>eogendaque</span> <span class='ocrx_word' id='word_1_411' title='bbox 1366 3357 1418 3411; x_wconf 86' lang='lat' dir='ltr'>erit</span> <span class='ocrx_word' id='word_1_412' title='bbox 1439 3356 1621 3426; x_wconf 89' lang='lat' dir='ltr'>respondere.</span> 
     </span>
    </p>

    <p class='ocr_par' dir='ltr' id='par_1_10' title="bbox 142 3442 1674 3782">
     <span class='ocr_line' id='line_1_34' title="bbox 142 3442 1621 3516; baseline 0.004 -21"><span class='ocrx_word' id='word_1_413' title='bbox 142 3450 156 3494; x_wconf 85' lang='lat' dir='ltr'>s</span> <span class='ocrx_word' id='word_1_414' title='bbox 175 3442 244 3508; x_wconf 86' lang='lat' dir='ltr'>Quid</span> <span class='ocrx_word' id='word_1_415' title='bbox 264 3457 344 3512; x_wconf 80' lang='lat' dir='ltr'>ergo,</span> <span class='ocrx_word' id='word_1_416' title='bbox 367 3443 391 3497; x_wconf 92' lang='lat' dir='ltr'>si</span> <span class='ocrx_word' id='word_1_417' title='bbox 414 3459 470 3498; x_wconf 92' lang='lat' dir='ltr'>non</span> <span class='ocrx_word' id='word_1_418' title='bbox 488 3443 660 3513; x_wconf 88' lang='lat' dir='ltr'>responderit</span> <span class='ocrx_word' id='word_1_419' title='bbox 683 3448 809 3500; x_wconf 89' lang='lat' dir='ltr'>autnon</span> <span class='ocrx_word' id='word_1_420' title='bbox 832 3445 926 3500; x_wconf 86' lang='lat' dir='ltr'>ueniat</span> <span class='ocrx_word' id='word_1_421' title='bbox 949 3445 985 3500; x_wconf 88' lang='lat' dir='ltr'>ad</span> <span class='ocrx_word' id='word_1_422' title='bbox 1008 3444 1182 3516; x_wconf 82' lang='lat' dir='ltr'>praetorem?</span> <span class='ocrx_word' id='word_1_423' title='bbox 1205 3445 1338 3514; x_wconf 86' lang='lat' dir='ltr'>numquid</span> <span class='ocrx_word' id='word_1_424' title='bbox 1361 3447 1621 3502; x_wconf 85' lang='lat' dir='ltr'>senatusconsulti</span> 
     </span>
     <span class='ocr_line' id='line_1_35' title="bbox 174 3531 1674 3603; baseline 0.002 -17"><span class='ocrx_word' id='word_1_425' title='bbox 174 3545 291 3600; x_wconf 90' lang='lat' dir='ltr'>poenam</span> <span class='ocrx_word' id='word_1_426' title='bbox 309 3531 483 3602; x_wconf 88' lang='lat' dir='ltr'>adhibemus,</span> <span class='ocrx_word' id='word_1_427' title='bbox 508 3533 612 3588; x_wconf 89' lang='lat' dir='ltr'>scilicet</span> <span class='ocrx_word' id='word_1_428' title='bbox 634 3537 665 3588; x_wconf 88' lang='lat' dir='ltr'>ut</span> <span class='ocrx_word' id='word_1_429' title='bbox 687 3534 770 3589; x_wconf 92' lang='lat' dir='ltr'>liceat</span> <span class='ocrx_word' id='word_1_430' title='bbox 790 3535 888 3589; x_wconf 85' lang='lat' dir='ltr'>marito</span> <span class='ocrx_word' id='word_1_431' title='bbox 913 3547 968 3589; x_wconf 90' lang='lat' dir='ltr'>non</span> <span class='ocrx_word' id='word_1_432' title='bbox 992 3533 1161 3603; x_wconf 77' lang='lat' dir='ltr'>agnoscere?</span> <span class='ocrx_word' id='word_1_433' title='bbox 1188 3532 1238 3588; x_wconf 93' lang='lat' dir='ltr'>sed</span> <span class='ocrx_word' id='word_1_434' title='bbox 1255 3531 1329 3603; x_wconf 82' lang='lat' dir='ltr'>finge</span> <span class='ocrx_word' id='word_1_435' title='bbox 1347 3549 1402 3589; x_wconf 90' lang='lat' dir='ltr'>nou</span> <span class='ocrx_word' id='word_1_436' title='bbox 1420 3546 1481 3588; x_wconf 89' lang='lat' dir='ltr'>esse</span> <span class='ocrx_word' id='word_1_437' title='bbox 1499 3546 1533 3586; x_wconf 93' lang='lat' dir='ltr'>eo</span> <span class='ocrx_word' id='word_1_438' title='bbox 1552 3547 1621 3588; x_wconf 89' lang='lat' dir='ltr'>con-</span> <span class='ocrx_word' id='word_1_439' title='bbox 1642 3550 1674 3590; x_wconf 85' lang='lat' dir='ltr'>ss</span> 
     </span>
     <span class='ocr_line' id='line_1_36' title="bbox 174 3620 1623 3694; baseline 0.001 -20"><span class='ocrx_word' id='word_1_440' title='bbox 174 3623 282 3674; x_wconf 84' lang='lat' dir='ltr'>tentum</span> <span class='ocrx_word' id='word_1_441' title='bbox 301 3621 443 3690; x_wconf 88' lang='lat' dir='ltr'>maritum,</span> <span class='ocrx_word' id='word_1_442' title='bbox 465 3621 511 3690; x_wconf 88' lang='lat' dir='ltr'>qui</span> <span class='ocrx_word' id='word_1_443' title='bbox 530 3635 560 3676; x_wconf 90' lang='lat' dir='ltr'>se</span> <span class='ocrx_word' id='word_1_444' title='bbox 578 3627 684 3692; x_wconf 90' lang='lat' dir='ltr'>patrem</span> <span class='ocrx_word' id='word_1_445' title='bbox 702 3623 795 3692; x_wconf 89' lang='lat' dir='ltr'>potius</span> <span class='ocrx_word' id='word_1_446' title='bbox 813 3629 892 3694; x_wconf 86' lang='lat' dir='ltr'>optet</span> <span class='ocrx_word' id='word_1_447' title='bbox 909 3625 1010 3693; x_wconf 74' lang='lat' dir='ltr'>quaml</span> <span class='ocrx_word' id='word_1_448' title='bbox 1030 3637 1122 3677; x_wconf 88' lang='lat' dir='ltr'>carere</span> <span class='ocrx_word' id='word_1_449' title='bbox 1140 3620 1196 3692; x_wconf 90' lang='lat' dir='ltr'>lilio</span> <span class='ocrx_word' id='word_1_450' title='bbox 1213 3623 1288 3677; x_wconf 83' lang='lat' dir='ltr'>uelit.</span> <span class='ocrx_word' id='word_1_451' title='bbox 1317 3621 1442 3692; x_wconf 84' lang='lat' dir='ltr'>cogenda</span> <span class='ocrx_word' id='word_1_452' title='bbox 1461 3621 1547 3690; x_wconf 77' lang='lat' dir='ltr'>igitur</span> <span class='ocrx_word' id='word_1_453' title='bbox 1565 3623 1623 3677; x_wconf 87' lang='lat' dir='ltr'>erit</span> 
     </span>
     <span class='ocr_line' id='line_1_37' title="bbox 175 3709 1623 3782; baseline 0.003 -20"><span class='ocrx_word' id='word_1_454' title='bbox 175 3709 303 3764; x_wconf 89' lang='lat' dir='ltr'>remediis</span> <span class='ocrx_word' id='word_1_455' title='bbox 321 3710 454 3778; x_wconf 89' lang='lat' dir='ltr'>praetoris</span> <span class='ocrx_word' id='word_1_456' title='bbox 478 3715 507 3764; x_wconf 91' lang='lat' dir='ltr'>et</span> <span class='ocrx_word' id='word_1_457' title='bbox 524 3710 552 3764; x_wconf 89' lang='lat' dir='ltr'>in</span> <span class='ocrx_word' id='word_1_458' title='bbox 570 3710 613 3765; x_wconf 87' lang='lat' dir='ltr'>ius</span> <span class='ocrx_word' id='word_1_459' title='bbox 631 3712 725 3766; x_wconf 89' lang='lat' dir='ltr'>uenire</span> <span class='ocrx_word' id='word_1_460' title='bbox 743 3717 785 3782; x_wconf 89' lang='lat' dir='ltr'>et,</span> <span class='ocrx_word' id='word_1_461' title='bbox 810 3712 935 3780; x_wconf 84' lang='lat' dir='ltr'>eluerit,</span> <span class='ocrx_word' id='word_1_462' title='bbox 954 3711 1132 3782; x_wconf 88' lang='lat' dir='ltr'>respondere:</span> <span class='ocrx_word' id='word_1_463' title='bbox 1155 3712 1325 3781; x_wconf 81' lang='lat' dir='ltr'>pignoreque</span> <span class='ocrx_word' id='word_1_464' title='bbox 1348 3711 1407 3765; x_wconf 90' lang='lat' dir='ltr'>eius</span> <span class='ocrx_word' id='word_1_465' title='bbox 1429 3709 1566 3779; x_wconf 87' lang='lat' dir='ltr'>capienda</span> <span class='ocrx_word' id='word_1_466' title='bbox 1589 3717 1623 3766; x_wconf 90' lang='lat' dir='ltr'>et</span> 
     </span>
    </p>

    <p class='ocr_par' dir='ltr' id='par_1_11' title="bbox 142 3795 1622 3958">
     <span class='ocr_line' id='line_1_38' title="bbox 142 3795 1622 3870; baseline 0.003 -20"><span class='ocrx_word' id='word_1_467' title='bbox 142 3795 363 3867; x_wconf 74' lang='lat' dir='ltr'>sdistrahenda‚</span> <span class='ocrx_word' id='word_1_468' title='bbox 386 3797 410 3851; x_wconf 94' lang='lat' dir='ltr'>si</span> <span class='ocrx_word' id='word_1_469' title='bbox 434 3802 603 3868; x_wconf 88' lang='lat' dir='ltr'>contemnat,</span> <span class='ocrx_word' id='word_1_470' title='bbox 627 3799 672 3854; x_wconf 90' lang='lat' dir='ltr'>uel</span> <span class='ocrx_word' id='word_1_471' title='bbox 695 3801 788 3855; x_wconf 92' lang='lat' dir='ltr'>multis</span> <span class='ocrx_word' id='word_1_472' title='bbox 812 3800 972 3855; x_wconf 88' lang='lat' dir='ltr'>coercenda.</span> <span class='ocrx_word' id='word_1_473' title='bbox 1010 3799 1081 3866; x_wconf 84' lang='lat' dir='ltr'>Quid</span> <span class='ocrx_word' id='word_1_474' title='bbox 1109 3815 1190 3870; x_wconf 86' lang='lat' dir='ltr'>ergo,</span> <span class='ocrx_word' id='word_1_475' title='bbox 1217 3801 1242 3855; x_wconf 88' lang='lat' dir='ltr'>si</span> <span class='ocrx_word' id='word_1_476' title='bbox 1268 3801 1436 3869; x_wconf 78' lang='lat' dir='ltr'>interrogate</span> <span class='ocrx_word' id='word_1_477' title='bbox 1462 3797 1564 3852; x_wconf 86' lang='lat' dir='ltr'>dixerit</span> <span class='ocrx_word' id='word_1_478' title='bbox 1587 3814 1622 3855; x_wconf 89' lang='lat' dir='ltr'>se</span> 
     </span>
     <span class='ocr_line' id='line_1_39' title="bbox 175 3886 1622 3958; baseline 0.003 -18"><span class='ocrx_word' id='word_1_479' title='bbox 175 3887 373 3956; x_wconf 80' lang='lat' dir='ltr'>praegnatem?</span> <span class='ocrx_word' id='word_1_480' title='bbox 398 3886 466 3942; x_wconf 92' lang='lat' dir='ltr'>ordo</span> <span class='ocrx_word' id='word_1_481' title='bbox 484 3890 597 3941; x_wconf 88' lang='lat' dir='ltr'>senatus</span> <span class='ocrx_word' id='word_1_482' title='bbox 615 3889 746 3944; x_wconf 89' lang='lat' dir='ltr'>consultis</span> <span class='ocrx_word' id='word_1_483' title='bbox 765 3889 907 3957; x_wconf 86' lang='lat' dir='ltr'>expositus</span> <span class='ocrx_word' id='word_1_484' title='bbox 926 3893 1064 3958; x_wconf 88' lang='lat' dir='ltr'>sequetur.</span> <span class='ocrx_word' id='word_1_485' title='bbox 1094 3888 1168 3958; x_wconf 92' lang='lat' dir='ltr'>quod</span> <span class='ocrx_word' id='word_1_486' title='bbox 1181 3889 1205 3944; x_wconf 82' lang='lat' dir='ltr'>ei</span> <span class='ocrx_word' id='word_1_487' title='bbox 1216 3887 1367 3958; x_wconf 66' lang='lat' dir='ltr'>negauerit,</span> <span class='ocrx_word' id='word_1_488' title='bbox 1385 3894 1450 3942; x_wconf 90' lang='lat' dir='ltr'>tunc</span> <span class='ocrx_word' id='word_1_489' title='bbox 1462 3886 1622 3944; x_wconf 86' lang='lat' dir='ltr'>secundum</span> 
     </span>
    </p>

    <p class='ocr_par' dir='ltr' id='par_1_12' title="bbox 143 3974 1675 4046">
     <span class='ocr_line' id='line_1_40' title="bbox 143 3974 1675 4046; baseline 0.003 -18"><span class='ocrx_word' id='word_1_490' title='bbox 143 3981 157 4028; x_wconf 82' lang='lat' dir='ltr'>o</span> <span class='ocrx_word' id='word_1_491' title='bbox 176 3975 228 4031; x_wconf 89' lang='lat' dir='ltr'>boc</span> <span class='ocrx_word' id='word_1_492' title='bbox 245 3975 407 4044; x_wconf 87' lang='lat' dir='ltr'>rescriptum</span> <span class='ocrx_word' id='word_1_493' title='bbox 425 3981 535 4045; x_wconf 90' lang='lat' dir='ltr'>praetor</span> <span class='ocrx_word' id='word_1_494' title='bbox 552 3974 664 4031; x_wconf 90' lang='lat' dir='ltr'>debebit</span> <span class='ocrx_word' id='word_1_495' title='bbox 681 3976 843 4033; x_wconf 85' lang='lat' dir='ltr'>obstetrices</span> <span class='ocrx_word' id='word_1_496' title='bbox 862 3976 1000 4032; x_wconf 85' lang='lat' dir='ltr'>adbibere.</span> <span class='ocrx_word' id='word_1_497' title='bbox 1037 3977 1075 4031; x_wconf 85' lang='lat' dir='ltr'>Et</span> <span class='ocrx_word' id='word_1_498' title='bbox 1092 3977 1256 4046; x_wconf 87' lang='lat' dir='ltr'>notandum,</span> <span class='ocrx_word' id='word_1_499' title='bbox 1281 3977 1355 4046; x_wconf 86' lang='lat' dir='ltr'>quod</span> <span class='ocrx_word' id='word_1_500' title='bbox 1377 3991 1432 4032; x_wconf 90' lang='lat' dir='ltr'>non</span> <span class='ocrx_word' id='word_1_501' title='bbox 1449 3975 1623 4044; x_wconf 83' lang='lat' dir='ltr'>permittitur</span> <span class='ocrx_word' id='word_1_502' title='bbox 1643 3992 1675 4033; x_wconf 80' lang='lat' dir='ltr'>ao</span> 
     </span>
    </p>

    <p class='ocr_par' dir='ltr' id='par_1_13' title="bbox 143 4062 1621 4226">
     <span class='ocr_line' id='line_1_41' title="bbox 143 4062 1621 4136; baseline 0.003 -19"><span class='ocrx_word' id='word_1_503' title='bbox 143 4065 274 4120; x_wconf 76' lang='lat' dir='ltr'>emerite</span> <span class='ocrx_word' id='word_1_504' title='bbox 297 4064 343 4118; x_wconf 92' lang='lat' dir='ltr'>uel</span> <span class='ocrx_word' id='word_1_505' title='bbox 365 4064 472 4118; x_wconf 87' lang='lat' dir='ltr'>mulieri</span> <span class='ocrx_word' id='word_1_506' title='bbox 495 4062 671 4120; x_wconf 88' lang='lat' dir='ltr'>obstetricem</span> <span class='ocrx_word' id='word_1_507' title='bbox 696 4065 838 4136; x_wconf 90' lang='lat' dir='ltr'>adhibere,</span> <span class='ocrx_word' id='word_1_508' title='bbox 862 4065 912 4121; x_wconf 89' lang='lat' dir='ltr'>sed</span> <span class='ocrx_word' id='word_1_509' title='bbox 935 4080 1031 4121; x_wconf 91' lang='lat' dir='ltr'>omnes</span> <span class='ocrx_word' id='word_1_510' title='bbox 1055 4082 1072 4120; x_wconf 89' lang='lat' dir='ltr'>a</span> <span class='ocrx_word' id='word_1_511' title='bbox 1095 4070 1221 4136; x_wconf 87' lang='lat' dir='ltr'>praetore</span> <span class='ocrx_word' id='word_1_512' title='bbox 1246 4064 1418 4132; x_wconf 87' lang='lat' dir='ltr'>adhibendae</span> <span class='ocrx_word' id='word_1_513' title='bbox 1435 4069 1508 4120; x_wconf 82' lang='lat' dir='ltr'>sunt</span> <span class='ocrx_word' id='word_1_514' title='bbox 1546 4065 1621 4121; x_wconf 86' lang='lat' dir='ltr'>item</span> 
     </span>
     <span class='ocr_line' id='line_1_42' title="bbox 175 4151 1621 4226; baseline 0.002 -20"><span class='ocrx_word' id='word_1_515' title='bbox 175 4157 285 4222; x_wconf 87' lang='lat' dir='ltr'>praetor</span> <span class='ocrx_word' id='word_1_516' title='bbox 302 4152 414 4208; x_wconf 92' lang='lat' dir='ltr'>domum</span> <span class='ocrx_word' id='word_1_517' title='bbox 433 4151 564 4208; x_wconf 83' lang='lat' dir='ltr'>honestae</span> <span class='ocrx_word' id='word_1_518' title='bbox 581 4159 722 4210; x_wconf 72' lang='lat' dir='ltr'>mamonae</span> <span class='ocrx_word' id='word_1_519' title='bbox 740 4155 842 4226; x_wconf 82' lang='lat' dir='ltr'>eligere</span> <span class='ocrx_word' id='word_1_520' title='bbox 859 4154 956 4224; x_wconf 88' lang='lat' dir='ltr'>debet,</span> <span class='ocrx_word' id='word_1_521' title='bbox 974 4154 1003 4210; x_wconf 94' lang='lat' dir='ltr'>in</span> <span class='ocrx_word' id='word_1_522' title='bbox 1021 4155 1093 4224; x_wconf 87' lang='lat' dir='ltr'>qua⁴</span> <span class='ocrx_word' id='word_1_523' title='bbox 1111 4155 1207 4210; x_wconf 89' lang='lat' dir='ltr'>mulier</span> <span class='ocrx_word' id='word_1_524' title='bbox 1223 4155 1330 4224; x_wconf 87' lang='lat' dir='ltr'>ueniat,</span> <span class='ocrx_word' id='word_1_525' title='bbox 1353 4159 1385 4209; x_wconf 90' lang='lat' dir='ltr'>ut</span> <span class='ocrx_word' id='word_1_526' title='bbox 1402 4153 1490 4223; x_wconf 89' lang='lat' dir='ltr'>possit</span> <span class='ocrx_word' id='word_1_527' title='bbox 1507 4152 1621 4224; x_wconf 90' lang='lat' dir='ltr'>inspici.</span> 
     </span>
    </p>
   </div>
   <div class='ocr_carea' id='block_1_5' title="bbox 174 4267 324 4336">
    <p class='ocr_par' dir='ltr' id='par_1_14' title="bbox 174 4267 324 4336">
     <span class='ocr_line' id='line_1_43' title="bbox 174 4267 324 4336; baseline 0 -13"><span class='ocrx_word' id='word_1_528' title='bbox 174 4267 324 4336; x_wconf 69' lang='lat' dir='ltr'>rmum)</span> 
     </span>
    </p>
   </div>
   <div class='ocr_carea' id='block_1_6' title="bbox 177 4425 1623 4502">
    <p class='ocr_par' dir='ltr' id='par_1_15' title="bbox 177 4425 1623 4502">
     <span class='ocr_line' id='line_1_44' title="bbox 177 4425 1623 4502; baseline 0.003 -22"><span class='ocrx_word' id='word_1_529' title='bbox 177 4425 331 4496; x_wconf 74' lang='lat' dir='ltr'>1generari</span> <span class='ocrx_word' id='word_1_530' title='bbox 348 4427 447 4493; x_wconf 65' lang='lat' dir='ltr'>(aridii</span> <span class='ocrx_word' id='word_1_531' title='bbox 495 4428 614 4484; x_wconf 74' lang='lat' dir='ltr'>’seina</span> <span class='ocrx_word' id='word_1_532' title='bbox 662 4429 945 4499; x_wconf 80' lang='lat' dir='ltr'>⁸tricesimo(Hal.)‘i</span> <span class='ocrx_word' id='word_1_533' title='bbox 998 4430 1221 4502; x_wconf 80' lang='lat' dir='ltr'>⁴quam(sdd.)i</span> <span class='ocrx_word' id='word_1_534' title='bbox 1269 4427 1623 4500; x_wconf 76' lang='lat' dir='ltr'>‘optctetnequaquami</span> 
     </span>
    </p>
   </div>
   <div class='ocr_carea' id='block_1_7' title="bbox 175 4593 1623 5022">
    <p class='ocr_par' dir='ltr' id='par_1_16' title="bbox 175 4593 1623 5022">
     <span class='ocr_line' id='line_1_45' title="bbox 175 4593 1621 4668; baseline 0 -18"><span class='ocrx_word' id='word_1_535' title='bbox 175 4593 486 4651; x_wconf 72' lang='lat' dir='ltr'>icoutraetum&#39;ess&#39;eo</span> <span class='ocrx_word' id='word_1_536' title='bbox 504 4597 541 4650; x_wconf 69' lang='lat' dir='ltr'>F*</span> <span class='ocrx_word' id='word_1_537' title='bbox 556 4597 561 4664; x_wconf 94' lang='grc' dir='ltr'>Ι</span> <span class='ocrx_word' id='word_1_538' title='bbox 577 4603 666 4667; x_wconf 60' lang='lat' dir='ltr'>quta⁴e</span> <span class='ocrx_word' id='word_1_539' title='bbox 684 4599 723 4651; x_wconf 60' lang='grc' dir='ltr'>Ρ)</span> <span class='ocrx_word' id='word_1_540' title='bbox 770 4599 867 4653; x_wconf 69' lang='lat' dir='ltr'>team</span> <span class='ocrx_word' id='word_1_541' title='bbox 920 4597 992 4654; x_wconf 74' lang='lat' dir='ltr'>lius</span> <span class='ocrx_word' id='word_1_542' title='bbox 1011 4598 1048 4651; x_wconf 66' lang='grc' dir='ltr'>Γ*</span> <span class='ocrx_word' id='word_1_543' title='bbox 1101 4599 1138 4654; x_wconf 79' lang='lat'>20</span> <span class='ocrx_word' id='word_1_544' title='bbox 1155 4599 1178 4652; x_wconf 92' lang='lat' dir='ltr'>si</span> <span class='ocrx_word' id='word_1_545' title='bbox 1196 4597 1309 4668; x_wconf 90' lang='lat' dir='ltr'>perstat]</span> <span class='ocrx_word' id='word_1_546' title='bbox 1330 4595 1375 4660; x_wconf 66' lang='lat' dir='ltr'>W,</span> <span class='ocrx_word' id='word_1_547' title='bbox 1396 4611 1427 4651; x_wconf 90' lang='lat' dir='ltr'>se</span> <span class='ocrx_word' id='word_1_548' title='bbox 1444 4599 1552 4667; x_wconf 88' lang='lat' dir='ltr'>perstat</span> <span class='ocrx_word' id='word_1_549' title='bbox 1571 4597 1621 4664; x_wconf 73' lang='lat' dir='ltr'>F’,</span> 
     </span>
     <span class='ocr_line' id='line_1_46' title="bbox 176 4667 1623 4793; baseline 0.002 -73"><span class='ocrx_word' id='word_1_550' title='bbox 176 4667 215 4721; x_wconf 79' lang='lat' dir='ltr'>bis</span> <span class='ocrx_word' id='word_1_551' title='bbox 233 4669 269 4720; x_wconf 82' lang='lat' dir='ltr'>F·</span> <span class='ocrx_word' id='word_1_552' title='bbox 285 4669 289 4735; x_wconf 91' lang='grc' dir='ltr'>Ι</span> <span class='ocrx_word' id='word_1_553' title='bbox 305 4668 423 4737; x_wconf 89' lang='lat' dir='ltr'>seruam]</span> <span class='ocrx_word' id='word_1_554' title='bbox 441 4669 604 4724; x_wconf 85' lang='lat' dir='ltr'>seruandam</span> <span class='ocrx_word' id='word_1_555' title='bbox 617 4670 653 4722; x_wconf 65' lang='lat' dir='ltr'>Fi</span> <span class='ocrx_word' id='word_1_556' title='bbox 670 4669 675 4737; x_wconf 87' lang='grc' dir='ltr'>Ι</span> <span class='ocrx_word' id='word_1_557' title='bbox 690 4669 866 4739; x_wconf 66' lang='grc' dir='ltr'>ιιιιιὶιίιΡΙ</span> <span class='ocrx_word' id='word_1_558' title='bbox 921 4685 952 4724; x_wconf 91' lang='lat' dir='ltr'>se</span> <span class='ocrx_word' id='word_1_559' title='bbox 983 4671 1174 4724; x_wconf 60' lang='lat' dir='ltr'>raestatrrsr</span> <span class='ocrx_word' id='word_1_560' title='bbox 1192 4673 1324 4740; x_wconf 76' lang='lat' dir='ltr'>(inmarp.</span> <span class='ocrx_word' id='word_1_561' title='bbox 1337 4667 1427 4793; x_wconf 69' lang='lat' dir='ltr'>Plisis)</span> <span class='ocrx_word' id='word_1_562' title='bbox 1446 4667 1468 4722; x_wconf 95' lang='lat' dir='ltr'>si</span> <span class='ocrx_word' id='word_1_563' title='bbox 1486 4673 1623 4736; x_wconf 83' lang='lat' dir='ltr'>persecat</span> 
     </span>
     <span class='ocr_line' id='line_1_47' title="bbox 175 4737 1622 4810; baseline 0.001 -19"><span class='ocrx_word' id='word_1_564' title='bbox 175 4738 333 4806; x_wconf 60' lang='lat' dir='ltr'>respondit</span> <span class='ocrx_word' id='word_1_565' title='bbox 347 4739 385 4791; x_wconf 77' lang='lat' dir='ltr'>F’</span> <span class='ocrx_word' id='word_1_566' title='bbox 430 4740 560 4810; x_wconf 80' lang='lat' dir='ltr'>Segens]</span> <span class='ocrx_word' id='word_1_567' title='bbox 580 4754 665 4810; x_wconf 81' lang='lat' dir='ltr'>egnes</span> <span class='ocrx_word' id='word_1_568' title='bbox 684 4741 720 4794; x_wconf 78' lang='lat' dir='ltr'>F·</span> <span class='ocrx_word' id='word_1_569' title='bbox 764 4740 867 4796; x_wconf 80' lang='lat' dir='ltr'>ultro</span> <span class='ocrx_word' id='word_1_570' title='bbox 921 4739 969 4810; x_wconf 78' lang='lat' dir='ltr'>[ric</span> <span class='ocrx_word' id='word_1_571' title='bbox 985 4744 1009 4809; x_wconf 75' lang='lat' dir='ltr'>i,</span> <span class='ocrx_word' id='word_1_572' title='bbox 1039 4741 1064 4796; x_wconf 93' lang='lat' dir='ltr'>si</span> <span class='ocrx_word' id='word_1_573' title='bbox 1085 4745 1244 4810; x_wconf 88' lang='lat' dir='ltr'>perseuerat</span> <span class='ocrx_word' id='word_1_574' title='bbox 1267 4739 1333 4804; x_wconf 77' lang='lat'>1⁸0,</span> <span class='ocrx_word' id='word_1_575' title='bbox 1360 4740 1384 4794; x_wconf 91' lang='lat' dir='ltr'>si</span> <span class='ocrx_word' id='word_1_576' title='bbox 1421 4737 1482 4802; x_wconf 72' lang='lat' dir='ltr'>·D⁸‚</span> <span class='ocrx_word' id='word_1_577' title='bbox 1506 4756 1557 4792; x_wconf 85' lang='lat' dir='ltr'>om.</span> <span class='ocrx_word' id='word_1_578' title='bbox 1576 4739 1622 4792; x_wconf 88' lang='lat' dir='ltr'>D·</span> 
     </span>
     <span class='ocr_line' id='line_1_48' title="bbox 176 4807 1621 4882; baseline 0.001 -20"><span class='ocrx_word' id='word_1_579' title='bbox 176 4807 263 4864; x_wconf 87' lang='lat' dir='ltr'>&#39;sibro&#39;</span> <span class='ocrx_word' id='word_1_580' title='bbox 273 4809 343 4878; x_wconf 80' lang='lat' dir='ltr'>sing.</span> <span class='ocrx_word' id='word_1_581' title='bbox 364 4810 399 4862; x_wconf 63' lang='lat' dir='ltr'>F*</span> <span class='ocrx_word' id='word_1_582' title='bbox 454 4813 488 4864; x_wconf 91' lang='lat'>10</span> <span class='ocrx_word' id='word_1_583' title='bbox 506 4811 608 4866; x_wconf 90' lang='lat' dir='ltr'>nullam</span> <span class='ocrx_word' id='word_1_584' title='bbox 627 4811 662 4864; x_wconf 81' lang='lat' dir='ltr'>F¹</span> <span class='ocrx_word' id='word_1_585' title='bbox 679 4813 684 4877; x_wconf 94' lang='grc' dir='ltr'>Ι</span> <span class='ocrx_word' id='word_1_586' title='bbox 700 4815 815 4882; x_wconf 88' lang='lat' dir='ltr'>patrono</span> <span class='ocrx_word' id='word_1_587' title='bbox 831 4811 866 4864; x_wconf 60' lang='lat' dir='ltr'>il</span> <span class='ocrx_word' id='word_1_588' title='bbox 921 4811 957 4866; x_wconf 75' lang='lat' dir='ltr'>at</span> <span class='ocrx_word' id='word_1_589' title='bbox 975 4811 1027 4866; x_wconf 92' lang='lat' dir='ltr'>boc</span> <span class='ocrx_word' id='word_1_590' title='bbox 1045 4811 1365 4880; x_wconf 63' lang='lat' dir='ltr'>desili‘desi&#39;dercsseti&#39;</span> <span class='ocrx_word' id='word_1_591' title='bbox 1412 4809 1568 4878; x_wconf 70' lang='lat' dir='ltr'>25possit</span> <span class='ocrx_word' id='word_1_592' title='bbox 1580 4810 1621 4863; x_wconf 67' lang='lat' dir='ltr'>F*</span> 
     </span>
     <span class='ocr_line' id='line_1_49' title="bbox 176 4877 1621 4966; baseline 0.002 -33"><span class='ocrx_word' id='word_1_593' title='bbox 176 4880 208 4933; x_wconf 94' lang='grc'>11</span> <span class='ocrx_word' id='word_1_594' title='bbox 228 4879 405 4948; x_wconf 87' lang='lat' dir='ltr'>probaberint</span> <span class='ocrx_word' id='word_1_595' title='bbox 422 4882 457 4934; x_wconf 54' lang='grc' dir='ltr'>ΕΙ</span> <span class='ocrx_word' id='word_1_596' title='bbox 481 4885 485 4949; x_wconf 90' lang='grc' dir='ltr'>Ι</span> <span class='ocrx_word' id='word_1_597' title='bbox 507 4881 641 4951; x_wconf 89' lang='lat' dir='ltr'>adiuuari]</span> <span class='ocrx_word' id='word_1_598' title='bbox 660 4883 705 4948; x_wconf 75' lang='lat' dir='ltr'>F&#39;,</span> <span class='ocrx_word' id='word_1_599' title='bbox 731 4881 869 4937; x_wconf 88' lang='lat' dir='ltr'>arbiubari</span> <span class='ocrx_word' id='word_1_600' title='bbox 921 4884 956 4937; x_wconf 85' lang='lat'>31</span> <span class='ocrx_word' id='word_1_601' title='bbox 976 4882 1037 4951; x_wconf 92' lang='lat' dir='ltr'>sibi]</span> <span class='ocrx_word' id='word_1_602' title='bbox 1051 4883 1114 4938; x_wconf 85' lang='lat' dir='ltr'>siF</span> <span class='ocrx_word' id='word_1_603' title='bbox 1152 4883 1187 4937; x_wconf 88' lang='lat'>33</span> <span class='ocrx_word' id='word_1_604' title='bbox 1199 4881 1371 4950; x_wconf 89' lang='lat' dir='ltr'>responderit</span> <span class='ocrx_word' id='word_1_605' title='bbox 1383 4881 1419 4934; x_wconf 85' lang='lat' dir='ltr'>F¹</span> <span class='ocrx_word' id='word_1_606' title='bbox 1464 4877 1621 4966; x_wconf 60' lang='lat' dir='ltr'>35finge‘r&#39;</span> 
     </span>
     <span class='ocr_line' id='line_1_50' title="bbox 175 4949 1621 5022; baseline 0.001 -19"><span class='ocrx_word' id='word_1_607' title='bbox 175 4950 352 5014; x_wconf 52' lang='lat' dir='ltr'>&amp;adiubari</span> <span class='ocrx_word' id='word_1_608' title='bbox 361 4951 399 5004; x_wconf 60' lang='lat' dir='ltr'>Fi</span> <span class='ocrx_word' id='word_1_609' title='bbox 435 4952 469 5006; x_wconf 85' lang='lat'>14</span> <span class='ocrx_word' id='word_1_610' title='bbox 477 4955 582 5022; x_wconf 87' lang='lat' dir='ltr'>uentre]</span> <span class='ocrx_word' id='word_1_611' title='bbox 591 4953 682 5009; x_wconf 89' lang='lat' dir='ltr'>uende</span> <span class='ocrx_word' id='word_1_612' title='bbox 692 4954 728 5006; x_wconf 84' lang='lat' dir='ltr'>F¹</span> <span class='ocrx_word' id='word_1_613' title='bbox 760 4954 868 5009; x_wconf 87' lang='lat' dir='ltr'>iiruti·</span> <span class='ocrx_word' id='word_1_614' title='bbox 922 4952 1023 5009; x_wconf 75' lang='lat' dir='ltr'>nan‘</span> <span class='ocrx_word' id='word_1_615' title='bbox 1058 4953 1310 5009; x_wconf 78' lang='lat' dir='ltr'>38contemnetF’</span> <span class='ocrx_word' id='word_1_616' title='bbox 1348 4949 1561 5021; x_wconf 71' lang='lat' dir='ltr'>dipractor&#39;em</span> <span class='ocrx_word' id='word_1_617' title='bbox 1579 4951 1621 5005; x_wconf 60' lang='grc' dir='ltr'>Εὖ</span> 
     </span>
    </p>
   </div>
   <div class='ocr_carea' id='block_1_8' title="bbox 0 0 1860 5364">
    <p class='ocr_par' dir='ltr' id='par_1_17' title="bbox 0 0 1860 5364">
     <span class='ocr_line' id='line_1_51' title="bbox 0 0 1860 5364; baseline 0 0"><span class='ocrx_word' id='word_1_618' title='bbox 0 0 1860 5364; x_wconf 95' lang='lat' dir='ltr'> </span> 
     </span>
    </p>
   </div>
  </div>
 </body>
</html>
