<?xml version="1.0" encoding="UTF-8"?>
<!DOCTYPE html PUBLIC "-//W3C//DTD XHTML 1.0 Transitional//EN"
    "http://www.w3.org/TR/xhtml1/DTD/xhtml1-transitional.dtd">
<html xmlns="http://www.w3.org/1999/xhtml" xml:lang="en" lang="en">
 <head>
  <title>
</title>
<meta http-equiv="Content-Type" content="text/html;charset=utf-8" />
  <meta name='ocr-system' content='tesseract 3.04.00' />
  <meta name='ocr-capabilities' content='ocr_page ocr_carea ocr_par ocr_line ocrx_word'/>
</head>
<body>
  <div class='ocr_page' id='page_1' title='image "./digestaiustinia01kruegoog/digestaiustinia01kruegoog_0395.png"; bbox 0 0 3584 5356; ppageno 0'>
   <div class='ocr_carea' id='block_1_1' title="bbox 255 177 1742 278">
    <p class='ocr_par' dir='ltr' id='par_1_1' title="bbox 255 177 1742 278">
     <span class='ocr_line' id='line_1_1' title="bbox 255 177 1742 278; baseline -0.001 -25"><span class='ocrx_word' id='word_1_1' title='bbox 255 183 313 253; x_wconf 84' lang='lat' dir='ltr'>vn</span> <span class='ocrx_word' id='word_1_2' title='bbox 335 187 392 252; x_wconf 78' lang='lat'>65</span> <span class='ocrx_word' id='word_1_3' title='bbox 412 219 444 232; x_wconf 90' lang='lat'><em>-</em></span> <span class='ocrx_word' id='word_1_4' title='bbox 465 186 484 252; x_wconf 87' lang='grc'><strong>7</strong></span> <span class='ocrx_word' id='word_1_5' title='bbox 504 194 521 247; x_wconf 85' lang='grc'><strong>6</strong></span> <span class='ocrx_word' id='word_1_6' title='bbox 934 179 1020 260; x_wconf 79' lang='grc'>242</span> <span class='ocrx_word' id='word_1_7' title='bbox 1261 205 1339 278; x_wconf 69' lang='lat' dir='ltr'>,ns</span> <span class='ocrx_word' id='word_1_8' title='bbox 1361 203 1482 252; x_wconf 78' lang='lat' dir='ltr'>ornere</span> <span class='ocrx_word' id='word_1_9' title='bbox 1504 203 1693 252; x_wconf 80' lang='lat' dir='ltr'>sssnonnrr</span> <span class='ocrx_word' id='word_1_10' title='bbox 1740 177 1742 194; x_wconf 83' lang='grc'><strong>“</strong></span> 
     </span>
    </p>
   </div>
   <div class='ocr_carea' id='block_1_2' title="bbox 201 337 1784 1836">
    <p class='ocr_par' dir='ltr' id='par_1_2' title="bbox 201 337 1784 1836">
     <span class='ocr_line' id='line_1_2' title="bbox 222 337 1694 412; baseline 0.001 -15"><span class='ocrx_word' id='word_1_11' title='bbox 222 340 360 398; x_wconf 68' lang='lat' dir='ltr'>ednotus</span> <span class='ocrx_word' id='word_1_12' title='bbox 382 341 475 398; x_wconf 91' lang='lat' dir='ltr'>uenire</span> <span class='ocrx_word' id='word_1_13' title='bbox 492 342 555 412; x_wconf 90' lang='lat' dir='ltr'>plus</span> <span class='ocrx_word' id='word_1_14' title='bbox 573 355 656 412; x_wconf 83' lang='lat' dir='ltr'>quem</span> <span class='ocrx_word' id='word_1_15' title='bbox 673 337 848 398; x_wconf 81' lang='lat' dir='ltr'>menifestum</span> <span class='ocrx_word' id='word_1_16' title='bbox 865 345 917 396; x_wconf 89' lang='lat' dir='ltr'>eet.</span> <span class='ocrx_word' id='word_1_17' title='bbox 953 337 983 396; x_wconf 84' lang='lat' dir='ltr'>Si</span> <span class='ocrx_word' id='word_1_18' title='bbox 1000 343 1065 409; x_wconf 88' lang='lat' dir='ltr'>post</span> <span class='ocrx_word' id='word_1_19' title='bbox 1081 339 1156 396; x_wconf 88' lang='lat' dir='ltr'>litem</span> <span class='ocrx_word' id='word_1_20' title='bbox 1175 340 1210 396; x_wconf 94' lang='lat' dir='ltr'>de</span> <span class='ocrx_word' id='word_1_21' title='bbox 1228 357 1280 398; x_wconf 88' lang='lat' dir='ltr'>usu</span> <span class='ocrx_word' id='word_1_22' title='bbox 1298 339 1390 411; x_wconf 84' lang='lat' dir='ltr'>fruetn</span> <span class='ocrx_word' id='word_1_23' title='bbox 1407 345 1592 400; x_wconf 64' lang='lat' dir='ltr'>sumnum</span> <span class='ocrx_word' id='word_1_24' title='bbox 1609 339 1694 398; x_wconf 80' lang='lat' dir='ltr'>fuerit</span> 
     </span>
     <span class='ocr_line' id='line_1_3' title="bbox 255 428 1693 501; baseline 0 -15"><span class='ocrx_word' id='word_1_25' title='bbox 255 430 348 488; x_wconf 84' lang='lat' dir='ltr'>finitus</span> <span class='ocrx_word' id='word_1_26' title='bbox 366 446 433 486; x_wconf 87' lang='lat' dir='ltr'>usus</span> <span class='ocrx_word' id='word_1_27' title='bbox 450 429 564 500; x_wconf 76' lang='lat' dir='ltr'>buetns‘,</span> <span class='ocrx_word' id='word_1_28' title='bbox 583 445 618 484; x_wconf 84' lang='lat' dir='ltr'>en</span> <span class='ocrx_word' id='word_1_29' title='bbox 636 430 750 486; x_wconf 80' lang='lat' dir='ltr'>ulterius</span> <span class='ocrx_word' id='word_1_30' title='bbox 767 428 873 486; x_wconf 72' lang='lat' dir='ltr'>duetus</span> <span class='ocrx_word' id='word_1_31' title='bbox 891 428 1018 484; x_wconf 83' lang='lat' dir='ltr'>desinant</span> <span class='ocrx_word' id='word_1_32' title='bbox 1034 428 1148 484; x_wconf 81' lang='lat' dir='ltr'>deberi?</span> <span class='ocrx_word' id='word_1_33' title='bbox 1174 435 1204 485; x_wconf 92' lang='lat' dir='ltr'>et</span> <span class='ocrx_word' id='word_1_34' title='bbox 1220 435 1287 501; x_wconf 90' lang='lat' dir='ltr'>puto</span> <span class='ocrx_word' id='word_1_35' title='bbox 1304 430 1443 488; x_wconf 76' lang='lat' dir='ltr'>desinere:</span> <span class='ocrx_word' id='word_1_36' title='bbox 1461 447 1525 486; x_wconf 84' lang='lat' dir='ltr'>nam</span> <span class='ocrx_word' id='word_1_37' title='bbox 1543 435 1573 486; x_wconf 91' lang='lat' dir='ltr'>et</span> <span class='ocrx_word' id='word_1_38' title='bbox 1584 431 1609 486; x_wconf 94' lang='lat' dir='ltr'>si</span> <span class='ocrx_word' id='word_1_39' title='bbox 1621 445 1693 487; x_wconf 90' lang='lat' dir='ltr'>mor-</span> 
     </span>
     <span class='ocr_line' id='line_1_4' title="bbox 255 517 1693 587; baseline -0.001 -11"><span class='ocrx_word' id='word_1_40' title='bbox 255 525 320 576; x_wconf 89' lang='lat' dir='ltr'>tuus</span> <span class='ocrx_word' id='word_1_41' title='bbox 346 518 428 575; x_wconf 85' lang='lat' dir='ltr'>luerit</span> <span class='ocrx_word' id='word_1_42' title='bbox 449 517 629 587; x_wconf 76' lang='lat' dir='ltr'>bustuarias,</span> <span class='ocrx_word' id='word_1_43' title='bbox 655 518 750 574; x_wconf 90' lang='lat' dir='ltr'>heredi</span> <span class='ocrx_word' id='word_1_44' title='bbox 773 517 832 574; x_wconf 90' lang='lat' dir='ltr'>eins</span> <span class='ocrx_word' id='word_1_45' title='bbox 856 517 992 573; x_wconf 78' lang='lat' dir='ltr'>audonem</span> <span class='ocrx_word' id='word_1_46' title='bbox 1014 519 1222 587; x_wconf 84' lang='lat' dir='ltr'>praeteritorum</span> <span class='ocrx_word' id='word_1_47' title='bbox 1244 519 1388 574; x_wconf 80' lang='lat' dir='ltr'>dumtaxat</span> <span class='ocrx_word' id='word_1_48' title='bbox 1409 517 1547 575; x_wconf 82' lang='lat' dir='ltr'>fruetuum</span> <span class='ocrx_word' id='word_1_49' title='bbox 1571 519 1693 575; x_wconf 78' lang='lat' dir='ltr'>dandam</span> 
     </span>
     <span class='ocr_line' id='line_1_5' title="bbox 201 605 1726 679; baseline -0.001 -17"><span class='ocrx_word' id='word_1_50' title='bbox 201 616 239 662; x_wconf 74' lang='lat' dir='ltr'>sa</span> <span class='ocrx_word' id='word_1_51' title='bbox 255 609 420 679; x_wconf 82' lang='lat' dir='ltr'><strong>Pomponius</strong></span> <span class='ocrx_word' id='word_1_52' title='bbox 437 608 506 664; x_wconf 92' lang='lat' dir='ltr'>libro</span> <span class='ocrx_word' id='word_1_53' title='bbox 524 607 752 678; x_wconf 72' lang='lat' dir='ltr'>quadragensimo</span> <span class='ocrx_word' id='word_1_54' title='bbox 770 605 872 663; x_wconf 84' lang='lat' dir='ltr'>serlbit</span> <span class='ocrx_word' id='word_1_55' title='bbox 899 605 1061 666; x_wconf 81' lang='lat' dir='ltr'>Fruetuario</span> <span class='ocrx_word' id='word_1_56' title='bbox 1078 608 1126 678; x_wconf 91' lang='lat' dir='ltr'>qui</span> <span class='ocrx_word' id='word_1_57' title='bbox 1143 608 1210 664; x_wconf 91' lang='lat' dir='ltr'>uieit</span> <span class='ocrx_word' id='word_1_58' title='bbox 1226 607 1314 664; x_wconf 87' lang='lat' dir='ltr'>omnis</span> <span class='ocrx_word' id='word_1_59' title='bbox 1337 623 1422 664; x_wconf 71' lang='lat' dir='ltr'>osma</span> <span class='ocrx_word' id='word_1_60' title='bbox 1445 608 1616 664; x_wconf 80' lang='lat' dir='ltr'>restituenda</span> <span class='ocrx_word' id='word_1_61' title='bbox 1634 613 1692 664; x_wconf 86' lang='lat' dir='ltr'>est:</span> <span class='ocrx_word' id='word_1_62' title='bbox 1712 621 1726 660; x_wconf 78' lang='lat' dir='ltr'>r</span> 
     </span>
     <span class='ocr_line' id='line_1_6' title="bbox 256 694 1784 768; baseline -0.002 -14"><span class='ocrx_word' id='word_1_63' title='bbox 256 703 285 754; x_wconf 91' lang='lat' dir='ltr'>et</span> <span class='ocrx_word' id='word_1_64' title='bbox 303 698 366 754; x_wconf 91' lang='lat' dir='ltr'>ideo</span> <span class='ocrx_word' id='word_1_65' title='bbox 384 698 408 753; x_wconf 93' lang='lat' dir='ltr'>si</span> <span class='ocrx_word' id='word_1_66' title='bbox 426 698 499 752; x_wconf 88' lang='lat' dir='ltr'>serni</span> <span class='ocrx_word' id='word_1_67' title='bbox 520 695 603 752; x_wconf 81' lang='lat' dir='ltr'>fuerit</span> <span class='ocrx_word' id='word_1_68' title='bbox 619 711 686 752; x_wconf 89' lang='lat' dir='ltr'>usus</span> <span class='ocrx_word' id='word_1_69' title='bbox 703 694 808 752; x_wconf 80' lang='lat' dir='ltr'>fruetus</span> <span class='ocrx_word' id='word_1_70' title='bbox 826 695 838 765; x_wconf 79' lang='lat' dir='ltr'>ll</span> <span class='ocrx_word' id='word_1_71' title='bbox 856 695 978 767; x_wconf 82' lang='lat' dir='ltr'>legatus,</span> <span class='ocrx_word' id='word_1_72' title='bbox 1002 697 1134 767; x_wconf 90' lang='lat' dir='ltr'>quidquid</span> <span class='ocrx_word' id='word_1_73' title='bbox 1151 711 1234 752; x_wconf 89' lang='lat' dir='ltr'>exre</span> <span class='ocrx_word' id='word_1_74' title='bbox 1251 695 1392 752; x_wconf 77' lang='lat' dir='ltr'>bustuarii</span> <span class='ocrx_word' id='word_1_75' title='bbox 1408 697 1453 752; x_wconf 91' lang='lat' dir='ltr'>nel</span> <span class='ocrx_word' id='word_1_76' title='bbox 1471 711 1507 752; x_wconf 85' lang='lat' dir='ltr'>ex</span> <span class='ocrx_word' id='word_1_77' title='bbox 1524 697 1616 768; x_wconf 89' lang='lat' dir='ltr'>operis</span> <span class='ocrx_word' id='word_1_78' title='bbox 1634 697 1694 752; x_wconf 88' lang='lat' dir='ltr'>suis</span> <span class='ocrx_word' id='word_1_79' title='bbox 1711 705 1727 752; x_wconf 86' lang='lat' dir='ltr'>r.</span> <span class='ocrx_word' id='word_1_80' title='bbox 1740 705 1784 751; x_wconf 82' lang='lat' dir='ltr'>reu</span> 
     </span>
     <span class='ocr_line' id='line_1_7' title="bbox 223 783 1693 856; baseline 0.001 -16"><span class='ocrx_word' id='word_1_81' title='bbox 223 792 237 840; x_wconf 81' lang='lat' dir='ltr'>t</span> <span class='ocrx_word' id='word_1_82' title='bbox 256 791 419 843; x_wconf 87' lang='lat' dir='ltr'>eonseoutus</span> <span class='ocrx_word' id='word_1_83' title='bbox 436 791 486 856; x_wconf 89' lang='lat' dir='ltr'>eet,</span> <span class='ocrx_word' id='word_1_84' title='bbox 505 798 648 855; x_wconf 79' lang='lat' dir='ltr'>possessor</span> <span class='ocrx_word' id='word_1_85' title='bbox 665 783 777 841; x_wconf 89' lang='lat' dir='ltr'>debebit</span> <span class='ocrx_word' id='word_1_86' title='bbox 794 785 954 846; x_wconf 68' lang='lat' dir='ltr'>restituere.v</span> <span class='ocrx_word' id='word_1_87' title='bbox 977 783 1033 840; x_wconf 86' lang='lat' dir='ltr'>Sed</span> <span class='ocrx_word' id='word_1_88' title='bbox 1050 791 1079 840; x_wconf 90' lang='lat' dir='ltr'>et</span> <span class='ocrx_word' id='word_1_89' title='bbox 1096 787 1120 841; x_wconf 91' lang='lat' dir='ltr'>si</span> <span class='ocrx_word' id='word_1_90' title='bbox 1137 784 1208 842; x_wconf 81' lang='lat' dir='ltr'>forte</span> <span class='ocrx_word' id='word_1_91' title='bbox 1225 791 1347 856; x_wconf 86' lang='lat' dir='ltr'>tempore</span> <span class='ocrx_word' id='word_1_92' title='bbox 1364 801 1432 842; x_wconf 86' lang='lat' dir='ltr'>usus</span> <span class='ocrx_word' id='word_1_93' title='bbox 1449 783 1555 842; x_wconf 73' lang='lat' dir='ltr'>uiuus</span> <span class='ocrx_word' id='word_1_94' title='bbox 1573 786 1693 842; x_wconf 68' lang='lat' dir='ltr'>emimus</span> 
     </span>
     <span class='ocr_line' id='line_1_8' title="bbox 256 872 1692 946; baseline -0.001 -15"><span class='ocrx_word' id='word_1_95' title='bbox 256 881 299 932; x_wconf 90' lang='lat' dir='ltr'>est</span> <span class='ocrx_word' id='word_1_96' title='bbox 316 877 368 932; x_wconf 88' lang='lat' dir='ltr'>alio</span> <span class='ocrx_word' id='word_1_97' title='bbox 387 874 497 946; x_wconf 88' lang='lat' dir='ltr'>quidem</span> <span class='ocrx_word' id='word_1_98' title='bbox 516 873 681 944; x_wconf 86' lang='lat' dir='ltr'>possidente,</span> <span class='ocrx_word' id='word_1_99' title='bbox 700 874 753 929; x_wconf 83' lang='lat' dir='ltr'>elio</span> <span class='ocrx_word' id='word_1_100' title='bbox 771 877 864 930; x_wconf 83' lang='lat' dir='ltr'>autem</span> <span class='ocrx_word' id='word_1_101' title='bbox 881 875 922 930; x_wconf 93' lang='lat' dir='ltr'>liti</span> <span class='ocrx_word' id='word_1_102' title='bbox 940 889 971 930; x_wconf 93' lang='lat' dir='ltr'>se</span> <span class='ocrx_word' id='word_1_103' title='bbox 989 875 1129 942; x_wconf 82' lang='lat' dir='ltr'>offerente,</span> <span class='ocrx_word' id='word_1_104' title='bbox 1147 890 1202 932; x_wconf 91' lang='lat' dir='ltr'>non</span> <span class='ocrx_word' id='word_1_105' title='bbox 1220 873 1322 932; x_wconf 87' lang='lat' dir='ltr'>suffieit</span> <span class='ocrx_word' id='word_1_106' title='bbox 1339 891 1402 931; x_wconf 87' lang='lat' dir='ltr'>eum</span> <span class='ocrx_word' id='word_1_107' title='bbox 1416 891 1498 930; x_wconf 88' lang='lat' dir='ltr'>usum</span> <span class='ocrx_word' id='word_1_108' title='bbox 1509 872 1630 930; x_wconf 75' lang='lat' dir='ltr'>iruobrrn</span> <span class='ocrx_word' id='word_1_109' title='bbox 1642 875 1692 930; x_wconf 86' lang='lat' dir='ltr'>lte·</span> 
     </span>
     <span class='ocr_line' id='line_1_9' title="bbox 256 963 1693 1038; baseline 0.001 -18"><span class='ocrx_word' id='word_1_110' title='bbox 256 981 316 1020; x_wconf 90' lang='lat' dir='ltr'>rum</span> <span class='ocrx_word' id='word_1_111' title='bbox 333 979 479 1033; x_wconf 85' lang='lat' dir='ltr'>rennuere,</span> <span class='ocrx_word' id='word_1_112' title='bbox 498 977 594 1018; x_wconf 89' lang='lat' dir='ltr'>uerum</span> <span class='ocrx_word' id='word_1_113' title='bbox 612 977 711 1038; x_wconf 85' lang='lat' dir='ltr'>aauere</span> <span class='ocrx_word' id='word_1_114' title='bbox 729 977 836 1032; x_wconf 91' lang='lat' dir='ltr'>quoque</span> <span class='ocrx_word' id='word_1_115' title='bbox 855 978 917 1020; x_wconf 89' lang='lat' dir='ltr'>eum</span> <span class='ocrx_word' id='word_1_116' title='bbox 935 963 971 1020; x_wconf 93' lang='lat' dir='ltr'>de</span> <span class='ocrx_word' id='word_1_117' title='bbox 989 963 1124 1020; x_wconf 87' lang='lat' dir='ltr'>euietione</span> <span class='ocrx_word' id='word_1_118' title='bbox 1142 981 1209 1021; x_wconf 88' lang='lat' dir='ltr'>usus</span> <span class='ocrx_word' id='word_1_119' title='bbox 1227 963 1332 1022; x_wconf 79' lang='lat' dir='ltr'>boetus</span> <span class='ocrx_word' id='word_1_120' title='bbox 1349 968 1471 1034; x_wconf 85' lang='lat' dir='ltr'>oportet:</span> <span class='ocrx_word' id='word_1_121' title='bbox 1488 963 1556 1034; x_wconf 90' lang='lat' dir='ltr'>qnid</span> <span class='ocrx_word' id='word_1_122' title='bbox 1573 965 1648 1020; x_wconf 89' lang='lat' dir='ltr'>enim</span> <span class='ocrx_word' id='word_1_123' title='bbox 1669 964 1693 1020; x_wconf 89' lang='lat' dir='ltr'>si</span> 
     </span>
     <span class='ocr_line' id='line_1_10' title="bbox 256 1051 1694 1124; baseline -0.001 -14"><span class='ocrx_word' id='word_1_124' title='bbox 256 1068 365 1110; x_wconf 89' lang='lat' dir='ltr'>seruum</span> <span class='ocrx_word' id='word_1_125' title='bbox 384 1057 432 1108; x_wconf 84' lang='lat' dir='ltr'>sut</span> <span class='ocrx_word' id='word_1_126' title='bbox 448 1051 564 1108; x_wconf 85' lang='lat' dir='ltr'>fundum</span> <span class='ocrx_word' id='word_1_127' title='bbox 581 1052 605 1106; x_wconf 90' lang='lat' dir='ltr'>is</span> <span class='ocrx_word' id='word_1_128' title='bbox 624 1051 670 1121; x_wconf 90' lang='lat' dir='ltr'>qni</span> <span class='ocrx_word' id='word_1_129' title='bbox 688 1051 848 1122; x_wconf 78' lang='lat' dir='ltr'>possidebat</span> <span class='ocrx_word' id='word_1_130' title='bbox 864 1053 972 1122; x_wconf 74' lang='lat' dir='ltr'>pignori</span> <span class='ocrx_word' id='word_1_131' title='bbox 990 1052 1066 1110; x_wconf 88' lang='lat' dir='ltr'>dedit</span> <span class='ocrx_word' id='word_1_132' title='bbox 1083 1055 1161 1124; x_wconf 90' lang='lat' dir='ltr'>isque</span> <span class='ocrx_word' id='word_1_133' title='bbox 1179 1054 1215 1110; x_wconf 85' lang='lat' dir='ltr'>ab</span> <span class='ocrx_word' id='word_1_134' title='bbox 1232 1069 1266 1110; x_wconf 91' lang='lat' dir='ltr'>eo</span> <span class='ocrx_word' id='word_1_135' title='bbox 1284 1054 1331 1124; x_wconf 91' lang='lat' dir='ltr'>qui</span> <span class='ocrx_word' id='word_1_136' title='bbox 1342 1053 1450 1123; x_wconf 79' lang='lat' dir='ltr'>pignori</span> <span class='ocrx_word' id='word_1_137' title='bbox 1461 1053 1568 1124; x_wconf 82' lang='lat' dir='ltr'>aeeepit</span> <span class='ocrx_word' id='word_1_138' title='bbox 1579 1053 1640 1108; x_wconf 88' lang='lat' dir='ltr'>iure</span> <span class='ocrx_word' id='word_1_139' title='bbox 1651 1053 1694 1108; x_wconf 85' lang='lat' dir='ltr'>nti</span> 
     </span>
     <span class='ocr_line' id='line_1_11' title="bbox 223 1139 1740 1213; baseline -0.001 -17"><span class='ocrx_word' id='word_1_140' title='bbox 223 1141 433 1213; x_wconf 80' lang='lat' dir='ltr'>sprebibetnr?</span> <span class='ocrx_word' id='word_1_141' title='bbox 465 1139 578 1196; x_wconf 83' lang='lat' dir='ltr'>debebit</span> <span class='ocrx_word' id='word_1_142' title='bbox 597 1141 690 1210; x_wconf 87' lang='lat' dir='ltr'>itaque</span> <span class='ocrx_word' id='word_1_143' title='bbox 707 1139 808 1198; x_wconf 79' lang='lat' dir='ltr'>babere</span> <span class='ocrx_word' id='word_1_144' title='bbox 827 1145 946 1197; x_wconf 85' lang='lat' dir='ltr'>sautum.</span> <span class='ocrx_word' id='word_1_145' title='bbox 983 1141 1061 1199; x_wconf 84' lang='lat' dir='ltr'>Siout</span> <span class='ocrx_word' id='word_1_146' title='bbox 1077 1140 1226 1200; x_wconf 83' lang='lat' dir='ltr'>iruotnnrio</span> <span class='ocrx_word' id='word_1_147' title='bbox 1244 1144 1273 1198; x_wconf 90' lang='lat' dir='ltr'>in</span> <span class='ocrx_word' id='word_1_148' title='bbox 1291 1158 1348 1198; x_wconf 90' lang='lat' dir='ltr'>rem</span> <span class='ocrx_word' id='word_1_149' title='bbox 1366 1140 1577 1199; x_wconf 80' lang='lat' dir='ltr'>noniessorlam¹</span> <span class='ocrx_word' id='word_1_150' title='bbox 1597 1143 1694 1211; x_wconf 72' lang='lat' dir='ltr'>agenti</span> <span class='ocrx_word' id='word_1_151' title='bbox 1713 1155 1740 1194; x_wconf 85' lang='lat' dir='ltr'>ru</span> 
     </span>
     <span class='ocr_line' id='line_1_12' title="bbox 255 1223 1693 1302; baseline -0.001 -14"><span class='ocrx_word' id='word_1_152' title='bbox 255 1230 359 1288; x_wconf 82' lang='lat' dir='ltr'>fruetus</span> <span class='ocrx_word' id='word_1_153' title='bbox 377 1230 535 1301; x_wconf 86' lang='lat' dir='ltr'>praestandi</span> <span class='ocrx_word' id='word_1_154' title='bbox 553 1233 626 1299; x_wconf 86' lang='lat' dir='ltr'>sunt,</span> <span class='ocrx_word' id='word_1_155' title='bbox 644 1229 683 1284; x_wconf 81' lang='lat' dir='ltr'>its</span> <span class='ocrx_word' id='word_1_156' title='bbox 701 1235 730 1285; x_wconf 90' lang='lat' dir='ltr'>et</span> <span class='ocrx_word' id='word_1_157' title='bbox 746 1230 920 1301; x_wconf 74' lang='lat' dir='ltr'>proprietatis</span> <span class='ocrx_word' id='word_1_158' title='bbox 933 1230 1050 1302; x_wconf 85' lang='lat' dir='ltr'>domino,</span> <span class='ocrx_word' id='word_1_159' title='bbox 1070 1232 1094 1286; x_wconf 89' lang='lat' dir='ltr'>si</span> <span class='ocrx_word' id='word_1_160' title='bbox 1105 1233 1248 1302; x_wconf 83' lang='lat' dir='ltr'>negatoria</span> <span class='ocrx_word' id='word_1_161' title='bbox 1259 1233 1365 1288; x_wconf 77' lang='lat' dir='ltr'>audone</span> <span class='ocrx_word' id='word_1_162' title='bbox 1377 1223 1552 1287; x_wconf 81' lang='lat' dir='ltr'>uteturr&#39;sed</span> <span class='ocrx_word' id='word_1_163' title='bbox 1563 1231 1593 1286; x_wconf 91' lang='lat' dir='ltr'>in</span> <span class='ocrx_word' id='word_1_164' title='bbox 1605 1231 1693 1290; x_wconf 87' lang='lat' dir='ltr'>omni·</span> 
     </span>
     <span class='ocr_line' id='line_1_13' title="bbox 255 1319 1692 1392; baseline 0 -16"><span class='ocrx_word' id='word_1_165' title='bbox 255 1321 307 1376; x_wconf 91' lang='lat' dir='ltr'>bus</span> <span class='ocrx_word' id='word_1_166' title='bbox 325 1322 364 1376; x_wconf 85' lang='lat' dir='ltr'>ita</span> <span class='ocrx_word' id='word_1_167' title='bbox 381 1320 500 1390; x_wconf 89' lang='lat' dir='ltr'>demum,</span> <span class='ocrx_word' id='word_1_168' title='bbox 519 1319 543 1374; x_wconf 91' lang='lat' dir='ltr'>si</span> <span class='ocrx_word' id='word_1_169' title='bbox 560 1334 616 1374; x_wconf 91' lang='lat' dir='ltr'>nun</span> <span class='ocrx_word' id='word_1_170' title='bbox 633 1319 670 1374; x_wconf 89' lang='lat' dir='ltr'>sit</span> <span class='ocrx_word' id='word_1_171' title='bbox 686 1333 829 1388; x_wconf 89' lang='lat' dir='ltr'>possessor</span> <span class='ocrx_word' id='word_1_172' title='bbox 846 1320 894 1389; x_wconf 92' lang='lat' dir='ltr'>qui</span> <span class='ocrx_word' id='word_1_173' title='bbox 911 1324 977 1390; x_wconf 76' lang='lat' dir='ltr'>egat</span> <span class='ocrx_word' id='word_1_174' title='bbox 994 1321 1069 1387; x_wconf 82' lang='lat' dir='ltr'>(nam</span> <span class='ocrx_word' id='word_1_175' title='bbox 1080 1324 1110 1376; x_wconf 90' lang='lat' dir='ltr'>et</span> <span class='ocrx_word' id='word_1_176' title='bbox 1120 1321 1266 1392; x_wconf 73' lang='lat' dir='ltr'>possessori</span> <span class='ocrx_word' id='word_1_177' title='bbox 1279 1324 1462 1390; x_wconf 75' lang='lat' dir='ltr'>nompebrntlr</span> <span class='ocrx_word' id='word_1_178' title='bbox 1480 1319 1555 1390; x_wconf 89' lang='lat' dir='ltr'>quod</span> <span class='ocrx_word' id='word_1_179' title='bbox 1567 1320 1592 1376; x_wconf 90' lang='lat' dir='ltr'>si</span> <span class='ocrx_word' id='word_1_180' title='bbox 1603 1320 1692 1390; x_wconf 87' lang='lat' dir='ltr'>pessi-</span> 
     </span>
     <span class='ocr_line' id='line_1_14' title="bbox 255 1407 1752 1480; baseline -0.001 -14"><span class='ocrx_word' id='word_1_181' title='bbox 255 1409 334 1480; x_wconf 87' lang='lat' dir='ltr'>dent,</span> <span class='ocrx_word' id='word_1_182' title='bbox 358 1408 424 1466; x_wconf 91' lang='lat' dir='ltr'>nibil</span> <span class='ocrx_word' id='word_1_183' title='bbox 445 1408 584 1466; x_wconf 86' lang='lat' dir='ltr'>fruetuum</span> <span class='ocrx_word' id='word_1_184' title='bbox 607 1409 716 1464; x_wconf 87' lang='lat' dir='ltr'>nomine</span> <span class='ocrx_word' id='word_1_185' title='bbox 739 1414 948 1479; x_wconf 89' lang='lat' dir='ltr'>oonsequentnr.</span> <span class='ocrx_word' id='word_1_186' title='bbox 985 1409 1053 1478; x_wconf 89' lang='lat' dir='ltr'>quid</span> <span class='ocrx_word' id='word_1_187' title='bbox 1073 1425 1139 1480; x_wconf 79' lang='lat' dir='ltr'>erge</span> <span class='ocrx_word' id='word_1_188' title='bbox 1157 1408 1278 1466; x_wconf 80' lang='lat' dir='ltr'>officium</span> <span class='ocrx_word' id='word_1_189' title='bbox 1295 1411 1347 1466; x_wconf 90' lang='lat' dir='ltr'>erit</span> <span class='ocrx_word' id='word_1_190' title='bbox 1363 1409 1461 1466; x_wconf 87' lang='lat' dir='ltr'>iudieis</span> <span class='ocrx_word' id='word_1_191' title='bbox 1478 1424 1562 1478; x_wconf 81' lang='lat' dir='ltr'>quern</span> <span class='ocrx_word' id='word_1_192' title='bbox 1579 1407 1642 1478; x_wconf 82' lang='lat' dir='ltr'>hou,</span> <span class='ocrx_word' id='word_1_193' title='bbox 1661 1413 1695 1464; x_wconf 85' lang='lat' dir='ltr'>ut</span> <span class='ocrx_word' id='word_1_194' title='bbox 1751 1435 1752 1442; x_wconf 20' lang='grc' dir='ltr'><strong>κ</strong></span> 
     </span>
     <span class='ocr_line' id='line_1_15' title="bbox 255 1495 1740 1569; baseline -0.003 -15"><span class='ocrx_word' id='word_1_195' title='bbox 255 1514 367 1554; x_wconf 90' lang='lat' dir='ltr'>seourus</span> <span class='ocrx_word' id='word_1_196' title='bbox 386 1502 570 1568; x_wconf 83' lang='lat' dir='ltr'>consequetur</span> <span class='ocrx_word' id='word_1_197' title='bbox 585 1495 749 1552; x_wconf 74' lang='lat' dir='ltr'>fructuarius</span> <span class='ocrx_word' id='word_1_198' title='bbox 767 1495 875 1553; x_wconf 82' lang='lat' dir='ltr'>fruendi</span> <span class='ocrx_word' id='word_1_199' title='bbox 892 1497 1039 1568; x_wconf 77' lang='lat' dir='ltr'>licentiam,</span> <span class='ocrx_word' id='word_1_200' title='bbox 1057 1499 1230 1569; x_wconf 73' lang='lat' dir='ltr'>proprietatis</span> <span class='ocrx_word' id='word_1_201' title='bbox 1248 1499 1382 1568; x_wconf 90' lang='lat' dir='ltr'>dominus,</span> <span class='ocrx_word' id='word_1_202' title='bbox 1401 1513 1436 1554; x_wconf 92' lang='lat' dir='ltr'>ne</span> <span class='ocrx_word' id='word_1_203' title='bbox 1454 1496 1641 1568; x_wconf 77' lang='lat' dir='ltr'>inquietetur?</span> <span class='ocrx_word' id='word_1_204' title='bbox 1712 1511 1740 1550; x_wconf 81' lang='lat' dir='ltr'>rr</span> 
     </span>
     <span class='ocr_line' id='line_1_16' title="bbox 215 1581 1737 1670; baseline 0.005 -30"><span class='ocrx_word' id='word_1_205' title='bbox 215 1581 237 1654; x_wconf 77' lang='lat' dir='ltr'>li</span> <span class='ocrx_word' id='word_1_206' title='bbox 307 1588 426 1642; x_wconf 68' lang='lat' dir='ltr'>Pennus</span> <span class='ocrx_word' id='word_1_207' title='bbox 449 1586 518 1642; x_wconf 82' lang='lat' dir='ltr'>libro</span> <span class='ocrx_word' id='word_1_208' title='bbox 540 1586 690 1642; x_wconf 83' lang='lat' dir='ltr'>uinensimo</span> <span class='ocrx_word' id='word_1_209' title='bbox 711 1586 799 1656; x_wconf 89' lang='lat' dir='ltr'>primo</span> <span class='ocrx_word' id='word_1_210' title='bbox 820 1585 857 1642; x_wconf 84' lang='lat' dir='ltr'>ad</span> <span class='ocrx_word' id='word_1_211' title='bbox 874 1585 1002 1642; x_wconf 84' lang='lat' dir='ltr'>edietum.</span> <span class='ocrx_word' id='word_1_212' title='bbox 1039 1587 1091 1654; x_wconf 79' lang='lat' dir='ltr'>Qni</span> <span class='ocrx_word' id='word_1_213' title='bbox 1103 1589 1144 1644; x_wconf 90' lang='lat' dir='ltr'>de</span> <span class='ocrx_word' id='word_1_214' title='bbox 1161 1603 1214 1644; x_wconf 89' lang='lat' dir='ltr'>usn</span> <span class='ocrx_word' id='word_1_215' title='bbox 1232 1587 1322 1644; x_wconf 88' lang='lat' dir='ltr'>iruetu</span> <span class='ocrx_word' id='word_1_216' title='bbox 1339 1585 1470 1644; x_wconf 76' lang='lat' dir='ltr'>iuditium</span> <span class='ocrx_word' id='word_1_217' title='bbox 1488 1602 1533 1642; x_wconf 75' lang='lat' dir='ltr'>se</span> <span class='ocrx_word' id='word_1_218' title='bbox 1551 1581 1694 1670; x_wconf 58' lang='lat' dir='ltr'><em>Q</em></span> <span class='ocrx_word' id='word_1_219' title='bbox 1711 1594 1737 1648; x_wconf 83' lang='lat' dir='ltr'><em>E</em></span> 
     </span>
     <span class='ocr_line' id='line_1_17' title="bbox 255 1674 1693 1748; baseline -0.001 -16"><span class='ocrx_word' id='word_1_220' title='bbox 255 1677 335 1746; x_wconf 86' lang='lat' dir='ltr'>oepit,</span> <span class='ocrx_word' id='word_1_221' title='bbox 354 1675 378 1730; x_wconf 85' lang='lat' dir='ltr'>ri</span> <span class='ocrx_word' id='word_1_222' title='bbox 396 1675 508 1732; x_wconf 88' lang='lat' dir='ltr'>desierit</span> <span class='ocrx_word' id='word_1_223' title='bbox 524 1674 666 1745; x_wconf 87' lang='lat' dir='ltr'>possidere</span> <span class='ocrx_word' id='word_1_224' title='bbox 683 1675 743 1732; x_wconf 90' lang='lat' dir='ltr'>sine</span> <span class='ocrx_word' id='word_1_225' title='bbox 761 1674 833 1745; x_wconf 90' lang='lat' dir='ltr'>dole,</span> <span class='ocrx_word' id='word_1_226' title='bbox 851 1674 1024 1733; x_wconf 88' lang='lat' dir='ltr'>absolnetur:</span> <span class='ocrx_word' id='word_1_227' title='bbox 1047 1678 1121 1748; x_wconf 89' lang='lat' dir='ltr'>quod</span> <span class='ocrx_word' id='word_1_228' title='bbox 1139 1678 1163 1734; x_wconf 91' lang='lat' dir='ltr'>si</span> <span class='ocrx_word' id='word_1_229' title='bbox 1179 1678 1221 1734; x_wconf 87' lang='lat' dir='ltr'>liti</span> <span class='ocrx_word' id='word_1_230' title='bbox 1238 1691 1269 1733; x_wconf 91' lang='lat' dir='ltr'>se</span> <span class='ocrx_word' id='word_1_231' title='bbox 1287 1676 1387 1736; x_wconf 87' lang='lat' dir='ltr'>obtulit</span> <span class='ocrx_word' id='word_1_232' title='bbox 1403 1679 1433 1734; x_wconf 91' lang='lat' dir='ltr'>et</span> <span class='ocrx_word' id='word_1_233' title='bbox 1449 1676 1528 1746; x_wconf 77' lang='lat' dir='ltr'>qussi</span> <span class='ocrx_word' id='word_1_234' title='bbox 1546 1691 1693 1748; x_wconf 89' lang='lat' dir='ltr'>possessor</span> 
     </span>
     <span class='ocr_line' id='line_1_18' title="bbox 255 1762 959 1836; baseline 0.001 -15"><span class='ocrx_word' id='word_1_235' title='bbox 255 1765 391 1822; x_wconf 87' lang='lat' dir='ltr'>sotionem</span> <span class='ocrx_word' id='word_1_236' title='bbox 409 1763 445 1820; x_wconf 90' lang='lat' dir='ltr'>de</span> <span class='ocrx_word' id='word_1_237' title='bbox 463 1780 516 1822; x_wconf 91' lang='lat' dir='ltr'>usu</span> <span class='ocrx_word' id='word_1_238' title='bbox 533 1762 625 1820; x_wconf 87' lang='lat' dir='ltr'>iruetu</span> <span class='ocrx_word' id='word_1_239' title='bbox 643 1764 757 1836; x_wconf 82' lang='lat' dir='ltr'>anoepit,</span> <span class='ocrx_word' id='word_1_240' title='bbox 776 1764 959 1826; x_wconf 72' lang='lat' dir='ltr'>tenuabitur.</span> 
     </span>
    </p>
   </div>
   <div class='ocr_carea' id='block_1_3' title="bbox 625 1973 1735 2210">
    <p class='ocr_par' dir='ltr' id='par_1_3' title="bbox 625 1973 1735 2210">
     <span class='ocr_line' id='line_1_19' title="bbox 931 1973 1011 2061; baseline -0.038 0"><span class='ocrx_word' id='word_1_241' title='bbox 931 1973 1011 2061; x_wconf 87' lang='lat' dir='ltr'>Vll.</span> 
     </span>
     <span class='ocr_line' id='line_1_20' title="bbox 625 2126 1735 2210; baseline 0.005 -6"><span class='ocrx_word' id='word_1_242' title='bbox 625 2126 663 2204; x_wconf 74' lang='lat' dir='ltr'>lt</span> <span class='ocrx_word' id='word_1_243' title='bbox 702 2126 767 2204; x_wconf 89' lang='lat' dir='ltr'>DE</span> <span class='ocrx_word' id='word_1_244' title='bbox 796 2127 961 2206; x_wconf 88' lang='lat' dir='ltr'><strong>OPERIS</strong></span> <span class='ocrx_word' id='word_1_245' title='bbox 991 2126 1244 2206; x_wconf 85' lang='lat' dir='ltr'><strong>SERUORUM</strong></span> <span class='ocrx_word' id='word_1_246' title='bbox 1283 2127 1322 2204; x_wconf 76' lang='lat' dir='ltr'>lt</span> <span class='ocrx_word' id='word_1_247' title='bbox 1710 2155 1735 2210; x_wconf 77' lang='lat' dir='ltr'>u</span> 
     </span>
    </p>
   </div>
   <div class='ocr_carea' id='block_1_4' title="bbox 217 2293 1747 3885">
    <p class='ocr_par' dir='ltr' id='par_1_4' title="bbox 219 2293 1735 2534">
     <span class='ocr_line' id='line_1_21' title="bbox 219 2293 1735 2386; baseline 0.002 -32"><span class='ocrx_word' id='word_1_248' title='bbox 219 2306 236 2362; x_wconf 92' lang='lat'>1</span> <span class='ocrx_word' id='word_1_249' title='bbox 308 2300 428 2356; x_wconf 75' lang='lat' dir='ltr'>Pennus</span> <span class='ocrx_word' id='word_1_250' title='bbox 444 2296 513 2354; x_wconf 91' lang='lat' dir='ltr'>libre</span> <span class='ocrx_word' id='word_1_251' title='bbox 531 2299 652 2356; x_wconf 87' lang='lat' dir='ltr'>seeundo</span> <span class='ocrx_word' id='word_1_252' title='bbox 670 2301 706 2357; x_wconf 86' lang='lat' dir='ltr'>ad</span> <span class='ocrx_word' id='word_1_253' title='bbox 723 2302 852 2386; x_wconf 77' lang='lat' dir='ltr'>edicturm.</span> <span class='ocrx_word' id='word_1_254' title='bbox 881 2301 970 2374; x_wconf 84' lang='lat' dir='ltr'>Opera</span> <span class='ocrx_word' id='word_1_255' title='bbox 986 2303 1015 2358; x_wconf 91' lang='lat' dir='ltr'>in</span> <span class='ocrx_word' id='word_1_256' title='bbox 1034 2307 1098 2358; x_wconf 84' lang='lat' dir='ltr'>aotrr</span> <span class='ocrx_word' id='word_1_257' title='bbox 1114 2301 1240 2358; x_wconf 78' lang='lat' dir='ltr'>consistit</span> <span class='ocrx_word' id='word_1_258' title='bbox 1256 2315 1308 2356; x_wconf 90' lang='lat' dir='ltr'>neo</span> <span class='ocrx_word' id='word_1_259' title='bbox 1325 2304 1388 2356; x_wconf 83' lang='lat' dir='ltr'>ante</span> <span class='ocrx_word' id='word_1_260' title='bbox 1400 2299 1429 2356; x_wconf 93' lang='lat' dir='ltr'>in</span> <span class='ocrx_word' id='word_1_261' title='bbox 1440 2313 1531 2356; x_wconf 75' lang='lat' dir='ltr'>rernm</span> <span class='ocrx_word' id='word_1_262' title='bbox 1550 2293 1693 2383; x_wconf 53' lang='grc' dir='ltr'>[Μ</span> <span class='ocrx_word' id='word_1_263' title='bbox 1711 2310 1735 2364; x_wconf 73' lang='grc' dir='ltr'><em>Ε</em></span> 
     </span>
     <span class='ocr_line' id='line_1_22' title="bbox 255 2388 1735 2463; baseline 0 -19"><span class='ocrx_word' id='word_1_264' title='bbox 255 2393 354 2444; x_wconf 88' lang='lat' dir='ltr'>natura</span> <span class='ocrx_word' id='word_1_265' title='bbox 371 2392 425 2458; x_wconf 92' lang='lat' dir='ltr'>est,</span> <span class='ocrx_word' id='word_1_266' title='bbox 444 2402 526 2457; x_wconf 86' lang='lat' dir='ltr'>quarn</span> <span class='ocrx_word' id='word_1_267' title='bbox 545 2389 568 2443; x_wconf 90' lang='lat' dir='ltr'>si</span> <span class='ocrx_word' id='word_1_268' title='bbox 586 2388 645 2444; x_wconf 91' lang='lat' dir='ltr'>dies</span> <span class='ocrx_word' id='word_1_269' title='bbox 663 2391 753 2462; x_wconf 87' lang='lat' dir='ltr'>uenit,</span> <span class='ocrx_word' id='word_1_270' title='bbox 771 2408 826 2463; x_wconf 93' lang='lat' dir='ltr'>quo</span> <span class='ocrx_word' id='word_1_271' title='bbox 844 2391 1010 2463; x_wconf 81' lang='lat' dir='ltr'>praestanda</span> <span class='ocrx_word' id='word_1_272' title='bbox 1026 2396 1077 2462; x_wconf 87' lang='lat' dir='ltr'>est,</span> <span class='ocrx_word' id='word_1_273' title='bbox 1096 2389 1326 2461; x_wconf 89' lang='lat' dir='ltr'>quemadmodum</span> <span class='ocrx_word' id='word_1_274' title='bbox 1344 2405 1407 2446; x_wconf 88' lang='lat' dir='ltr'>enm</span> <span class='ocrx_word' id='word_1_275' title='bbox 1426 2389 1591 2460; x_wconf 82' lang='lat' dir='ltr'>stipulamur</span> <span class='ocrx_word' id='word_1_276' title='bbox 1610 2388 1692 2460; x_wconf 86' lang='lat' dir='ltr'>&#39;quod</span> <span class='ocrx_word' id='word_1_277' title='bbox 1711 2405 1735 2445; x_wconf 84' lang='lat' dir='ltr'>rr</span> 
     </span>
     <span class='ocr_line' id='line_1_23' title="bbox 255 2475 645 2534; baseline 0 0"><span class='ocrx_word' id='word_1_278' title='bbox 255 2493 290 2534; x_wconf 86' lang='lat' dir='ltr'>ex</span> <span class='ocrx_word' id='word_1_279' title='bbox 308 2476 446 2534; x_wconf 78' lang='lat' dir='ltr'>Arethusa</span> <span class='ocrx_word' id='word_1_280' title='bbox 463 2481 558 2534; x_wconf 84' lang='lat' dir='ltr'>natum</span> <span class='ocrx_word' id='word_1_281' title='bbox 576 2475 645 2534; x_wconf 87' lang='lat' dir='ltr'>erit&#39;.</span> 
     </span>
    </p>

    <p class='ocr_par' dir='ltr' id='par_1_5' title="bbox 218 2561 1739 2714">
     <span class='ocr_line' id='line_1_24' title="bbox 218 2561 1736 2652; baseline 0.007 -31"><span class='ocrx_word' id='word_1_282' title='bbox 218 2572 237 2630; x_wconf 79' lang='lat'><strong>2</strong></span> <span class='ocrx_word' id='word_1_283' title='bbox 309 2566 460 2622; x_wconf 75' lang='lat' dir='ltr'>Unersrrus</span> <span class='ocrx_word' id='word_1_284' title='bbox 476 2565 545 2622; x_wconf 91' lang='lat' dir='ltr'>libro</span> <span class='ocrx_word' id='word_1_285' title='bbox 563 2567 680 2637; x_wconf 86' lang='lat' dir='ltr'>septimo</span> <span class='ocrx_word' id='word_1_286' title='bbox 697 2569 805 2626; x_wconf 88' lang='lat' dir='ltr'>deeimo</span> <span class='ocrx_word' id='word_1_287' title='bbox 822 2569 860 2626; x_wconf 81' lang='lat' dir='ltr'>ed</span> <span class='ocrx_word' id='word_1_288' title='bbox 877 2570 1006 2626; x_wconf 85' lang='lat' dir='ltr'>edietum.</span> <span class='ocrx_word' id='word_1_289' title='bbox 1033 2568 1138 2640; x_wconf 82' lang='lat' dir='ltr'>Operae</span> <span class='ocrx_word' id='word_1_290' title='bbox 1156 2569 1229 2624; x_wconf 87' lang='lat' dir='ltr'>serui</span> <span class='ocrx_word' id='word_1_291' title='bbox 1245 2568 1354 2639; x_wconf 72' lang='lat' dir='ltr'>legatae</span> <span class='ocrx_word' id='word_1_292' title='bbox 1371 2568 1469 2640; x_wconf 86' lang='lat' dir='ltr'>ospitis</span> <span class='ocrx_word' id='word_1_293' title='bbox 1481 2567 1530 2624; x_wconf 92' lang='lat' dir='ltr'>mi·</span> <span class='ocrx_word' id='word_1_294' title='bbox 1550 2561 1694 2652; x_wconf 61' lang='lat' dir='ltr'>[Q</span> <span class='ocrx_word' id='word_1_295' title='bbox 1711 2576 1736 2631; x_wconf 81' lang='grc' dir='ltr'><em>Ε</em></span> 
     </span>
     <span class='ocr_line' id='line_1_25' title="bbox 255 2656 1739 2714; baseline -0.001 -2"><span class='ocrx_word' id='word_1_296' title='bbox 255 2656 367 2712; x_wconf 79' lang='lat' dir='ltr'>audone</span> <span class='ocrx_word' id='word_1_297' title='bbox 385 2671 440 2712; x_wconf 87' lang='lat' dir='ltr'>non</span> <span class='ocrx_word' id='word_1_298' title='bbox 457 2656 627 2714; x_wconf 74' lang='lat' dir='ltr'>amittamur.</span> <span class='ocrx_word' id='word_1_299' title='bbox 1712 2672 1739 2714; x_wconf 81' lang='lat' dir='ltr'>rr</span> 
     </span>
    </p>

    <p class='ocr_par' dir='ltr' id='par_1_6' title="bbox 218 2739 1737 2904">
     <span class='ocr_line' id='line_1_26' title="bbox 218 2739 1737 2830; baseline 0 -28"><span class='ocrx_word' id='word_1_300' title='bbox 218 2750 237 2808; x_wconf 87' lang='lat'><strong>3</strong></span> <span class='ocrx_word' id='word_1_301' title='bbox 308 2744 401 2802; x_wconf 78' lang='lat' dir='ltr'>Gerus</span> <span class='ocrx_word' id='word_1_302' title='bbox 424 2743 493 2800; x_wconf 89' lang='lat' dir='ltr'>libro</span> <span class='ocrx_word' id='word_1_303' title='bbox 517 2745 634 2826; x_wconf 88' lang='lat' dir='ltr'>septimo</span> <span class='ocrx_word' id='word_1_304' title='bbox 658 2746 694 2802; x_wconf 82' lang='lat' dir='ltr'>ed</span> <span class='ocrx_word' id='word_1_305' title='bbox 716 2745 836 2804; x_wconf 56' lang='lat' dir='ltr'>metum</span> <span class='ocrx_word' id='word_1_306' title='bbox 859 2747 1034 2819; x_wconf 79' lang='lat' dir='ltr'>prouineisle.</span> <span class='ocrx_word' id='word_1_307' title='bbox 1069 2747 1102 2802; x_wconf 90' lang='lat' dir='ltr'>In</span> <span class='ocrx_word' id='word_1_308' title='bbox 1119 2745 1236 2803; x_wconf 90' lang='lat' dir='ltr'>bominis</span> <span class='ocrx_word' id='word_1_309' title='bbox 1253 2761 1306 2803; x_wconf 87' lang='lat' dir='ltr'>usu</span> <span class='ocrx_word' id='word_1_310' title='bbox 1323 2743 1415 2802; x_wconf 62' lang='lat' dir='ltr'>metu</span> <span class='ocrx_word' id='word_1_311' title='bbox 1432 2759 1532 2817; x_wconf 79' lang='lat' dir='ltr'>operae</span> <span class='ocrx_word' id='word_1_312' title='bbox 1551 2739 1737 2830; x_wconf 54' lang='grc' dir='ltr'>ΜΕ</span> 
     </span>
     <span class='ocr_line' id='line_1_27' title="bbox 256 2831 704 2904; baseline 0.004 -14"><span class='ocrx_word' id='word_1_313' title='bbox 256 2838 321 2890; x_wconf 90' lang='lat' dir='ltr'>sunt</span> <span class='ocrx_word' id='word_1_314' title='bbox 338 2837 368 2889; x_wconf 91' lang='lat' dir='ltr'>et</span> <span class='ocrx_word' id='word_1_315' title='bbox 385 2831 421 2889; x_wconf 90' lang='lat' dir='ltr'>ob</span> <span class='ocrx_word' id='word_1_316' title='bbox 439 2849 536 2904; x_wconf 85' lang='lat' dir='ltr'>operae</span> <span class='ocrx_word' id='word_1_317' title='bbox 555 2835 704 2892; x_wconf 88' lang='lat' dir='ltr'>mereedes.</span> 
     </span>
    </p>

    <p class='ocr_par' dir='ltr' id='par_1_7' title="bbox 217 2919 1738 3178">
     <span class='ocr_line' id='line_1_28' title="bbox 217 2919 1736 2994; baseline 0.002 -16"><span class='ocrx_word' id='word_1_318' title='bbox 217 2929 238 2987; x_wconf 83' lang='lat'>4</span> <span class='ocrx_word' id='word_1_319' title='bbox 307 2921 386 2978; x_wconf 83' lang='lat' dir='ltr'>Innsr</span> <span class='ocrx_word' id='word_1_320' title='bbox 402 2921 471 2980; x_wconf 91' lang='lat' dir='ltr'>libro</span> <span class='ocrx_word' id='word_1_321' title='bbox 489 2923 611 2980; x_wconf 86' lang='lat' dir='ltr'>seeundo</span> <span class='ocrx_word' id='word_1_322' title='bbox 628 2924 664 2980; x_wconf 90' lang='lat' dir='ltr'>de</span> <span class='ocrx_word' id='word_1_323' title='bbox 680 2923 786 2980; x_wconf 78' lang='lat' dir='ltr'>liberali</span> <span class='ocrx_word' id='word_1_324' title='bbox 803 2940 888 2981; x_wconf 80' lang='lat' dir='ltr'>oense</span> <span class='ocrx_word' id='word_1_325' title='bbox 905 2924 987 2981; x_wconf 84' lang='lat' dir='ltr'>edisti</span> <span class='ocrx_word' id='word_1_326' title='bbox 1004 2923 1099 2981; x_wconf 85' lang='lat' dir='ltr'>urbini.</span> <span class='ocrx_word' id='word_1_327' title='bbox 1126 2923 1243 2980; x_wconf 76' lang='lat' dir='ltr'>Fmetue</span> <span class='ocrx_word' id='word_1_328' title='bbox 1261 2923 1378 2980; x_wconf 82' lang='lat' dir='ltr'>beminis</span> <span class='ocrx_word' id='word_1_329' title='bbox 1395 2923 1424 2980; x_wconf 93' lang='lat' dir='ltr'>in</span> <span class='ocrx_word' id='word_1_330' title='bbox 1442 2923 1533 2994; x_wconf 88' lang='lat' dir='ltr'>operis</span> <span class='ocrx_word' id='word_1_331' title='bbox 1563 2919 1693 2992; x_wconf 58' lang='grc' dir='ltr'><strong>Μ</strong></span> <span class='ocrx_word' id='word_1_332' title='bbox 1711 2931 1736 2988; x_wconf 77' lang='grc' dir='ltr'><em>Ε</em></span> 
     </span>
     <span class='ocr_line' id='line_1_29' title="bbox 256 3000 1693 3085; baseline 0.001 -17"><span class='ocrx_word' id='word_1_333' title='bbox 256 3012 394 3068; x_wconf 76' lang='lat' dir='ltr'>constitit¹</span> <span class='ocrx_word' id='word_1_334' title='bbox 412 3016 441 3068; x_wconf 90' lang='lat' dir='ltr'>et</span> <span class='ocrx_word' id='word_1_335' title='bbox 463 3016 536 3068; x_wconf 86' lang='lat' dir='ltr'>retro</span> <span class='ocrx_word' id='word_1_336' title='bbox 558 3013 587 3068; x_wconf 91' lang='lat' dir='ltr'>in</span> <span class='ocrx_word' id='word_1_337' title='bbox 609 3011 701 3070; x_wconf 75' lang='lat' dir='ltr'>bustu</span> <span class='ocrx_word' id='word_1_338' title='bbox 723 3013 840 3071; x_wconf 86' lang='lat' dir='ltr'>bominis</span> <span class='ocrx_word' id='word_1_339' title='bbox 863 3028 962 3085; x_wconf 80' lang='lat' dir='ltr'>operes</span> <span class='ocrx_word' id='word_1_340' title='bbox 979 3019 1052 3070; x_wconf 86' lang='lat' dir='ltr'>sunt.</span> <span class='ocrx_word' id='word_1_341' title='bbox 1084 3017 1114 3069; x_wconf 90' lang='lat' dir='ltr'>et</span> <span class='ocrx_word' id='word_1_342' title='bbox 1130 3017 1162 3072; x_wconf 89' lang='lat' dir='ltr'>ut</span> <span class='ocrx_word' id='word_1_343' title='bbox 1179 3013 1208 3069; x_wconf 91' lang='lat' dir='ltr'>in</span> <span class='ocrx_word' id='word_1_344' title='bbox 1225 3013 1323 3070; x_wconf 79' lang='lat' dir='ltr'>esteris</span> <span class='ocrx_word' id='word_1_345' title='bbox 1339 3012 1423 3071; x_wconf 88' lang='lat' dir='ltr'>rebus</span> <span class='ocrx_word' id='word_1_346' title='bbox 1440 3011 1546 3070; x_wconf 79' lang='lat' dir='ltr'>fruetus</span> <span class='ocrx_word' id='word_1_347' title='bbox 1563 3000 1693 3072; x_wconf 61' lang='lat' dir='ltr'>ueuuffi</span> 
     </span>
     <span class='ocr_line' id='line_1_30' title="bbox 255 3101 1738 3178; baseline 0 -20"><span class='ocrx_word' id='word_1_348' title='bbox 255 3101 417 3158; x_wconf 84' lang='lat' dir='ltr'>neeessariis</span> <span class='ocrx_word' id='word_1_349' title='bbox 434 3101 565 3171; x_wconf 83' lang='lat' dir='ltr'>impensis</span> <span class='ocrx_word' id='word_1_350' title='bbox 582 3101 759 3172; x_wconf 75' lang='lat' dir='ltr'>intellegitur,</span> <span class='ocrx_word' id='word_1_351' title='bbox 775 3103 815 3158; x_wconf 88' lang='lat' dir='ltr'>ita</span> <span class='ocrx_word' id='word_1_352' title='bbox 832 3107 861 3157; x_wconf 90' lang='lat' dir='ltr'>et</span> <span class='ocrx_word' id='word_1_353' title='bbox 878 3103 907 3158; x_wconf 92' lang='lat' dir='ltr'>in</span> <span class='ocrx_word' id='word_1_354' title='bbox 924 3101 1014 3174; x_wconf 91' lang='lat' dir='ltr'>operis</span> <span class='ocrx_word' id='word_1_355' title='bbox 1032 3109 1181 3178; x_wconf 79' lang='lat' dir='ltr'>seruorum.</span> <span class='ocrx_word' id='word_1_356' title='bbox 1712 3117 1738 3160; x_wconf 82' lang='lat' dir='ltr'>rs</span> 
     </span>
    </p>

    <p class='ocr_par' dir='ltr' id='par_1_8' title="bbox 219 3185 1736 3350">
     <span class='ocr_line' id='line_1_31' title="bbox 219 3185 1736 3278; baseline 0.003 -32"><span class='ocrx_word' id='word_1_357' title='bbox 219 3197 238 3257; x_wconf 84' lang='lat'><strong>5</strong></span> <span class='ocrx_word' id='word_1_358' title='bbox 308 3191 480 3246; x_wconf 70' lang='lat' dir='ltr'>Temenus</span> <span class='ocrx_word' id='word_1_359' title='bbox 498 3190 637 3246; x_wconf 65' lang='lat' dir='ltr'>Gonnus</span> <span class='ocrx_word' id='word_1_360' title='bbox 654 3189 723 3247; x_wconf 90' lang='lat' dir='ltr'>libro</span> <span class='ocrx_word' id='word_1_361' title='bbox 741 3195 840 3248; x_wconf 87' lang='lat' dir='ltr'>oetauo</span> <span class='ocrx_word' id='word_1_362' title='bbox 858 3191 965 3248; x_wconf 87' lang='lat' dir='ltr'>deolmo</span> <span class='ocrx_word' id='word_1_363' title='bbox 984 3191 1020 3248; x_wconf 84' lang='lat' dir='ltr'>ed</span> <span class='ocrx_word' id='word_1_364' title='bbox 1035 3193 1125 3263; x_wconf 79' lang='lat' dir='ltr'>legem</span> <span class='ocrx_word' id='word_1_365' title='bbox 1136 3192 1233 3248; x_wconf 89' lang='lat' dir='ltr'>Iuliam</span> <span class='ocrx_word' id='word_1_366' title='bbox 1245 3197 1274 3247; x_wconf 93' lang='lat' dir='ltr'>et</span> <span class='ocrx_word' id='word_1_367' title='bbox 1285 3192 1406 3261; x_wconf 76' lang='lat' dir='ltr'>Papium.</span> <span class='ocrx_word' id='word_1_368' title='bbox 1433 3191 1530 3264; x_wconf 84' lang='lat' dir='ltr'>Operis</span> <span class='ocrx_word' id='word_1_369' title='bbox 1549 3185 1692 3278; x_wconf 52' lang='lat' dir='ltr'>[iffi—‘s</span> <span class='ocrx_word' id='word_1_370' title='bbox 1711 3200 1736 3256; x_wconf 82' lang='grc' dir='ltr'><em>Ε</em></span> 
     </span>
     <span class='ocr_line' id='line_1_32' title="bbox 256 3279 1362 3350; baseline 0.001 -14"><span class='ocrx_word' id='word_1_371' title='bbox 256 3280 329 3336; x_wconf 92' lang='lat' dir='ltr'>serni</span> <span class='ocrx_word' id='word_1_372' title='bbox 345 3279 444 3350; x_wconf 82' lang='lat' dir='ltr'>legatis</span> <span class='ocrx_word' id='word_1_373' title='bbox 462 3295 542 3334; x_wconf 88' lang='lat' dir='ltr'>usum</span> <span class='ocrx_word' id='word_1_374' title='bbox 561 3279 655 3334; x_wconf 85' lang='lat' dir='ltr'>deturn</span> <span class='ocrx_word' id='word_1_375' title='bbox 673 3280 795 3350; x_wconf 80' lang='lat' dir='ltr'>intellegi</span> <span class='ocrx_word' id='word_1_376' title='bbox 813 3285 842 3336; x_wconf 91' lang='lat' dir='ltr'>et</span> <span class='ocrx_word' id='word_1_377' title='bbox 860 3296 912 3350; x_wconf 86' lang='lat' dir='ltr'>ego</span> <span class='ocrx_word' id='word_1_378' title='bbox 930 3280 1014 3336; x_wconf 91' lang='lat' dir='ltr'>didiei</span> <span class='ocrx_word' id='word_1_379' title='bbox 1031 3287 1060 3336; x_wconf 92' lang='lat' dir='ltr'>et</span> <span class='ocrx_word' id='word_1_380' title='bbox 1076 3281 1197 3337; x_wconf 84' lang='lat' dir='ltr'>lubunus</span> <span class='ocrx_word' id='word_1_381' title='bbox 1214 3281 1362 3337; x_wconf 85' lang='lat' dir='ltr'>existimat.</span> 
     </span>
    </p>

    <p class='ocr_par' dir='ltr' id='par_1_9' title="bbox 220 3366 1747 3530">
     <span class='ocr_line' id='line_1_33' title="bbox 220 3366 1747 3456; baseline 0.002 -32"><span class='ocrx_word' id='word_1_382' title='bbox 220 3375 238 3434; x_wconf 81' lang='grc'><strong>6</strong></span> <span class='ocrx_word' id='word_1_383' title='bbox 309 3368 460 3426; x_wconf 65' lang='lat' dir='ltr'>Uestorius</span> <span class='ocrx_word' id='word_1_384' title='bbox 476 3367 545 3424; x_wconf 89' lang='lat' dir='ltr'>libro</span> <span class='ocrx_word' id='word_1_385' title='bbox 564 3369 808 3439; x_wconf 84' lang='lat' dir='ltr'>quinquagensimo</span> <span class='ocrx_word' id='word_1_386' title='bbox 825 3369 921 3440; x_wconf 86' lang='lat' dir='ltr'>quinte</span> <span class='ocrx_word' id='word_1_387' title='bbox 939 3370 975 3426; x_wconf 87' lang='lat' dir='ltr'>ad</span> <span class='ocrx_word' id='word_1_388' title='bbox 993 3370 1121 3426; x_wconf 88' lang='lat' dir='ltr'>edietum.</span> <span class='ocrx_word' id='word_1_389' title='bbox 1149 3370 1218 3426; x_wconf 83' lang='lat' dir='ltr'>(lum</span> <span class='ocrx_word' id='word_1_390' title='bbox 1233 3369 1268 3426; x_wconf 90' lang='lat' dir='ltr'>de</span> <span class='ocrx_word' id='word_1_391' title='bbox 1281 3371 1353 3426; x_wconf 88' lang='lat' dir='ltr'>serui</span> <span class='ocrx_word' id='word_1_392' title='bbox 1363 3371 1457 3440; x_wconf 89' lang='lat' dir='ltr'>operis</span> <span class='ocrx_word' id='word_1_393' title='bbox 1469 3371 1533 3426; x_wconf 84' lang='lat' dir='ltr'>arti·</span> <span class='ocrx_word' id='word_1_394' title='bbox 1552 3366 1694 3456; x_wconf 59' lang='lat' dir='ltr'>[e‘rffi</span> <span class='ocrx_word' id='word_1_395' title='bbox 1711 3379 1747 3436; x_wconf 76' lang='grc' dir='ltr'>Ε·</span> 
     </span>
     <span class='ocr_line' id='line_1_34' title="bbox 255 3455 1693 3530; baseline 0.003 -17"><span class='ocrx_word' id='word_1_396' title='bbox 255 3455 316 3514; x_wconf 86' lang='lat' dir='ltr'>linis</span> <span class='ocrx_word' id='word_1_397' title='bbox 334 3458 432 3528; x_wconf 78' lang='lat' dir='ltr'>egitur,</span> <span class='ocrx_word' id='word_1_398' title='bbox 450 3473 501 3527; x_wconf 91' lang='lat' dir='ltr'>pro</span> <span class='ocrx_word' id='word_1_399' title='bbox 519 3457 600 3514; x_wconf 89' lang='lat' dir='ltr'>modo</span> <span class='ocrx_word' id='word_1_400' title='bbox 618 3457 803 3514; x_wconf 86' lang='lat' dir='ltr'>restituendae</span> <span class='ocrx_word' id='word_1_401' title='bbox 821 3464 893 3530; x_wconf 91' lang='lat' dir='ltr'>sunt,</span> <span class='ocrx_word' id='word_1_402' title='bbox 912 3458 962 3514; x_wconf 87' lang='lat' dir='ltr'>sed</span> <span class='ocrx_word' id='word_1_403' title='bbox 979 3459 1135 3516; x_wconf 86' lang='lat' dir='ltr'>mediastini</span> <span class='ocrx_word' id='word_1_404' title='bbox 1152 3459 1301 3516; x_wconf 89' lang='lat' dir='ltr'>seeundum</span> <span class='ocrx_word' id='word_1_405' title='bbox 1314 3460 1509 3516; x_wconf 83' lang='lat' dir='ltr'>ministerium:</span> <span class='ocrx_word' id='word_1_406' title='bbox 1528 3467 1557 3516; x_wconf 93' lang='lat' dir='ltr'>et</span> <span class='ocrx_word' id='word_1_407' title='bbox 1568 3462 1609 3516; x_wconf 80' lang='lat' dir='ltr'>its</span> <span class='ocrx_word' id='word_1_408' title='bbox 1620 3462 1693 3518; x_wconf 81' lang='lat' dir='ltr'>lien</span> 
     </span>
    </p>

    <p class='ocr_par' dir='ltr' id='par_1_10' title="bbox 225 3545 1692 3621">
     <span class='ocr_line' id='line_1_35' title="bbox 225 3545 1692 3621; baseline -0.001 -13"><span class='ocrx_word' id='word_1_409' title='bbox 225 3563 236 3608; x_wconf 87' lang='lat'>1</span> <span class='ocrx_word' id='word_1_410' title='bbox 256 3545 359 3604; x_wconf 75' lang='lat' dir='ltr'>scribit</span> <span class='ocrx_word' id='word_1_411' title='bbox 386 3545 417 3602; x_wconf 78' lang='lat' dir='ltr'>Si</span> <span class='ocrx_word' id='word_1_412' title='bbox 434 3547 521 3605; x_wconf 90' lang='lat' dir='ltr'>minor</span> <span class='ocrx_word' id='word_1_413' title='bbox 537 3547 616 3603; x_wconf 70' lang='lat' dir='ltr'>annm</span> <span class='ocrx_word' id='word_1_414' title='bbox 633 3548 754 3618; x_wconf 89' lang='lat' dir='ltr'>quinque</span> <span class='ocrx_word' id='word_1_415' title='bbox 770 3547 816 3602; x_wconf 91' lang='lat' dir='ltr'>uel</span> <span class='ocrx_word' id='word_1_416' title='bbox 834 3547 931 3604; x_wconf 86' lang='lat' dir='ltr'>debilis</span> <span class='ocrx_word' id='word_1_417' title='bbox 943 3563 1046 3604; x_wconf 89' lang='lat' dir='ltr'>seruus</span> <span class='ocrx_word' id='word_1_418' title='bbox 1063 3549 1161 3604; x_wconf 88' lang='lat' dir='ltr'>situel</span> <span class='ocrx_word' id='word_1_419' title='bbox 1178 3549 1240 3619; x_wconf 91' lang='lat' dir='ltr'>quis</span> <span class='ocrx_word' id='word_1_420' title='bbox 1259 3549 1337 3619; x_wconf 82' lang='lat' dir='ltr'>abus,</span> <span class='ocrx_word' id='word_1_421' title='bbox 1355 3550 1433 3605; x_wconf 86' lang='lat' dir='ltr'>onius</span> <span class='ocrx_word' id='word_1_422' title='bbox 1444 3549 1519 3605; x_wconf 81' lang='lat' dir='ltr'>nullu</span> <span class='ocrx_word' id='word_1_423' title='bbox 1530 3565 1618 3621; x_wconf 81' lang='lat' dir='ltr'>opera</span> <span class='ocrx_word' id='word_1_424' title='bbox 1630 3565 1692 3606; x_wconf 84' lang='lat' dir='ltr'>esse</span> 
     </span>
    </p>

    <p class='ocr_par' dir='ltr' id='par_1_11' title="bbox 225 3635 1738 3708">
     <span class='ocr_line' id='line_1_36' title="bbox 225 3635 1738 3708; baseline 0.003 -18"><span class='ocrx_word' id='word_1_425' title='bbox 225 3651 239 3696; x_wconf 75' lang='lat' dir='ltr'>n</span> <span class='ocrx_word' id='word_1_426' title='bbox 257 3635 331 3706; x_wconf 83' lang='lat' dir='ltr'>apud</span> <span class='ocrx_word' id='word_1_427' title='bbox 349 3635 488 3692; x_wconf 88' lang='lat' dir='ltr'>dominum</span> <span class='ocrx_word' id='word_1_428' title='bbox 505 3637 602 3707; x_wconf 90' lang='lat' dir='ltr'>potuit,</span> <span class='ocrx_word' id='word_1_429' title='bbox 621 3636 696 3691; x_wconf 84' lang='lat' dir='ltr'>nulla</span> <span class='ocrx_word' id='word_1_430' title='bbox 713 3637 866 3692; x_wconf 81' lang='lat' dir='ltr'>aestimatio</span> <span class='ocrx_word' id='word_1_431' title='bbox 883 3635 939 3692; x_wconf 84' lang='lat' dir='ltr'>fiet</span> <span class='ocrx_word' id='word_1_432' title='bbox 974 3638 1045 3693; x_wconf 85' lang='lat' dir='ltr'>Item</span> <span class='ocrx_word' id='word_1_433' title='bbox 1062 3639 1212 3708; x_wconf 84' lang='lat' dir='ltr'>uoluptatis</span> <span class='ocrx_word' id='word_1_434' title='bbox 1229 3638 1443 3700; x_wconf 61' lang='lat' dir='ltr'>ieiunationis</span> <span class='ocrx_word' id='word_1_435' title='bbox 1461 3640 1618 3696; x_wconf 77' lang='lat' dir='ltr'>aestimatio</span> <span class='ocrx_word' id='word_1_436' title='bbox 1636 3655 1692 3696; x_wconf 90' lang='lat' dir='ltr'>non</span> <span class='ocrx_word' id='word_1_437' title='bbox 1711 3651 1738 3694; x_wconf 80' lang='lat' dir='ltr'>es</span> 
     </span>
    </p>

    <p class='ocr_par' dir='ltr' id='par_1_12' title="bbox 225 3723 1692 3885">
     <span class='ocr_line' id='line_1_37' title="bbox 225 3723 1692 3795; baseline 0.001 -10"><span class='ocrx_word' id='word_1_438' title='bbox 225 3739 240 3785; x_wconf 81' lang='lat' dir='ltr'>a</span> <span class='ocrx_word' id='word_1_439' title='bbox 256 3723 413 3795; x_wconf 79' lang='lat' dir='ltr'>habebitur,</span> <span class='ocrx_word' id='word_1_440' title='bbox 435 3725 522 3782; x_wconf 88' lang='lat' dir='ltr'>ueluti</span> <span class='ocrx_word' id='word_1_441' title='bbox 545 3725 570 3782; x_wconf 90' lang='lat' dir='ltr'>si</span> <span class='ocrx_word' id='word_1_442' title='bbox 587 3725 713 3780; x_wconf 86' lang='lat' dir='ltr'>dilexerit</span> <span class='ocrx_word' id='word_1_443' title='bbox 729 3739 793 3782; x_wconf 89' lang='lat' dir='ltr'>eum</span> <span class='ocrx_word' id='word_1_444' title='bbox 810 3725 938 3782; x_wconf 73' lang='lat' dir='ltr'>dommus</span> <span class='ocrx_word' id='word_1_445' title='bbox 955 3730 1004 3782; x_wconf 84' lang='lat' dir='ltr'>aut</span> <span class='ocrx_word' id='word_1_446' title='bbox 1020 3726 1049 3783; x_wconf 86' lang='lat' dir='ltr'>in</span> <span class='ocrx_word' id='word_1_447' title='bbox 1066 3727 1170 3784; x_wconf 89' lang='lat' dir='ltr'>delioiis</span> <span class='ocrx_word' id='word_1_448' title='bbox 1187 3725 1322 3784; x_wconf 83' lang='lat' dir='ltr'>babuerit</span> <span class='ocrx_word' id='word_1_449' title='bbox 1353 3727 1480 3785; x_wconf 75' lang='lat' dir='ltr'>Ceterum</span> <span class='ocrx_word' id='word_1_450' title='bbox 1498 3728 1627 3786; x_wconf 81' lang='lat' dir='ltr'>dedentis</span> <span class='ocrx_word' id='word_1_451' title='bbox 1645 3745 1692 3786; x_wconf 82' lang='lat' dir='ltr'>ne</span> 
     </span>
     <span class='ocr_line' id='line_1_38' title="bbox 258 3813 777 3885; baseline 0 -15"><span class='ocrx_word' id='word_1_452' title='bbox 258 3814 384 3870; x_wconf 77' lang='lat' dir='ltr'>tersoriis</span> <span class='ocrx_word' id='word_1_453' title='bbox 401 3815 532 3885; x_wconf 89' lang='lat' dir='ltr'>impensis</span> <span class='ocrx_word' id='word_1_454' title='bbox 548 3813 597 3870; x_wconf 87' lang='lat' dir='ltr'>liet</span> <span class='ocrx_word' id='word_1_455' title='bbox 614 3813 777 3870; x_wconf 80' lang='lat' dir='ltr'>aestimatio.</span> 
     </span>
    </p>
   </div>
   <div class='ocr_carea' id='block_1_5' title="bbox 257 3929 936 4168">
    <p class='ocr_par' dir='ltr' id='par_1_13' title="bbox 257 3929 936 4168">
     <span class='ocr_line' id='line_1_39' title="bbox 257 3929 444 4001; baseline 0 0"><span class='ocrx_word' id='word_1_456' title='bbox 257 3929 444 4001; x_wconf 73' lang='lat' dir='ltr'><strong><em>F[P(V13U)]</em></strong></span> 
     </span>
     <span class='ocr_line' id='line_1_40' title="bbox 259 4097 936 4168; baseline -0.004 -11"><span class='ocrx_word' id='word_1_457' title='bbox 259 4102 270 4138; x_wconf 84' lang='lat'>1</span> <span class='ocrx_word' id='word_1_458' title='bbox 287 4099 454 4157; x_wconf 68' lang='lat' dir='ltr'>wasemes</span> <span class='ocrx_word' id='word_1_459' title='bbox 471 4097 591 4168; x_wconf 69' lang='lat' dir='ltr'>(rupe</span> <span class='ocrx_word' id='word_1_460' title='bbox 660 4101 673 4134; x_wconf 80' lang='lat'><strong>¹</strong></span> <span class='ocrx_word' id='word_1_461' title='bbox 690 4099 816 4155; x_wconf 72' lang='lat' dir='ltr'>somnne</span> <span class='ocrx_word' id='word_1_462' title='bbox 833 4099 936 4168; x_wconf 72' lang='lat' dir='ltr'>(nun</span> 
     </span>
    </p>
   </div>
   <div class='ocr_carea' id='block_1_6' title="bbox 258 4256 1692 4898">
    <p class='ocr_par' dir='ltr' id='par_1_14' title="bbox 258 4256 1692 4827">
     <span class='ocr_line' id='line_1_41' title="bbox 259 4256 1692 4334; baseline 0.001 -18"><span class='ocrx_word' id='word_1_463' title='bbox 259 4258 465 4316; x_wconf 82' lang='lat' dir='ltr'>lfn&#39;ruutnsF</span> <span class='ocrx_word' id='word_1_464' title='bbox 500 4258 641 4314; x_wconf 70' lang='lat' dir='ltr'>balterius</span> <span class='ocrx_word' id='word_1_465' title='bbox 652 4256 757 4314; x_wconf 79' lang='lat' dir='ltr'>buotus</span> <span class='ocrx_word' id='word_1_466' title='bbox 769 4259 838 4324; x_wconf 57' lang='lat' dir='ltr'>rib,</span> <span class='ocrx_word' id='word_1_467' title='bbox 850 4259 947 4314; x_wconf 76' lang='lat' dir='ltr'>om.P⁶</span> <span class='ocrx_word' id='word_1_468' title='bbox 999 4260 1128 4330; x_wconf 80' lang='lat' dir='ltr'>pulsetur</span> <span class='ocrx_word' id='word_1_469' title='bbox 1144 4261 1204 4327; x_wconf 77' lang='lat' dir='ltr'>P⁶l</span> <span class='ocrx_word' id='word_1_470' title='bbox 1224 4260 1299 4330; x_wconf 91' lang='lat' dir='ltr'>quod</span> <span class='ocrx_word' id='word_1_471' title='bbox 1316 4259 1378 4316; x_wconf 83' lang='lat' dir='ltr'>e&#39;t’x</span> <span class='ocrx_word' id='word_1_472' title='bbox 1394 4263 1432 4315; x_wconf 80' lang='lat' dir='ltr'>F·</span> <span class='ocrx_word' id='word_1_473' title='bbox 1484 4263 1520 4318; x_wconf 78' lang='lat'>25</span> <span class='ocrx_word' id='word_1_474' title='bbox 1538 4277 1639 4334; x_wconf 86' lang='lat' dir='ltr'>sperae</span> <span class='ocrx_word' id='word_1_475' title='bbox 1656 4264 1692 4317; x_wconf 73' lang='grc' dir='ltr'><strong><em>Ρ</em></strong></span> 
     </span>
     <span class='ocr_line' id='line_1_42' title="bbox 258 4330 1691 4403; baseline 0.003 -17"><span class='ocrx_word' id='word_1_476' title='bbox 258 4332 380 4402; x_wconf 71' lang='lat' dir='ltr'>dapum</span> <span class='ocrx_word' id='word_1_477' title='bbox 418 4330 566 4385; x_wconf 77' lang='lat' dir='ltr'>ninellus.</span> <span class='ocrx_word' id='word_1_478' title='bbox 574 4330 647 4396; x_wconf 87' lang='lat' dir='ltr'>PVl</span> <span class='ocrx_word' id='word_1_479' title='bbox 663 4335 706 4385; x_wconf 88' lang='lat' dir='ltr'>est</span> <span class='ocrx_word' id='word_1_480' title='bbox 714 4349 763 4385; x_wconf 76' lang='lat' dir='ltr'>orn.</span> <span class='ocrx_word' id='word_1_481' title='bbox 774 4331 815 4385; x_wconf 90' lang='grc' dir='ltr'>Ρ·</span> <span class='ocrx_word' id='word_1_482' title='bbox 837 4331 945 4400; x_wconf 79' lang='lat' dir='ltr'>bserui]</span> <span class='ocrx_word' id='word_1_483' title='bbox 1000 4333 1034 4387; x_wconf 71' lang='lat' dir='ltr'>i‘l</span> <span class='ocrx_word' id='word_1_484' title='bbox 1046 4331 1185 4388; x_wconf 88' lang='lat' dir='ltr'>urb&#39;an&#39;loi</span> <span class='ocrx_word' id='word_1_485' title='bbox 1196 4331 1241 4396; x_wconf 79' lang='lat' dir='ltr'>F’,</span> <span class='ocrx_word' id='word_1_486' title='bbox 1253 4331 1314 4388; x_wconf 88' lang='lat' dir='ltr'>urbi</span> <span class='ocrx_word' id='word_1_487' title='bbox 1328 4333 1355 4387; x_wconf 85' lang='lat' dir='ltr'><em>U</em></span> <span class='ocrx_word' id='word_1_488' title='bbox 1366 4335 1371 4402; x_wconf 82' lang='grc' dir='ltr'>Ι</span> <span class='ocrx_word' id='word_1_489' title='bbox 1387 4332 1510 4403; x_wconf 87' lang='lat' dir='ltr'>operis&#39;o&#39;</span> <span class='ocrx_word' id='word_1_490' title='bbox 1523 4335 1550 4386; x_wconf 81' lang='lat' dir='ltr'><em>F</em></span> <span class='ocrx_word' id='word_1_491' title='bbox 1580 4336 1691 4392; x_wconf 65' lang='lat' dir='ltr'>ideon-</span> 
     </span>
     <span class='ocr_line' id='line_1_43' title="bbox 259 4402 1691 4472; baseline 0.005 -16"><span class='ocrx_word' id='word_1_492' title='bbox 259 4417 356 4458; x_wconf 88' lang='lat' dir='ltr'>seruns</span> <span class='ocrx_word' id='word_1_493' title='bbox 433 4402 564 4471; x_wconf 72' lang='lat' dir='ltr'>{legates</span> <span class='ocrx_word' id='word_1_494' title='bbox 581 4402 637 4470; x_wconf 61' lang='lat' dir='ltr'>llll</span> <span class='ocrx_word' id='word_1_495' title='bbox 657 4403 712 4471; x_wconf 91' lang='lat' dir='ltr'>uel]</span> <span class='ocrx_word' id='word_1_496' title='bbox 730 4417 785 4458; x_wconf 82' lang='lat' dir='ltr'>nex</span> <span class='ocrx_word' id='word_1_497' title='bbox 802 4403 840 4456; x_wconf 72' lang='lat' dir='ltr'>F·</span> <span class='ocrx_word' id='word_1_498' title='bbox 884 4405 949 4458; x_wconf 83' lang='lat' dir='ltr'>tiet</span> <span class='ocrx_word' id='word_1_499' title='bbox 1000 4403 1073 4458; x_wconf 91' lang='lat' dir='ltr'>sistit</span> <span class='ocrx_word' id='word_1_500' title='bbox 1093 4403 1144 4458; x_wconf 88' lang='lat' dir='ltr'>PU</span> <span class='ocrx_word' id='word_1_501' title='bbox 1156 4405 1161 4472; x_wconf 90' lang='grc' dir='ltr'>Ι</span> <span class='ocrx_word' id='word_1_502' title='bbox 1176 4402 1281 4458; x_wconf 78' lang='lat' dir='ltr'>boetus</span> <span class='ocrx_word' id='word_1_503' title='bbox 1298 4404 1358 4470; x_wconf 83' lang='lat' dir='ltr'>P·l</span> <span class='ocrx_word' id='word_1_504' title='bbox 1378 4403 1501 4460; x_wconf 79' lang='lat' dir='ltr'>dedunt·</span> <span class='ocrx_word' id='word_1_505' title='bbox 1518 4405 1548 4460; x_wconf 91' lang='lat' dir='ltr'>in</span> <span class='ocrx_word' id='word_1_506' title='bbox 1564 4421 1691 4462; x_wconf 85' lang='lat' dir='ltr'>neeessa-</span> 
     </span>
     <span class='ocr_line' id='line_1_44' title="bbox 259 4471 1691 4542; baseline 0.003 -15"><span class='ocrx_word' id='word_1_507' title='bbox 259 4491 308 4527; x_wconf 84' lang='lat' dir='ltr'>om.</span> <span class='ocrx_word' id='word_1_508' title='bbox 327 4475 355 4528; x_wconf 89' lang='lat' dir='ltr'><strong><em>P</em></strong></span> <span class='ocrx_word' id='word_1_509' title='bbox 408 4474 557 4541; x_wconf 76' lang='lat' dir='ltr'>deportet</span> <span class='ocrx_word' id='word_1_510' title='bbox 577 4491 627 4527; x_wconf 87' lang='lat' dir='ltr'>om.</span> <span class='ocrx_word' id='word_1_511' title='bbox 646 4473 684 4526; x_wconf 88' lang='lat' dir='ltr'>P·</span> <span class='ocrx_word' id='word_1_512' title='bbox 742 4473 777 4528; x_wconf 89' lang='lat'>10</span> <span class='ocrx_word' id='word_1_513' title='bbox 801 4471 947 4530; x_wconf 82' lang='lat' dir='ltr'>eomiesso·</span> <span class='ocrx_word' id='word_1_514' title='bbox 1000 4475 1047 4530; x_wconf 88' lang='lat' dir='ltr'>riis</span> <span class='ocrx_word' id='word_1_515' title='bbox 1064 4475 1104 4529; x_wconf 91' lang='lat' dir='ltr'>P·</span> <span class='ocrx_word' id='word_1_516' title='bbox 1138 4474 1309 4530; x_wconf 72' lang='lat' dir='ltr'>eripimus</span> <span class='ocrx_word' id='word_1_517' title='bbox 1328 4475 1355 4528; x_wconf 91' lang='lat' dir='ltr'><em>P</em></span> <span class='ocrx_word' id='word_1_518' title='bbox 1385 4476 1633 4534; x_wconf 71' lang='lat' dir='ltr'>dimediassietinl</span> <span class='ocrx_word' id='word_1_519' title='bbox 1644 4479 1691 4542; x_wconf 73' lang='grc' dir='ltr'>Ρ,</span> 
     </span>
     <span class='ocr_line' id='line_1_45' title="bbox 259 4541 1692 4616; baseline 0.005 -18"><span class='ocrx_word' id='word_1_520' title='bbox 259 4543 328 4598; x_wconf 86' lang='lat' dir='ltr'>riam</span> <span class='ocrx_word' id='word_1_521' title='bbox 345 4541 466 4613; x_wconf 83' lang='lat' dir='ltr'>‘t&#39;egenti</span> <span class='ocrx_word' id='word_1_522' title='bbox 481 4545 507 4598; x_wconf 79' lang='lat' dir='ltr'>F</span> <span class='ocrx_word' id='word_1_523' title='bbox 556 4545 590 4600; x_wconf 79' lang='lat'>12</span> <span class='ocrx_word' id='word_1_524' title='bbox 609 4549 638 4598; x_wconf 91' lang='lat' dir='ltr'>et</span> <span class='ocrx_word' id='word_1_525' title='bbox 654 4544 761 4614; x_wconf 89' lang='lat' dir='ltr'>possori</span> <span class='ocrx_word' id='word_1_526' title='bbox 777 4545 906 4616; x_wconf 76' lang='lat' dir='ltr'>Ftsuppl.</span> <span class='ocrx_word' id='word_1_527' title='bbox 1000 4545 1144 4602; x_wconf 83' lang='lat' dir='ltr'>medestini</span> <span class='ocrx_word' id='word_1_528' title='bbox 1165 4546 1191 4612; x_wconf 88' lang='lat' dir='ltr'>V,</span> <span class='ocrx_word' id='word_1_529' title='bbox 1213 4545 1369 4601; x_wconf 89' lang='lat' dir='ltr'>mediestini</span> <span class='ocrx_word' id='word_1_530' title='bbox 1394 4545 1420 4601; x_wconf 86' lang='lat' dir='ltr'><strong><em>U</em></strong></span> <span class='ocrx_word' id='word_1_531' title='bbox 1473 4547 1509 4603; x_wconf 78' lang='lat'>34</span> <span class='ocrx_word' id='word_1_532' title='bbox 1532 4549 1612 4604; x_wconf 86' lang='lat' dir='ltr'>annis</span> <span class='ocrx_word' id='word_1_533' title='bbox 1635 4565 1692 4605; x_wconf 82' lang='lat' dir='ltr'>nu</span> 
     </span>
     <span class='ocr_line' id='line_1_46' title="bbox 260 4614 1690 4700; baseline 0.003 -30"><span class='ocrx_word' id='word_1_534' title='bbox 260 4615 295 4670; x_wconf 80' lang='lat'>13</span> <span class='ocrx_word' id='word_1_535' title='bbox 306 4614 380 4700; x_wconf 81' lang='lat' dir='ltr'>quid]</span> <span class='ocrx_word' id='word_1_536' title='bbox 394 4615 468 4684; x_wconf 89' lang='lat' dir='ltr'>qnod</span> <span class='ocrx_word' id='word_1_537' title='bbox 476 4615 525 4669; x_wconf 75' lang='lat' dir='ltr'>Pu</span> <span class='ocrx_word' id='word_1_538' title='bbox 540 4615 545 4682; x_wconf 96' lang='grc' dir='ltr'>Ι</span> <span class='ocrx_word' id='word_1_539' title='bbox 560 4616 702 4670; x_wconf 74' lang='lat' dir='ltr'>utonsP·</span> <span class='ocrx_word' id='word_1_540' title='bbox 738 4615 773 4672; x_wconf 79' lang='lat'>14</span> <span class='ocrx_word' id='word_1_541' title='bbox 784 4621 895 4670; x_wconf 79' lang='lat' dir='ltr'>secutus</span> <span class='ocrx_word' id='word_1_542' title='bbox 1000 4617 1070 4672; x_wconf 87' lang='lat' dir='ltr'>P·U</span> <span class='ocrx_word' id='word_1_543' title='bbox 1101 4619 1136 4673; x_wconf 81' lang='lat'>35</span> <span class='ocrx_word' id='word_1_544' title='bbox 1154 4615 1384 4673; x_wconf 74' lang='lat' dir='ltr'>uestimat&#39;o&#39;ioF</span> <span class='ocrx_word' id='word_1_545' title='bbox 1414 4617 1450 4674; x_wconf 82' lang='grc'>36</span> <span class='ocrx_word' id='word_1_546' title='bbox 1468 4618 1615 4675; x_wconf 77' lang='lat' dir='ltr'>dilexerit</span> <span class='ocrx_word' id='word_1_547' title='bbox 1631 4619 1690 4688; x_wconf 80' lang='lat' dir='ltr'>F&#39;l</span> 
     </span>
     <span class='ocr_line' id='line_1_47' title="bbox 260 4684 1692 4760; baseline 0.003 -20"><span class='ocrx_word' id='word_1_548' title='bbox 260 4687 295 4741; x_wconf 87' lang='grc'>16</span> <span class='ocrx_word' id='word_1_549' title='bbox 309 4684 371 4754; x_wconf 92' lang='lat' dir='ltr'>ob&#39;p</span> <span class='ocrx_word' id='word_1_550' title='bbox 379 4686 442 4740; x_wconf 90' lang='lat' dir='ltr'>tulit</span> <span class='ocrx_word' id='word_1_551' title='bbox 452 4686 491 4738; x_wconf 66' lang='lat' dir='ltr'>F*</span> <span class='ocrx_word' id='word_1_552' title='bbox 536 4687 570 4742; x_wconf 84' lang='grc'>19</span> <span class='ocrx_word' id='word_1_553' title='bbox 581 4687 710 4741; x_wconf 67' lang='lat' dir='ltr'>miricam</span> <span class='ocrx_word' id='word_1_554' title='bbox 722 4693 780 4742; x_wconf 79' lang='lat' dir='ltr'>ante</span> <span class='ocrx_word' id='word_1_555' title='bbox 791 4688 816 4751; x_wconf 91' lang='lat'>7,</span> <span class='ocrx_word' id='word_1_556' title='bbox 828 4688 853 4750; x_wconf 81' lang='lat' dir='ltr'>o,</span> <span class='ocrx_word' id='word_1_557' title='bbox 866 4687 951 4742; x_wconf 87' lang='lat' dir='ltr'>6PV</span> <span class='ocrx_word' id='word_1_558' title='bbox 1000 4686 1112 4757; x_wconf 88' lang='lat' dir='ltr'>delieiie]</span> <span class='ocrx_word' id='word_1_559' title='bbox 1132 4697 1179 4753; x_wconf 76' lang='lat' dir='ltr'>eir,</span> <span class='ocrx_word' id='word_1_560' title='bbox 1195 4706 1247 4744; x_wconf 82' lang='lat' dir='ltr'>non</span> <span class='ocrx_word' id='word_1_561' title='bbox 1264 4687 1371 4759; x_wconf 70' lang='lat' dir='ltr'>deligiie</span> <span class='ocrx_word' id='word_1_562' title='bbox 1388 4689 1434 4760; x_wconf 72' lang='grc' dir='ltr'>ΡΙ</span> <span class='ocrx_word' id='word_1_563' title='bbox 1454 4691 1637 4748; x_wconf 71' lang='lat' dir='ltr'>neeesssriis·</span> <span class='ocrx_word' id='word_1_564' title='bbox 1654 4691 1692 4744; x_wconf 69' lang='lat' dir='ltr'>F*</span> 
     </span>
     <span class='ocr_line' id='line_1_48' title="bbox 259 4757 1187 4827; baseline 0.003 -15"><span class='ocrx_word' id='word_1_565' title='bbox 259 4757 295 4812; x_wconf 77' lang='lat'>20</span> <span class='ocrx_word' id='word_1_566' title='bbox 317 4762 408 4812; x_wconf 86' lang='lat' dir='ltr'>sotum</span> <span class='ocrx_word' id='word_1_567' title='bbox 431 4757 508 4812; x_wconf 67' lang='grc' dir='ltr'>ΡΨ</span> <span class='ocrx_word' id='word_1_568' title='bbox 577 4759 611 4812; x_wconf 80' lang='grc'>21</span> <span class='ocrx_word' id='word_1_569' title='bbox 638 4757 671 4827; x_wconf 76' lang='lat' dir='ltr'>etl</span> <span class='ocrx_word' id='word_1_570' title='bbox 695 4757 825 4822; x_wconf 58' lang='grc' dir='ltr'>Μῦς</span> <span class='ocrx_word' id='word_1_571' title='bbox 852 4757 876 4813; x_wconf 90' lang='lat' dir='ltr'>is</span> <span class='ocrx_word' id='word_1_572' title='bbox 899 4758 948 4823; x_wconf 75' lang='lat'>1²⁶,</span> <span class='ocrx_word' id='word_1_573' title='bbox 1000 4758 1035 4815; x_wconf 78' lang='lat' dir='ltr'>et</span> <span class='ocrx_word' id='word_1_574' title='bbox 1053 4757 1134 4815; x_wconf 81' lang='lat' dir='ltr'>li‘a&#39;et</span> <span class='ocrx_word' id='word_1_575' title='bbox 1150 4758 1187 4814; x_wconf 73' lang='lat' dir='ltr'>pu</span> 
     </span>
    </p>

    <p class='ocr_par' dir='ltr' id='par_1_15' title="bbox 259 4825 948 4898">
     <span class='ocr_line' id='line_1_49' title="bbox 259 4825 948 4898; baseline 0 -13"><span class='ocrx_word' id='word_1_576' title='bbox 259 4828 284 4885; x_wconf 89' lang='lat' dir='ltr'>si</span> <span class='ocrx_word' id='word_1_577' title='bbox 306 4828 331 4885; x_wconf 87' lang='lat' dir='ltr'>is</span> <span class='ocrx_word' id='word_1_578' title='bbox 353 4825 472 4884; x_wconf 71' lang='lat' dir='ltr'><strong><em>P⁵V³U⁸</em></strong></span> <span class='ocrx_word' id='word_1_579' title='bbox 495 4828 501 4898; x_wconf 89' lang='grc'>1</span> <span class='ocrx_word' id='word_1_580' title='bbox 527 4827 789 4898; x_wconf 84' lang='lat' dir='ltr'>qu&#39;a&#39;emadmedum</span> <span class='ocrx_word' id='word_1_581' title='bbox 811 4829 848 4884; x_wconf 75' lang='lat' dir='ltr'>F·</span> <span class='ocrx_word' id='word_1_582' title='bbox 872 4829 877 4897; x_wconf 88' lang='grc' dir='ltr'>Ι</span> <span class='ocrx_word' id='word_1_583' title='bbox 900 4829 948 4885; x_wconf 90' lang='lat' dir='ltr'>stl-</span> 
     </span>
    </p>
   </div>
   <div class='ocr_carea' id='block_1_7' title="bbox 0 0 1796 5356">
    <p class='ocr_par' dir='ltr' id='par_1_16' title="bbox 0 0 1796 5356">
     <span class='ocr_line' id='line_1_50' title="bbox 0 0 1796 5356; baseline 0 1"><span class='ocrx_word' id='word_1_584' title='bbox 0 0 1796 5356; x_wconf 95' lang='lat' dir='ltr'> </span> 
     </span>
    </p>
   </div>
  </div>
 </body>
</html>
