3516 5340
32 204 78 251 ιιι
101 203 164 252 unu
186 203 339 262 cursona
361 203 474 252 aenne
716 179 801 260 167
1268 187 1296 254 V
1321 191 1338 256 1
1364 195 1480 252 1844

36 358 97 398 rum
117 343 164 412 sit,
182 348 215 398 ut
231 343 345 413 impune
361 341 486 398 fraudem
503 341 624 412 patietur
640 346 670 397 et
686 346 812 412 egestate
820 343 930 400 'Eumne
947 341 1053 398 laboret
1069 343 1201 400 uiaticulo
1219 359 1269 400 sno
1287 359 1342 408 non
1360 351 1479 416 recepto,

38 431 114 501 quod
132 431 170 486 nd
188 436 329 502 sumptum
346 437 426 502 pater
443 431 469 486 ei
487 430 681 486 destinauerat
709 436 737 486 et
754 429 829 501 finge
847 437 1001 487 senatorem
1014 445 1076 488 esse
1087 429 1173 488 filium
1185 431 1302 490 famffies
1315 433 1362 505 qul
1373 439 1479 504 patrem

39 518 124 575 babet
141 519 171 575 in
188 521 342 590 prouincia,
360 533 451 575 nonne
469 523 586 588 augetur
603 518 707 574 utilitas
724 533 774 589 per
791 519 975 589 digestum?

6 606 24 664 3
92 609 174 664 lou
190 605 260 664 bbro
279 609 471 678 sexagensimo
490 607 527 663 cd
543 607 673 662 edictum.
708 607 797 664 lieres
815 608 915 664 absens
932 608 971 664 rbi
989 606 1178 664 defendendus
1196 612 1252 678 est,
1276 609 1324 665 ubi
1342 605 1480 692 [rsus-,To
1499 621 1527 674 Ε

42 696 189 752 defunctus
207 697 316 766 debuit,
338 701 367 752 et
384 695 597 765 conueniendur,
616 695 640 750 si
658 693 697 750 ibi
714 696 877 765 inueniatur,
896 697 1024 766 nudeque
1042 711 1092 752 ιιιο
1110 697 1220 765 proprio
1237 686 1479 768 pstremo-effi
1499 714 1513 756 ι

14 795 25 839 1
42 791 126 841 satur.
154 784 184 841 Si
202 785 265 854 quia
282 787 397 842 tutelam
414 785 460 840 uel
478 799 572 840 eurum
589 785 635 839 uel
651 785 819 855 negotiauel
831 786 1014 855 argentariam
1025 785 1071 840 uel
1082 784 1150 854 quid
1161 785 1244 855 aliud,
1262 786 1337 842 unde
1349 787 1480 857 obligatio

42 877 136 945 oritur,
154 879 232 930 certo
250 873 302 928 loci
320 873 534 929 adminismauit:
553 873 606 928 etsi
623 871 661 927 ibi
679 871 844 929 domicilium
863 889 918 930 non
936 873 1039 944 habuit,
1057 873 1096 930 lbi
1113 888 1144 929 se
1161 873 1274 930 debebit
1285 873 1431 931 defendere
1443 881 1480 945 et,

16 965 65 1018 tri
82 978 138 1018 non
157 961 290 1018 defendat
306 977 396 1033 neque
413 961 452 1016 ibi
469 961 636 1018 domicilium
654 959 763 1031 habeat,
781 962 855 1019 bona
868 963 1002 1034 possideri
1014 963 1142 1034 patietur.
1170 962 1287 1018 Proinde
1299 967 1328 1018 et
1340 964 1363 1018 si
1375 979 1481 1019 merces

44 1050 168 1106 uendidit
185 1055 262 1106 certo
280 1051 332 1106 loci
350 1051 395 1105 uel
413 1050 549 1120 disposuit
565 1050 611 1104 nel
628 1051 811 1120 comparauit:
834 1051 957 1120 uidetur,
979 1051 1032 1106 nisi
1050 1051 1103 1106 ullo
1121 1051 1173 1106 loci
1191 1054 1223 1106 ut
1240 1049 1400 1108 defenderet
1417 1067 1481 1108 oen·

43 1140 127 1209 uenb,
144 1138 248 1194 rbidem
267 1154 297 1194 se
315 1137 487 1194 defenderet
513 1137 646 1208 numquid
664 1138 797 1194 dicimus¹
815 1154 887 1208 eum,
906 1139 953 1209 qui
970 1156 989 1195 a
1006 1144 1156 1196 mercatore
1173 1139 1240 1210 quid
1251 1141 1422 1210 comparauit
1433 1139 1480 1196 sd·
1501 1157 1529 1198 re

43 1211 121 1296 r'rena,
140 1228 186 1282 nel
204 1228 231 1283 ei
248 1226 373 1282 uendidit
390 1241 472 1297 quem
490 1227 543 1282 scit
555 1225 620 1281 inde
632 1225 775 1282 confestim
787 1226 981 1298 profecturum,
999 1243 1055 1283 uon
1066 1233 1175 1298 eportet
1186 1227 1224 1284 ibi
1235 1227 1310 1284 bona
1320 1229 1480 1300 possideri⁸,

43 1317 91 1372 sed
114 1316 282 1373 domicilium
307 1317 386 1386 sequi
409 1315 489 1372 elus?
520 1319 550 1370 at
573 1315 598 1370 si
621 1315 683 1384 qnia
703 1315 739 1372 ab
757 1331 791 1372 ee
809 1317 856 1386 qui
872 1315 1015 1372 tabernam
1034 1317 1078 1372 uel
1096 1315 1235 1372 officinam
1253 1321 1329 1373 certo
1347 1318 1399 1373 leci
1417 1333 1480 1374 con·

42 1405 152 1460 ductam
171 1403 276 1474 babuit,
294 1405 323 1459 in
341 1419 375 1460 ea
393 1419 478 1459 ιιιιιι
494 1409 538 1459 est
555 1407 587 1458 ut
603 1403 658 1458 illic
676 1405 885 1460 conueniatur⁴:
904 1405 978 1474 quod
990 1405 1079 1474 magis
1091 1403 1175 1460 babet
1187 1406 1329 1461 rationem.
1357 1423 1421 1462 uam
1433 1406 1481 1464 ubi

42 1495 81 1548 sie
97 1493 177 1548 uenit
193 1498 226 1548 ut
243 1491 387 1548 confestim
406 1485 544 1561 diseedet,
562 1491 642 1560 quusi
660 1507 678 1546 a
695 1493 801 1548 uiatore
819 1493 931 1564 emptis,
950 1494 995 1549 uel
1013 1507 1047 1549 eo
1064 1494 1112 1564 qni
1129 1493 1366 1564 consumebatur,
1385 1496 1428 1550 uel
1447 1510 1480 1551 ee

42 1583 87 1652 qui
104 1581 244 1652 uspucsci,
267 1581 347 1636 emit:
365 1579 559 1636 durissimum⁸
577 1585 634 1649 eet,
652 1585 787 1650 quotquot
804 1581 871 1636 loeis
889 1581 951 1651 quis
968 1583 1102 1652 nauigans
1120 1583 1164 1638 uel
1182 1581 1355 1638 iterfaciens
1373 1583 1481 1638 delatus
1499 1598 1528 1640 ιι

42 1676 91 1740 eet,
110 1675 155 1726 tot
170 1670 239 1726 locis
257 1671 306 1724 ιιο
323 1667 442 1724 defendi.
471 1675 501 1724 at
517 1670 541 1724 si
560 1683 615 1739 quo
633 1669 762 1739 constitit,
781 1684 837 1726 uon
855 1669 917 1726 dieo
934 1671 993 1726 iure
1011 1671 1148 1740 domicilii,
1167 1671 1216 1726 sed
1234 1671 1405 1727 tabernulam
1420 1687 1480 1741 per·

41 1761 134 1829 qulam
152 1758 279 1814 horreum
297 1758 443 1814 armarium
461 1756 599 1813 officinam
617 1757 750 1813 conduxit
766 1758 859 1828 ibique
876 1759 1003 1816 diruant
1020 1761 1091 1830 egit:
1110 1757 1257 1815 defendere
1276 1775 1306 1814 se
1325 1773 1358 1815 eo
1370 1759 1423 1815 leci
1435 1761 1481 1816 de·

14 1847 126 1904 tbabit
163 1845 247 1916 Apud
266 1845 423 1901 Labeonem
444 1847 599 1917 quaeritur,
624 1847 647 1901 si
672 1845 753 1902 home
776 1847 951 1916 prouincialis
975 1863 1085 1904 seruum
1106 1849 1257 1904 institorem
1275 1847 1481 1904 condendarum

40 1937 174 1992 mercium
193 1935 284 2005 gratia
296 1935 399 1989 Romae
417 1933 532 1990 hebeat:
551 1934 625 2004 qnod
643 1949 706 1989 eum
724 1949 758 1990 eo
776 1949 857 1991 seruo
875 1941 1045 1993 contractum
1063 1941 1114 2006 est,
1132 1937 1172 1991 itu
1189 1935 1345 1994 habendum
1364 1941 1445 2006 atque
1458 1937 1481 1990 si

11 2029 103 2080 teum
121 2024 235 2080 domine
254 2029 424 2080 contrcctum
443 2024 492 2079 sit:
511 2037 596 2093 quare
614 2022 653 2078 ibi
670 2038 702 2078 se
719 2021 832 2078 debebit
849 2022 1004 2080 defendere.
1035 2024 1106 2080 illud
1124 2025 1264 2080 sciendum
1283 2029 1327 2080 est
1344 2039 1415 2094 eum,
1434 2025 1482 2094 qui
1501 2039 1529 2082 ιο

38 2114 80 2169 ita
97 2111 152 2167 tuit
168 2111 308 2182 obligatus
326 2113 403 2168 utin
421 2112 501 2167 Italis
519 2112 651 2181 solueret,
675 2112 699 2166 si
715 2112 744 2166 iu
762 2112 904 2182 prouincia
921 2111 1018 2168 babuit
1036 2113 1216 2183 domicilium,
1235 2112 1381 2183 uuubiqne
1399 2128 1481 2184 posse

39 2201 183 2258 conueniri
202 2205 232 2256 et
248 2201 294 2256 hie
311 2205 340 2256 et
357 2201 408 2256 ibi:
431 2207 460 2255 et
476 2201 517 2255 itu
534 2205 563 2255 et
580 2199 685 2255 iudano
703 2204 732 2256 et
749 2201 842 2256 multis
860 2200 920 2256 aliis
938 2199 1056 2255 uidetur.

0 2315 2 2320 v
95 2291 216 2346 Pennus
237 2289 307 2344 libro
329 2289 575 2359 quinquagensimo
593 2293 692 2344 octauo
711 2287 747 2343 ad
764 2287 893 2344 edietum.
930 2288 1044 2344 Omnem
1063 2287 1257 2359 obligotlonem
1276 2305 1326 2360 pro
1345 2283 1482 2372 [fiffl
1499 2298 1528 2352 Ε

39 2383 186 2434 conuecto
203 2377 358 2433 babendum
377 2376 588 2432 existimandum
606 2381 658 2446 est,
676 2380 708 2432 ut
721 2376 886 2447 ubicumque
899 2377 996 2447 aliquis
1008 2376 1152 2448 obligetur,
1172 2384 1200 2434 et
1212 2377 1335 2434 contrahi
1347 2377 1481 2447 uideatur,

39 2468 169 2538 quamuis
187 2481 243 2522 non
260 2480 296 2521 ex
314 2465 410 2520 crediti
428 2479 512 2520 cuum
530 2463 670 2520 debentur.
1500 2480 1530 2522 ιι
1642 2509 1648 2528 ,

1 2554 20 2610 3
95 2555 248 2612 omasus
269 2554 338 2610 libro
361 2553 584 2624 ceptrcgemimo
607 2553 643 2608 sd
661 2553 789 2609 edictum.
827 2551 856 2608 Si
875 2551 993 2610 debitori
1010 2567 1072 2610 meo
1089 2555 1170 2610 uelim
1189 2556 1324 2611 audonem
1344 2549 1481 2638 [re—usu]
1500 2563 1528 2617 Ε

40 2645 139 2714 edere,
161 2642 335 2714 probandum
356 2643 423 2712 erit,
446 2643 470 2697 si
487 2641 608 2697 fateatur
625 2655 656 2697 sc
674 2641 775 2698 debere
792 2647 974 2713 perstumque
991 2643 1066 2698 dicat
1082 2643 1202 2714 soluere,
1226 2643 1391 2699 audiendam
1409 2659 1481 2714 eum,

40 2733 219 2803 dentiumque
242 2732 314 2786 diem
339 2746 401 2786 eum
424 2731 590 2801 competenti
613 2731 722 2786 mutale
739 2731 775 2786 ad
793 2731 952 2788 soluendam
970 2732 1129 2801 pecuniam:
1153 2747 1242 2802 neque
1261 2733 1333 2789 enirn
1351 2749 1482 2803 magnum

40 2822 173 2878 damnum
192 2820 281 2875 estin
298 2834 376 2875 mora
394 2819 494 2876 modici
511 2819 651 2889 temporis.
679 2817 817 2876 modicum
832 2825 925 2875 autern
936 2824 1045 2890 tempus
1056 2819 1102 2876 hio
1113 2821 1325 2891 intellegendum
1338 2827 1389 2898 eat,
1407 2821 1482 2892 qnod

40 2916 105 2983 post
123 2909 378 2966 condemnationem
397 2907 450 2964 reis
468 2907 603 2964 indultam
622 2912 673 2964 est.
1500 2923 1530 2964 ae

1 3006 19 3054 ἰ
94 3000 216 3055 Pronus
233 2997 302 3052 obre
319 2997 401 3052 tertio
419 2996 455 3052 ed
468 2996 612 3051 Plautium.
640 2995 692 3062 Qui
709 3011 764 3051 non
782 2996 891 3066 cogitur
900 2997 930 3052 in
941 2997 1032 3067 aliquo
1045 2997 1105 3052 loco
1116 2995 1246 3052 iudicium
1258 2997 1325 3068 pati,
1343 2979 1481 3084 Q
1500 3005 1528 3060 Ε

84 3089 144 3158 ipse
161 3086 201 3142 ibi
219 3093 293 3157 agat,
312 3087 419 3156 cogitur
437 3085 563 3154 excipere
582 3084 704 3140 actiones
722 3089 752 3140 et
769 3083 805 3140 sd
823 3084 940 3140 eundem
958 3085 1076 3140 iudicem
1095 3086 1174 3141 mitti.

94 3177 175 3232 Ιοιιιι
196 3175 266 3232 lrbro
288 3175 406 3246 septimo
429 3173 465 3230 ad
482 3173 627 3228 Plautium.
647 3173 657 3244 ΙΙ
683 3173 743 3229 Non
761 3179 854 3244 potest
870 3173 958 3228 uideri
974 3174 1003 3228 in
1020 3173 1150 3229 iudicium
1169 3175 1278 3230 neniam
1296 3174 1326 3230 id
1343 3167 1481 3260 [Μ
1499 3181 1527 3236 Ε
1551 3184 1568 3232 i.
1579 3179 1618 3232 tl·

43 3265 118 3336 quod
134 3269 200 3334 pest
218 3263 348 3320 iudicium
366 3267 509 3333 acceptum
527 3261 688 3317 accidisset:
706 3261 823 3332 ideoque
842 3262 896 3318 slia
912 3262 1129 3332 interpellatione
1147 3277 1217 3332 opus
1234 3267 1285 3318 est
1499 3275 1530 3317 ιι

97 3353 175 3408 marr
192 3351 262 3408 libro
280 3351 396 3421 septimo
415 3345 521 3406 de‘cime
540 3350 576 3405 ad
588 3351 733 3406 Plautium.
761 3350 823 3406 Non
841 3351 909 3406 alise
921 3351 950 3406 in
967 3365 1024 3419 eos,
1039 3365 1108 3419 quoe
1119 3351 1247 3420 princepe
1259 3365 1323 3406 eno·
1343 3346 1482 3434 W
1498 3357 1527 3412 E

15 3442 126 3512 renuit,
144 3442 250 3498 Romee
268 3440 400 3510 competit
417 3439 497 3508 ectio,
516 3453 598 3510 quam
618 3439 642 3493 si
659 3439 711 3494 boc
728 3443 851 3509 tempore
869 3438 1062 3494 contexerint
1090 3439 1187 3507 Legati
1202 3453 1237 3494 ex
1248 3426 1481 3509 delcmffug'u'-

15 3531 118 3585 itione
136 3529 291 3585 commissis
310 3533 445 3598 eoguntur
462 3527 593 3583 indicium
604 3528 709 3583 Romae
727 3529 793 3597 pati,
812 3527 871 3582 siue
889 3528 943 3597 ipsi
961 3527 1129 3582 sdmieemnt
1141 3527 1199 3582 siue
1212 3529 1284 3584 serui
1295 3543 1398 3583 eornm.
1426 3527 1481 3584 Sed
1566 3545 1568 3548 ·

45 3619 68 3673 si
90 3617 248 3688 poctalctnr
269 3618 299 3672 in
316 3631 374 3672 rem
392 3617 465 3672 ectio
483 3615 616 3670 sduersur
633 3617 768 3686 legatum,
792 3614 925 3684 numquid
948 3614 1040 3670 dando
1062 3616 1111 3685 ait,
1135 3615 1263 3685 queniam
1287 3629 1321 3672 ex
1343 3617 1482 3686 praesenti

44 3706 219 3776 pememione
236 3705 306 3760 hoec
323 3705 396 3760 sotio
414 3704 477 3758 ert?
504 3703 615 3759 Cassius
633 3703 774 3773 respondit
791 3704 832 3758 sic
849 3703 1023 3773 seruandum,
1041 3709 1073 3758 ut
1086 3704 1110 3758 si
1122 3703 1291 3760 subducatur
1302 3706 1481 3761 ministerium

44 3795 81 3866 si,
104 3809 161 3850 nen
179 3793 217 3849 sit
234 3791 410 3850 wncedeuda
428 3792 514 3862 actio,
538 3792 562 3846 si
580 3805 646 3847 uero
664 3805 699 3846 ex
717 3791 809 3847 multis
827 3791 914 3846 seruis
932 3791 968 3846 de
985 3807 1040 3848 uno
1059 3795 1171 3862 agam,
1195 3807 1251 3848 non
1268 3793 1480 3870 sitinbrbenda:
1499 3803 1529 3846 ιι

46 3899 177 3971 rffln
195 3907 298 3955 mccc
314 3902 330 3953 ι.
342 3899 385 3954 22.
396 3898 432 3952 ιι
453 3897 500 3969 ιι]

45 4040 173 4096 ¹debere
192 4047 240 4095 ιιι.
258 4041 340 4106 (dett.)
411 4037 566 4106 ²dicimus]
585 4038 688 4107 igitur?
752 4038 922 4108 ⁸possidere
941 4038 1044 4105 (Humi
1106 4038 1301 4094 ‘conueniati
1372 4039 1480 4108 lqueei

44 4127 60 4168 ι
76 4113 184 4168 uictore
202 4111 271 4166 euris
288 4110 334 4166 uel
351 4123 385 4165 ee
402 4123 429 4180 q.
447 4113 468 4164 t.
486 4109 532 4164 uel
549 4123 584 4164 ee
601 4110 649 4178 qui
666 4111 791 4182 uspausci
808 4115 837 4164 et
855 4109 1051 4164 durissimum?
1118 4111 1133 4172 ,θ
1150 4109 1189 4178 se]
1209 4109 1256 4163 et?

43 4233 312 4306 fmmptusPVLU
324 4233 329 4300 Ι
344 4232 524 4288 destinauerit
535 4232 625 4286 PVU·
660 4235 735 4290 tine·
774 4233 861 4289 seium
873 4233 914 4287 P·
951 4233 985 4288 19
997 4230 1109 4288 habebit
1122 4229 1312 4299 loquuturi
1323 4229 1370 4296 P‘,
1383 4233 1481 4288 tucP·

43 4308 147 4376 getium
167 4303 272 4370 Ptvo,
290 4312 339 4358 ιιι.
352 4303 392 4356 Ρ·
446 4306 556 4360 lcerto
570 4303 639 4359 locis
653 4305 736 4371 ΡΨ,
789 4307 823 4361 21
841 4309 874 4359 ut
891 4302 993 4374 ubique
1005 4305 1053 4368 Ρ·,
1072 4308 1103 4357 ut
1120 4301 1249 4370 ibiqueL
1294 4303 1328 4357 ιι
1347 4303 1415 4372 aliis]
1433 4303 1479 4358 ali-

43 4379 124 4433 ecrtis
141 4377 211 4432 locis
227 4375 259 4440 V,
278 4378 353 4430 certo
370 4374 476 4430 locell
527 4376 683 4500 8Xetiatur
697 4375 737 4430 P·
789 4375 851 4448 quir
874 4375 915 4428 P·
976 4375 1010 4429 27
1033 4377 1201 4443 paratusque
1223 4373 1264 4426 P·
1321 4375 1355 4428 31
1379 4373 1433 4430 alio
1456 4375 1484 4429 P

577 4451 654 4501 erent
681 4447 736 4510 Pu,
790 4449 825 4502 33
847 4445 894 4500 lib.
911 4444 969 4500 xuii
986 4442 1084 4499 P⁶VU
1133 4445 1169 4498 34
1192 4442 1345 4499 accedisset
1367 4445 1424 4498 FP:
1448 4444 1480 4499 τὸ

43 4449 182 4504 iliberto
203 4447 254 4514 F!
279 4443 447 4514 defenderet]
475 4443 557 4502 defen

43 4519 192 4576 defendent
208 4517 237 4572 V
287 4517 321 4572 12
339 4516 467 4572 tabernas
484 4517 530 4571 uel
546 4515 706 4572 officinm.
719 4517 736 4571 l.
791 4516 884 4572 secudu
902 4516 1035 4586 οκᾰτιρὶιιι
1049 4514 1148 4580 crudis
1162 4515 1189 4568 B
1232 4513 1348 4584 35q110t
1371 4515 1482 4584 quodP

887 4537 901 4603 l

43 4591 193 4646 mnductas
201 4587 284 4644 PVU
318 4587 352 4642 14
363 4587 592 4672 trunauebebutur
605 4591 737 4680 (censae-
791 4589 826 4644 36
845 4587 979 4672 'delegati
996 4601 1031 4642 ex
1049 4586 1156 4641 delictis
1174 4585 1203 4639 iu
1216 4585 1358 4672 legatione·
1369 4584 1415 4651 1³⁴,
1433 4586 1480 4691 de—

42 4661 195 4805 um
212 4657 736 4798 ιι)
788 4661 940 4785 ιιι
953 4659 1095 4812 ιιι
1123 4655 1480 4814 eventurus

42 4817 74 4858 ee
90 4823 141 4858 eru.
185 4803 201 4858 i
249 4799 737 4886 1qcusnre]3upuuaev,naana
788 4801 829 4855 1²⁶
849 4799 854 4867 l
874 4797 1042 4884 ammisennt
1062 4798 1100 4866 P,·
1116 4802 1257 4882 ammeunt
1279 4799 1342 4865 LU,
1370 4813 1480 4855 comm1-

42 4817 736 5012 ιιιιιιιιιιιιιι
789 4869 1019 4998 uun
1037 4870 1078 4924 ¹²·
1129 4869 1165 4925 ³⁹
1183 4870 1298 4940 un
1414 4868 1479 4938 Pl
