3584 5326
904 139 1080 210 lxxxiiii
1123 169 1125 180 ι

272 316 414 388 1,173,18
450 317 529 372 adde:
547 316 644 386 possiti
664 331 719 372 non
736 316 846 386 possit?

309 406 426 461 19104
444 407 497 460 niele

258 479 261 488 ¹
309 496 362 549 200
374 495 424 549 01
443 509 543 549 00000
561 495 643 549 serite
661 493 771 550 nomine

308 584 415 652 205,12
442 585 521 640 adde:
540 583 671 652 iunctum]
691 583 813 638 inmotum
832 582 930 636 tuum?

308 675 370 742 227,
379 673 415 728 36
443 674 524 726 uelde:
542 672 683 728 Scaeuolae
701 681 785 744 magis
803 691 879 742 quom
897 671 989 726 Pauli:
1007 691 1032 724 a.
1045 672 1081 725 ud
1097 671 1135 724 D.
1147 671 1189 736 32,
1202 671 1237 725 78

308 763 370 832 229,
380 762 415 816 24
441 762 524 816 scribe
542 762 642 816 sublata
660 782 684 816 ri.
698 763 731 815 5:
751 759 839 829 initio]
858 769 910 813 lom
929 762 1015 814 aialim
1033 779 1083 814 nors
1101 763 1190 825 delere,
1207 761 1253 815 secl
1270 767 1368 814 mutare
1388 767 1413 813 in
1431 758 1498 813 inibi

309 852 370 921 252,
381 851 417 906 30
443 851 525 906 scribe
543 851 643 905 euthia
660 870 685 904 a.
698 849 729 904 6.·
746 849 879 904 luminum
899 849 927 903 in
945 847 1087 918 seruitute]
1106 849 1238 905 luminum
1256 849 1479 904 inmittendorum
1498 845 1654 902 seruitute?
1741 873 1781 940 l

309 941 369 1010 253,
380 941 414 995 27
442 941 523 995 udde:
549 938 629 993 alteri
651 939 749 1010 00000,
777 939 855 994 alteri
877 938 1001 1007 aliarum]
1025 957 1074 1009 pro
1097 940 1138 994 liis
1161 939 1299 995 Marcellus
1322 945 1427 1010 erripuit
1448 946 1541 1008 opinor
1565 935 1716 990 alterarum

503 1027 613 1083 aedium

310 1119 372 1188 256,
382 1119 416 1173 29
444 1118 526 1172 olle:
544 1116 652 1186 nempe]
671 1116 706 1172 de
724 1130 758 1172 ea
775 1117 824 1170 rei

309 1207 371 1278 263,
380 1207 415 1262 30
442 1208 522 1262 udde:
545 1203 765 1286 071οὲ07030ιῷ,
793 1205 894 1270 linos
912 1207 943 1260 is
965 1206 1044 1277 Bolia
1070 1207 1229 1262 eerilrmdum
1253 1225 1305 1260 ease
1330 1207 1416 1260 deletis
1433 1205 1566 1259 uocabulis
1584 1204 1625 1270 τῷ
1650 1199 1702 1257 etl'

504 1305 601 1351 monuit
617 1295 797 1368 Kirelileffiue

271 1393 273 1397 ’
310 1387 363 1441 264
375 1387 424 1441 0.1
443 1393 541 1441 monuit
557 1385 707 1458 Krueyerus
730 1385 792 1438 liaeo
806 1387 953 1457 sorruoada
977 1403 1029 1440 aeae
1052 1387 1088 1439 orl
1110 1388 1191 1440 lorum
1210 1384 1272 1438 luat.
1284 1387 1309 1448 2,
1322 1384 1376 1448 3,1
1399 1391 1422 1438 el
1446 1391 1526 1454 ipsum
1545 1381 1712 1452 probabiliter

505 1475 661 1546 dmoniplum
680 1493 709 1528 er
729 1475 928 1528 institutionibus
950 1473 1066 1546 Ulpiani,
1085 1474 1129 1528 ati
1146 1481 1184 1526 ric
1202 1479 1252 1526 est:
1272 1471 1444 1542 praediorum
1464 1469 1634 1526 urbanorum
1654 1472 1716 1524 sunt

506 1563 654 1618 seruitutes
671 1577 743 1632 quae
762 1560 894 1618 aedificiis
913 1561 1062 1631 inhaerent,
1081 1561 1144 1617 ideo
1163 1559 1327 1616 urbanorum
1342 1561 1515 1630 praediorum
1529 1560 1632 1629 diotae,
1651 1574 1717 1629 quo·

475 1693 477 1696 -
505 1653 577 1706 niam
597 1649 723 1707 aedilicia
740 1653 832 1708 omnia
850 1651 957 1708 urbane
968 1652 1081 1722 praedia
1093 1652 1272 1722 appellantur,
1291 1652 1344 1706 etsi
1356 1651 1384 1706 in
1395 1651 1468 1706 uillis
1482 1647 1631 1704 aedificata
1644 1654 1718 1703 sunt

505 1749 610 1812 erripuit
631 1749 711 1812 igilur
733 1741 857 1813 Ulpianus
875 1743 912 1796 orl
929 1742 995 1798 lune
1019 1743 1135 1796 modum:
1159 1745 1187 1796 et
1205 1739 1311 1796 urbana
1328 1740 1439 1811 quidem
1457 1739 1572 1810 praedia
1590 1737 1722 1794 aedificia

506 1829 598 1886 omnia
616 1830 797 1899 appellamus:
815 1829 899 1899 igitur
917 1831 969 1886 etsi
987 1831 1015 1886 in
1033 1830 1098 1886 uilia
1116 1827 1242 1885 aedificia
1260 1831 1315 1885 sint
1332 1838 1378 1885 cel.

311 1919 364 1974 270
377 1918 428 1972 02
446 1926 484 1972 aie
502 1925 586 1973 mulo:
603 1916 729 1988 balineis]
747 1917 893 1974 balneariis
909 1928 995 1992 potius
1014 1940 1089 1992 quom
1106 1917 1222 1974 balinei:
1241 1917 1325 1992 efill,
1338 1919 1398 1984 600,
1411 1919 1445 1972 12

203 2005 204 2008 ’
311 2008 428 2062 27102
446 2008 500 2062 dale

312 2098 374 2166 292,
384 2097 419 2151 25
446 2097 526 2151 udde:
544 2095 635 2151 mulae
653 2095 785 2152 ducerent
803 2097 881 2166 inter]
901 2097 992 2152 mulae
1010 2095 1133 2152 iaoerent
1150 2097 1221 2152 iter?

312 2187 374 2255 296,
385 2186 419 2240 21
447 2186 528 2240 udde:
547 2191 575 2239 et
592 2184 695 2254 heredi]
716 2188 782 2241 idem
796 2187 908 2241 Graeci:
924 2201 976 2242 nee
993 2185 1086 2242 heredi
1105 2187 1322 2261 (Woelenelorffs
1340 2185 1501 2258 efSclmidi
1515 2184 1610 2237 intercl-
1622 2203 1651 2253 p.
1664 2183 1727 2248 127,

508 2275 596 2328 Bruna
615 2275 739 2330 Zeilselr.
748 2279 804 2347 silr
821 2277 997 2348 Recllsyeaeli.
1010 2277 1035 2341 3,
1048 2276 1131 2343 3840?

312 2364 364 2418 327
377 2363 427 2418 ml
443 2363 590 2435 praestabit
606 2363 686 2418 uerbo
703 2371 740 2420 siu
754 2367 877 2438 sorruore
895 2384 952 2420 eum
972 2366 1094 2420 Ouiaelo:
1118 2365 1201 2420 etiam
1226 2379 1280 2420 000
1305 2367 1432 2418 manente
1456 2362 1495 2416 rei
1516 2362 1727 2430 communione,

509 2453 599 2506 deinde
623 2461 733 2508 emerere
756 2457 833 2509 iulia:
857 2453 931 2509 idem
954 2453 1100 2510 dieendurn
1124 2458 1181 2525 est,
1206 2452 1254 2509 ubi
1278 2453 1368 2509 erraui
1390 2452 1419 2508 in
1442 2465 1562 2521 persona
1587 2451 1661 2506 sooii
1681 2454 1728 2523 (cf.

506 2562 533 2613 ρ.
545 2541 605 2606 326,
618 2542 663 2606 22)

313 2629 367 2685 330
378 2629 430 2684 n.3
448 2638 486 2685 eie
504 2637 589 2685 muto:
608 2629 745 2700 exhibitis]
766 2646 801 2687 ex
818 2631 967 2690 exhibitis?

313 2719 421 2790 36240
448 2721 529 2774 udde.-
547 2719 630 2774 etiam
650 2721 696 2775 del.

314 2808 376 2878 364,
386 2807 422 2862 23
447 2809 528 2863 udde:
547 2822 601 2878 quo
621 2810 720 2880 minus]
739 2809 943 2880 quodminus?

314 2895 376 2967 365,
385 2897 420 2952 23
448 2898 528 2952 adde:
547 2895 673 2968 stabitur]
692 2898 810 2954 stabitur
828 2900 881 2956 eo?

386 2985 422 3040 38
449 2987 531 3042 odda:
549 2986 678 3056 delatum]
698 2987 815 3044 datum?

315 3075 377 3145 404,
405 3076 421 3129 7
449 3077 529 3130 udde:
547 3076 606 3131 0100
625 3078 672 3132 lei.

315 3165 377 3234 420,
407 3167 422 3219 1
450 3166 530 3220 alle:
549 3163 657 3234 luerint]
679 3164 761 3221 sueni
778 3166 882 3233 (Batti
910 3199 915 3204 -

316 3254 369 3308 423
382 3254 434 3308 no
452 3251 490 3309 sie
507 3261 592 3309 muto:
610 3255 735 3325 quisquis
753 3255 921 3326 praeposuit]
941 3254 1002 3324 quis
1020 3254 1057 3310 sit
1074 3254 1121 3325 qui
1138 3255 1298 3326 praeposuit
1376 3299 1380 3308 .

317 3343 423 3412 436,29
451 3343 532 3398 adde:
551 3349 580 3398 et
597 3343 677 3399 huius
696 3347 742 3400 del.

317 3432 424 3503 453,40
451 3433 532 3487 adde:
556 3434 628 3489 aetio
652 3434 703 3504 esi]
720 3438 833 3506 ſsrmonl
858 3433 954 3490 Graeci
977 3431 1068 3503 (oil'eu
1095 3434 1174 3490 ieros
1198 3435 1229 3506 τῇ
1255 3433 1285 3486 l'e
1309 3433 1331 3487 is
1357 3432 1403 3504 p'eu
1429 3432 1506 3503 iiipco
1530 3433 1627 3496 siseres
1654 3434 1731 3506 quispe

514 3521 610 3592 Sicula,
627 3522 695 3594 ἒχειε
708 3522 771 3577 saul
783 3523 834 3585 0οῨ
850 3522 967 3594 0100001
981 3523 1028 3578 iiic
1040 3523 1158 3579 lauisse
1169 3521 1272 3590 lsmsiiu
1287 3522 1398 3592 Aaou.):
1417 3521 1489 3579 00110
1502 3526 1597 3578 oomni
1612 3523 1730 3591 (Wind-

513 3611 601 3666 selieid
619 3620 645 3666 iri
659 3611 777 3684 000112,
790 3613 815 3677 2,
827 3612 912 3681 397)2

318 3697 381 3768 457,
408 3699 425 3752 8
452 3699 649 3770 adderetque
668 3700 766 3770 magis]
785 3701 837 3756 etsi
855 3717 910 3771 quo
930 3703 1038 3772 magis?

318 3787 424 3858 478,11
452 3789 533 3842 udde:
551 3789 708 3846 etiamnuno
726 3789 762 3844 ab
779 3791 933 3860 ignorante]
955 3791 991 3846 ab
1009 3791 1153 3862 ignorante
1171 3791 1347 3848 etiamnunol

319 3877 381 3946 509,
408 3877 425 3932 3
453 3877 534 3932 adde:
552 3893 613 3932 0001
632 3880 678 3934 del.
697 3878 780 3946 (FU)

320 3966 382 4036 514,
396 3967 428 4038 11
456 3974 494 4021 eie
512 3970 582 4038 euple
599 3969 680 4023 denia
697 3970 767 4022 s.1.·
785 3968 809 4024 si
828 3969 899 4024 selas
918 3969 1108 4027 alienationem
1127 3985 1189 4027 esse
1209 3969 1390 4042 [prohibitam
1409 3969 1605 4027 alienationem
1624 3972 1712 4043 essa]

320 4056 373 4110 523
386 4055 437 4110 n.3
456 4064 508 4110 iam
526 4058 613 4110 malim
632 4064 690 4112 onte
707 4057 754 4127 qui
772 4056 882 4114 scribsit
900 4067 1010 4114 imerere
1027 4059 1051 4115 si

321 4145 382 4213 523,
392 4145 427 4199 32
454 4146 534 4199 alde:
553 4145 644 4215 aliqui]
664 4147 849 4216 nequiquam?

321 4233 383 4302 527,
393 4234 428 4288 22
455 4235 535 4289 adds:
553 4235 655 4304 emptio
673 4237 835 4291 remanserit
852 4236 1026 4308 (Boeotin9)?

321 4322 384 4392 555,
410 4322 428 4378 5
455 4323 537 4378 udde:
554 4321 646 4392 rebus]
666 4323 829 4380 arboribus?

392 4411 428 4466 29
454 4411 535 4466 alde:
552 4427 635 4482 quam
653 4412 681 4468 in
698 4414 788 4483 prato]
808 4413 852 4469 uel
870 4414 898 4468 in
912 4415 1015 4484 prato?

320 4499 429 4570 557,30
455 4500 536 4554 udde:
554 4500 654 4570 aliqua]
675 4501 728 4557 0110
746 4518 802 4573 qua
819 4505 946 4570 (simililer
964 4505 1047 4559 loeis
1065 4505 1124 4560 lrii.
1136 4504 1211 4561 siud.
1227 4526 1254 4578 p.
1266 4507 1333 4574 66)i

320 4587 429 4658 56214
455 4590 536 4644 udde:
555 4589 598 4646 uel
617 4589 665 4646 ubi
682 4606 782 4662 greges
800 4592 859 4649 eius
877 4597 951 4649 stare
969 4596 1096 4664 oporteat
1112 4613 1164 4650 non
1180 4602 1240 4650 runi
1259 4595 1363 4667 Ulpianus·

321 4675 374 4732 567
387 4679 438 4733 mi
454 4687 572 4750 praestet
588 4681 700 4736 seribere
717 4681 824 4737 soluere
840 4702 890 4753 pro
909 4683 1029 4740 solueret
1047 4703 1123 4756 qaum
1141 4704 1197 4741 eam
1215 4683 1367 4740 Hokourlro
1385 4691 1495 4739 interm
1515 4689 1548 4740 ut

322 4765 439 4822 572102
456 4776 495 4824 eie
513 4776 597 4824 raudo:
615 4767 795 4826 10140100οω
813 4770 897 4828 1711130

321 4853 382 4927 573,
392 4855 427 4911 28
454 4857 535 4913 005.-
553 4858 642 4928 nauis]
662 4861 794 4930 magister
811 4859 912 4917 nauis?

322 4945 383 5017 574,
393 4947 428 5002 28
454 4949 536 5004 udde:
554 4956 613 5005 onte
631 4948 812 5006 conductione
830 4959 878 5006 ins.
891 4950 1026 5008 locatione
