3698 5364
198 204 472 265 ousmsuuonom
494 203 654 252 8888888
875 177 961 257 727
1335 183 1454 253 XXIIII
1474 188 1495 254 3
1515 191 1631 249 47-85

196 351 286 402 teratu
302 344 393 416 luerit,
411 343 478 400 nihil
495 359 530 400 er
547 343 612 398 dote
629 343 776 398 retinetur:
795 357 845 398 our
861 341 934 397 euim
952 340 1088 413 Improbat
1104 341 1219 398 maritus
1235 357 1334 414 mores,
1352 357 1422 414 quos
1436 344 1496 415 ipse
1508 349 1556 400 aut
1567 349 1632 402 ante

197 437 318 506 corrupit
335 441 384 491 aut
400 440 499 506 postea
515 431 662 505 probauit?
687 432 711 487 81
727 435 821 486 tamen
838 445 873 486 er
891 433 983 486 mente
999 431 1070 502 legis
1088 436 1179 488 sumet
1190 432 1260 503 quis,
1278 437 1310 488 ut
1326 447 1378 488 nec
1393 449 1524 490 accusare
1536 435 1631 506 possit,

197 528 244 598 qui
261 525 425 582 lenocinium
443 523 522 580 urorl
540 519 705 593 praebuerit,
722 519 877 575 audiendus
894 523 945 575 888.

139 619 179 678 48
250 613 474 672 0888888888
497 611 566 667 11188
589 609 711 665 secundo
729 609 928 680 quaestionum.
965 607 995 666 Si
1012 609 1098 665 (188811
1117 609 1298 666 instrumento
1315 611 1355 666 ita
1372 612 1456 682 stipo·
1475 606 1631 696 W
1650 617 1677 672 P

196 706 262 762 latio
283 704 445 774 interposita
468 701 517 770 sit,
542 706 574 756 ut
596 699 743 754 liberorum
767 699 877 755 nomios
895 698 945 754 doe
968 699 1041 770 apud
1066 697 1192 754 maritum
1214 699 1347 770 resideat,
1369 687 1632 773 nepotum—quoqffi
1650 713 1664 754 8

197 795 305 850 nomine
323 793 374 849 dos
392 791 561 848 retinebitur.

139 889 178 947 49
249 883 369 938 Patruus
384 881 453 938 libro
472 881 802 951 septimoresponsorum.
838 877 947 932 1188818
964 877 1061 932 marito
1079 891 1130 932 suo
1147 877 1219 933 inter
1236 879 1304 934 alias
1321 893 1365 934 res
1383 873 1631 964 (1881888388,
1600 885 1677 940 41Ρ

196 973 278 1028 81188
295 973 505 1027 intrumentum
525 955 674 1024 solidorum
692 965 805 1022 118888ι
822 966 949 1036 tradidit,
975 981 1029 1036 quo
1048 965 1179 1022 Otacilius
1201 967 1289 1022 eidem
1307 968 1431 1024 Maeuiae
1454 974 1566 1025 cauerat
1584 969 1631 1024 da·

195 1067 286 1118 turum
305 1077 343 1131 se,
362 1077 425 1116 cum
443 1065 558 1130 nuptum
576 1059 616 1113 iro
634 1057 781 1127 coepisset,
799 1055 894 1111 decem
913 1056 1000 1111 milia:
1019 1071 1054 1111 ex
1072 1071 1106 1111 88
1123 1056 1304 1112 instrumento
1321 1059 1435 1114 maritus
1453 1057 1519 1114 nihil
1531 1058 1631 1128 eregii,

196 1152 261 1222 quia
278 1165 330 1206 uec
347 1151 452 1220 potnit:
469 1147 624 1218 quaesitum
643 1149 698 1216 eat,
723 1146 747 1201 81
765 1145 815 1200 dos
833 1161 851 1200 a
868 1145 967 1200 marito
984 1149 1106 1215 petatur,
1128 1161 1165 1200 an
1183 1146 1386 1215 compellendus
1405 1147 1541 1202 81188188
1558 1147 1631 1202 illam
1651 1161 1692 1203 ro⁴

195 1255 344 1310 summam,
373 1255 444 1310 quae
467 1239 647 1293 instrumento
670 1235 836 1304 continetur,
860 1233 1026 1290 refundere?
1054 1234 1184 1304 respondi
1206 1235 1330 1304 potuisse
1353 1235 1464 1304 quidem
1487 1250 1564 1306 888,
1587 1236 1632 1291 881

196 1330 317 1386 actiones
339 1329 486 1384 mandatae
510 1331 587 1395 eunt,
610 1324 761 1380 debitorem
785 1324 944 1379 conuenire:
970 1323 1020 1378 sed
1044 1325 1067 1378 si
1091 1324 1151 1378 sine
1175 1324 1239 1380 dolo
1260 1325 1333 1380 malo
1355 1325 1401 1379 uel
1423 1325 1504 1394 culpa
1521 1323 1632 1392 exigere

194 1419 340 1490 pecuniam
364 1431 419 1474 non
442 1417 544 1488 potuit,
567 1429 657 1484 neque
681 1413 754 1470 dotis
777 1411 886 1468 nomine
910 1428 973 1468 eum
997 1413 1136 1468 conueniri
1158 1427 1241 1483 posse
1264 1428 1353 1483 neque
1375 1412 1497 1468 mandati
1520 1413 1631 1469 iudicio.

163 1507 308 1563 1Fundos
332 1507 495 1562 8881188888
517 1505 546 1560 18
569 1503 663 1559 dotem
685 1502 767 1557 datus
790 1517 808 1556 a
831 1501 966 1560 creditore
993 1502 1174 1558 antecedente
1201 1515 1236 1558 ex
1258 1517 1343 1558 causa
1364 1503 1505 1573 pignoris⁸
1528 1499 1632 1586 [Q

195 1595 304 1652 ablutus
322 1601 379 1651 eet:
396 1593 551 1665 quaesitum
570 1594 638 1663 est⁸,
656 1607 693 1647 88
711 1591 814 1662 muller,
834 1592 857 1645 si
875 1591 1093 1646 aestimationem
1111 1591 1183 1646 dotis
1199 1595 1314 1662 repetat,
1333 1593 1495 1662 exceptione
1512 1607 1632 1648 summo·
1650 1606 1679 1648 ro

195 1685 286 1740 nenda
303 1685 353 1740 sit:
371 1685 411 1740 ait
429 1685 501 1740 enim
519 1697 549 1737 88
566 1687 713 1753 propterea
730 1697 785 1736 non
802 1681 897 1750 teneri,
916 1680 990 1750 quod
1007 1685 1086 1750 pater
1103 1681 1162 1736 eius
1180 1681 1273 1738 dotem
1288 1696 1337 1752 pro
1350 1697 1380 1737 se
1393 1680 1477 1752 dedit,
1496 1682 1541 1737 cui
1552 1681 1632 1738 heres

194 1791 249 1832 nou
268 1774 429 1830 8888188884.
457 1772 559 1828 Paulus
582 1770 737 1841 responditl
754 1769 868 1840 praedio
891 1770 982 1826 euicto
1005 1771 1064 1826 sine
1087 1770 1151 1826 dolo
1173 1776 1202 1826 et
1223 1771 1304 1840 eulpa
1320 1771 1373 1826 uiri
1390 1771 1508 1842 pretium
1526 1772 1632 1842 petenu'

195 1864 301 1921 mulieri
318 1863 374 1919 doli
392 1862 456 1918 8811
473 1860 664 1931 exceptionem
686 1859 798 1915 obesse.
822 1860 954 1928 consequi
977 1859 1068 1914 enim⁸
1084 1875 1145 1915 888
1169 1860 1287 1930 pretium
1309 1857 1388 1916 iundl
1411 1861 1494 1916 euicti
1516 1861 1630 1918 euidens

194 1953 324 2023 iniquitas
342 1956 393 2022 est,
412 1967 475 2007 oum
493 1949 572 2005 dolus
589 1950 701 2020 patris·
693 1949 747 2020 rpsi
763 1963 862 2004 nocere
880 1947 989 2004 debeat.
1650 1965 1678 2006 η

138 2041 178 2100 80
248 2041 407 2098 Sosuuoua
430 2038 500 2095 libro
521 2039 643 2096 secundo
667 2053 868 2108 responsorum.
910 2037 1072 2094 Aestimatis
1098 2037 1181 2094 rebus
1206 2039 1235 2094 in
1262 2037 1354 2094 dotem
1378 1995 1451 2094 datis
1474 2033 1631 2124 11ιῖ88-
1649 2048 1677 2103 Ρ

194 2135 306 2204 pactum
324 2131 492 2198 interceesIt,
511 2133 554 2198 ut,
574 2143 609 2183 ex
627 2142 799 2198 quacumque
817 2141 903 2182 causa
920 2125 971 2181 dos
990 2124 1001 2194 ΙΙ
1019 2126 1098 2182 reddi
1115 2126 1242 2198 deberet,
1265 2128 1343 2198 ipsae
1360 2143 1405 2184 res
1423 2131 1631 2184 restituerentur
1648 2139 1665 2188 8.
1676 2140 1721 2188 888

194 2220 288 2276 habita
305 2220 410 2275 ratione
428 2218 570 2288 augmenti
587 2221 616 2272 et
633 2216 827 2272 deminutionis
844 2216 897 2271 uiri
913 2215 978 2271 boni
996 2215 1142 2287 arbitratu,
1166 2232 1238 2287 quae
1259 2233 1327 2274 uero
1344 2233 1399 2274 non
1417 2223 1571 2289 exstarent,
1595 2218 1631 2275 ab

194 2311 272 2366 initio
295 2308 451 2364 aestimatio
474 2323 580 2362 earum:
606 2305 761 2376 quaesitum
784 2310 840 2376 est,
864 2321 926 2360 cum
949 2320 994 2360 res
1017 2305 1153 2375 quaedum
1177 2321 1246 2376 quas
1269 2308 1382 2363 maritus
1400 2308 1562 2364 condiderat
1584 2322 1631 2364 ex·

195 2405 308 2468 atureut,
327 2413 362 2453 an
380 2397 530 2454 secuudum
548 2399 661 2467 pactum
679 2394 793 2450 ethaeo
811 2395 847 2450 ad
864 2393 1005 2452 mulierem
1022 2395 1198 2466 pertinerent.
1226 2397 1354 2468 respondi
1373 2413 1417 2453 res
1429 2411 1500 2468 quae
1512 2401 1631 2468 exstant,

195 2489 219 2544 81
237 2501 326 2558 neque
344 2487 454 2542 uolente
472 2500 561 2555 neque
579 2490 670 2540 ratum
687 2483 805 2541 habente
823 2481 936 2540 muliere
953 2484 1103 2556 uenissent,
1121 2484 1234 2556 perinde
1245 2485 1408 2557 reddendas,
1427 2490 1510 2557 atque
1522 2487 1546 2542 si
1558 2487 1633 2542 nulla
1651 2502 1680 2544 as

196 2577 350 2634 aestimatio
368 2576 590 2632 Interuenisset.

138 2667 176 2727 51
249 2667 508 2721 Hnnmoousmrrus
526 2663 595 2720 libro
613 2661 760 2719 secundo·
752 2663 818 2718 ruris
836 2662 1025 2733 epitomarum
1061 2661 1233 2719 Aestimatac
1249 2679 1294 2721 res
1309 2665 1456 2721 nsuetiam
1489 2675 1678 2750 888-181·

196 2755 317 2812 mulieris
334 2755 455 2826 periculo
473 2753 563 2809 mariti
581 2753 730 2808 deteriores
748 2749 911 2808 efficiuntur.

138 2846 177 2906 52
250 2846 463 2901 Turonorum
475 2841 555 2899 libro
557 2843 674 2912 septumo
686 2841 911 2912 disputationum
941 2841 1056 2898 Maritus
1068 2841 1159 2898 dotem
1162 2857 1264 2913 quam
1275 2857 1331 2898 non
1344 2845 1457 2915 accepit,
1476 2838 1632 2930 [Ju—
1650 2854 1678 2909 Ρ

195 2939 259 3008 post
276 2934 425 2990 diuortium
442 2949 492 3004 per
509 2947 627 2989 errorem
646 2929 741 2986 soluit:
765 2935 879 3002 repetet,
902 2932 967 3002 quia
988 2947 1044 2987 non
1065 2937 1236 2988 numeratam
1254 2936 1380 2988 cauerat·
1404 2934 1479 3004 exigi
1501 2935 1574 2990 enim
1596 2933 1632 2990 81)
1651 2949 1681 2991 88

195 3041 230 3082 eo
247 3039 302 3080 non
320 3024 417 3095 potnit.

196 3205 258 3262 dem
277 3205 350 3261 dotis
368 3203 476 3259 actione
493 3207 610 3272 tenetur,
629 3205 707 3272 pater
725 3205 817 3256 autem
835 3201 896 3256 eius
919 3199 954 3255 de
976 3201 1098 3270 peculio·
1122 3216 1174 3256 neo
1191 3201 1318 3272 interest,
1342 3202 1370 3258 in
1387 3158 1540 3273 peculio-⁸*
1511 3217 1569 3258 rem
1586 3123 1632 3259 ueI

196 3296 339 3366 pecuniam
357 3293 478 3348 dotalem
495 3290 597 3346 habeat
613 3305 665 3346 nec
682 3305 726 3346 88.
753 3289 803 3346 sed
821 3294 956 3360 quatenus
974 3289 1064 3346 lacere
1081 3295 1187 3361 potest,
1210 3290 1255 3346 hio
1276 3306 1385 3362 quoque
1408 3291 1631 3348 condemnandus

197 3389 254 3440 est:
276 3383 443 3452 intellegitur
466 3385 559 3436 autem
581 3381 688 3451 peculio
711 3385 792 3436 tenus
814 3377 905 3435 lacere
929 3393 1024 3450 posse,
1048 3379 1122 3449 quod
1144 3378 1228 3435 habet
1249 3381 1289 3436 rel
1312 3381 1475 3438 iudicandae
1498 3387 1630 3453 tempore.
1650 3393 1680 3437 88

197 3473 292 3542 atquin
310 3471 334 3527 si
352 3487 415 3527 oum
432 3475 512 3541 patre
529 3473 635 3541 agatur,
653 3469 834 3526 deduceretur
851 3484 886 3524 ex
903 3469 1023 3539 peculio,
1047 3467 1122 3538 quod
1144 3469 1216 3540 patri
1237 3471 1282 3525 uel
1306 3469 1436 3526 subiectis
1458 3471 1484 3526 ei
1507 3471 1631 3542 personis

196 3560 269 3617 lilius
287 3560 383 3616 debet:
408 3567 438 3615 ut
455 3561 479 3614 si
496 3575 559 3614 cnm
577 3560 637 3630 ipso
655 3558 711 3615 lilio
729 3563 839 3630 agatur,
858 3559 970 3614 alienus
989 3557 1075 3613 debiti
1091 3571 1146 3614 non
1163 3557 1213 3614 liet
1229 3558 1363 3616 detractio
1381 3560 1409 3616 iu
1427 3561 1630 3632 computatione

52 3697 55 3703 ,
195 3655 328 3721 quantum
346 3648 437 3704 iacere
455 3649 543 3720 possit
559 3645 640 3702 lilius.

138 3737 177 3796 54
247 3740 367 3795 Plutus
384 3737 453 3794 linro
472 3738 604 3808 singulari
621 3736 656 3791 de
674 3737 733 3792 iure
751 3737 890 3808 singulari.
927 3737 1040 3792 Maritus
1053 3734 1145 3793 iacere
1156 3751 1238 3808 posse
1250 3737 1456 3794 crediturnullo
1474 3734 1630 3822 [Haut]
1647 3748 1690 3825 ps

194 3828 313 3884 deducto
332 3843 395 3883 acre
414 3827 517 3897 811888,
535 3827 601 3882 item
619 3827 725 3897 socius,
744 3827 810 3882 item
828 3830 960 3897 patronus
978 3841 1127 3900 parensue:
1146 3831 1175 3882 88
1192 3827 1230 3896 18,
1248 3827 1295 3898 qui
1312 3841 1348 3883 ex
1365 3827 1512 3885 donatione
1530 3816 1630 3886 conoe
1648 3843 1678 3886 to

193 3919 291 3988 nittur,
310 3916 384 3972 omni
403 3931 465 3972 aere
484 3915 572 3971 alieno
590 3915 709 3972 deducto
726 3915 818 3972 iacere
836 3929 917 3986 posse
936 3915 1110 3986 intellegitur.

137 4005 176 4066 55
246 4007 324 4062 1888
341 4005 411 4061 libro
430 4005 526 4076 quinto
538 4005 574 4062 ad
586 4006 730 4062 Plaudum.
762 4005 831 4061 Cum
844 4005 940 4061 mulier
951 4004 987 4060 de
999 4005 1072 4061 dotis
1085 4006 1247 4076 repetitione
1258 4009 1322 4076 poet
1333 4006 1453 4062 solutum
1472 4002 1628 4090 [Ma—ara
1646 4015 1674 4072 Ε

193 4095 397 4152 8881888188
422 4097 494 4166 ugit,
518 4109 616 4151 cauere
634 4094 717 4150 debet
734 4095 845 4166 881188,
868 4095 916 4165 qni
933 4094 1043 4150 aedium
1060 4096 1169 4152 nomine
1187 4095 1281 4152 damni
1298 4094 1392 4152 1818881
1409 4083 1630 4170 cuuitssiu‘elit

192 4201 254 4242 eam
272 4185 401 4256 recipere,
420 4190 452 4241 ut
469 4185 620 4256 periculum
638 4185 728 4240 mariti
745 4189 882 4242 amoueat

192 4283 335 4354 8888)

137 4433 142 4440 ’
196 4417 371 4474 ¹solidorum
395 4417 491 4473 decem
514 4435 565 4471 non
586 4425 646 4472 sunt
666 4418 744 4472 Pauli·
767 4420 810 4489 (cs
828 4417 890 4473 1881.
907 4417 937 4484 3,
952 4419 979 4484 7,
997 4419 1025 4485 3)
1102 4416 1252 4474 ¹liduciue
1280 4419 1337 4476 Uat.
1407 4421 1542 4508 ⁸qua-ero
1568 4423 1628 4479 Uol.

194 4489 1109 4560 *88881811881881881181.18888888181818888
1126 4495 1219 4546 88888
1236 4489 1327 4548 officio
1344 4491 1443 4548 iudicis
1460 4495 1500 4550 rei
1517 4495 1629 4552 uxorIae

194 4562 356 4617 continetur.
384 4561 486 4632 poterit
503 4561 609 4616 mulieri
626 4559 757 4630 prodesse
776 4560 828 4616 hoc
846 4561 919 4631 quod
944 4563 983 4618 818
1005 4577 1036 4618 se
1053 4563 1124 4634 patri
1141 4561 1270 4619 heredem
1288 4579 1344 4620 non
1362 4566 1500 4638 extitisse,
1522 4567 1547 4622 si
1564 4582 1628 4625 con-

193 4634 346 4689 ueniretur.
365 4633 482 4703 amplius
501 4637 592 4688 autem
611 4638 640 4687 et
659 4633 788 4702 consequi
810 4633 867 4688 Uol.

194 4775 212 4828 i
229 4773 357 4844 prouabit
373 4775 410 4828 F²
455 4776 545 4843 8quo
557 4775 701 4829 otacilius
718 4775 757 4828 F²
772 4776 777 4842 1
792 4783 884 4831 888
937 4775 1371 4844 mutis1sraest1mutisl'21ill'0
1408 4778 1555 4836 22111811·1
1570 4782 1577 4852 Ι
1592 4781 1627 4840 ab

194 4845 257 4900 uiae
229 4790 303 4898 ΝΡ
338 4845 496 4901 9811181181.
506 4847 552 4910 Ρ,
565 4865 614 4900 om.
624 4846 714 4902 EITO
750 4848 782 4902 11
796 4845 883 4902 resen·
936 4847 1023 4918 initio]
1036 4849 1107 4913 FOE,
1125 4849 1285 4906 effluo
1299 4869 1343 4906 nce
1357 4852 1466 4907 reddunt
1479 4853 1626 4910 Gratuita

194 4916 306 4972 derel¹¹
352 4917 575 4988 1188818888
592 4916 884 4988 1188.188““8811881”’
937 4927 1008 4990 tei-pr
1008 4927 1059 4973 eles
1071 4921 1220 4976 Dorotheus
1238 4928 1261 4976 et
1277 4920 1353 4977 Αιιοιι
1372 4943 1428 4978 888
1479 4925 1626 4982 2388811-

195 4987 229 5043 18
247 4987 415 5044 mulieriom.
429 4989 485 5044 1181.
501 4988 672 5060 18888188
683 4991 720 5044 F²
755 4991 883 5046 iocoso
937 4939 1103 5047 1188888111
1156 4993 1192 5047 30
1209 4944 1386 5064 repeerseI
1375 4993 1538 5065 lgauerut
1555 4997 1591 5050 ΡΙ
