3668 5356
151 211 196 259 ur
218 211 355 260 murana
377 211 626 261 surruuaurous
827 187 911 268 621
1334 194 1409 262 XXI
1429 197 1449 262 2
1472 203 1586 259 ιι-ιι

96 349 132 408 11
203 349 324 406 Pauuus
341 350 410 408 libro
428 356 507 408 sexto
524 365 726 422 responsorum.
753 350 855 406 Lueius
873 351 963 406 Titius
981 351 1095 422 praedia
1111 351 1140 406 iu
1155 349 1302 406 Germania
1319 356 1394 406 mans
1412 346 1586 436 [Q
1617 363 1644 417 p

151 437 258 494 Renum
276 440 349 498 emit
370 446 399 495 et
420 447 527 511 partem
548 440 630 510 pretii
653 439 757 495 intulit:
781 455 844 495 eum
867 440 896 495 iu
918 440 1055 495 residuam
1077 441 1258 509 quantitatem
1276 439 1355 496 heres
1373 443 1503 512 emptoris
1522 457 1586 498 eou-

151 528 299 599 ueuiretur,
320 529 509 599 quaestionem
527 529 633 584 rettulit
649 529 743 584 dieens
761 527 811 584 has
832 531 1020 600 possessiones
1039 545 1073 584 ex
1090 535 1238 600 praesepto
1254 530 1397 600 prineipali
1414 531 1513 600 partim
1532 530 1586 586 dia·

150 620 263 687 ιεεειεε,
281 617 381 688 partim
398 619 537 674 ueteranis
555 618 583 672 iu
601 619 724 688 praemia
742 618 915 687 adsignatae:
934 631 1044 688 quaero,
1063 634 1099 673 an
1117 619 1198 674 huius
1216 619 1256 672 rei
1273 619 1423 688 perieulum
1442 618 1478 673 ad
1491 619 1586 674 uendi·

151 711 239 762 torem
256 707 392 778 pertinere
410 708 505 778 possit
532 707 634 762 Paulus
647 706 787 778 rospondit
798 706 905 762 futuros
917 723 998 762 easus
1010 707 1153 762 euietiouie
1164 711 1228 778 pest
1240 713 1407 762 eontraetam
1420 709 1586 778 emptionem
1605 721 1619 763 s

151 795 187 851 ad
211 795 382 852 uenditorem
406 810 461 851 non
484 796 620 866 pertinere
639 801 667 852 ει
684 797 746 852 ideo
765 796 914 852 seeundum
932 811 967 851 ea
984 811 1055 866 quae
1073 801 1261 868 preponuntur
1278 797 1395 866 pretium
1413 797 1585 866 praediorum

119 885 208 955 lpeti
229 900 320 955 posse.
356 885 400 940 Ex
423 883 466 940 his
490 883 581 941 uerbis
605 885 787 956 stipulationis
811 884 910 956 duplae
932 887 976 942 uel
994 887 1107 956 simplae
1126 886 1196 941 ‘eum
1214 885 1350 941 homiuem
1370 901 1425 952 quo
1443 885 1478 942 de
1495 887 1587 956 agitur

151 973 231 1030 'noxe
249 989 311 1029 esse
329 972 456 1029 solutum'
475 974 645 1031 uenditorem
663 975 806 1031 eouuemri
823 991 878 1032 nou
895 990 977 1046 posse
995 981 1107 1046 propter
1124 989 1172 1031 eas
1189 989 1284 1045 nom,
1303 989 1373 1045 quae
1391 974 1499 1045 publiee
1511 991 1586 1031 euer-

151 1064 207 1119 eeri
224 1064 320 1119 solent.
1606 1077 1619 1118 a

94 1147 132 1207 11
203 1151 362 1208 Seasuoaa
379 1151 448 1207 libre
466 1151 587 1208 seeundo
604 1167 805 1223 responsorum.
837 1151 953 1220 Quidam
971 1156 1102 1224 exparte
1120 1153 1233 1208 dimidia
1251 1149 1435 1236 [u.1u,1r.1a
1456 1164 1497 1225 up.
1508 1166 1545 1220 rs,
1555 1165 1584 1210 10
1617 1161 1659 1235 Ps

150 1239 230 1296 heres
253 1241 395 1297 institutus
419 1242 548 1296 uniuersa
570 1241 683 1312 praedia
705 1243 831 1299 uendidit
853 1248 881 1298 et
904 1243 1052 1298 coheredes
1075 1242 1193 1312 pretium
1218 1245 1396 1310 aeceperunt:
1421 1241 1519 1320 euietis
1543 1241 1586 1296 his

150 1345 266 1402 quaero,
290 1347 326 1386 au
343 1329 492 1386 eoheredee
510 1345 545 1386 ex
563 1335 656 1401 empto
674 1334 782 1388 aetieue
800 1337 952 1387 teneautm.
986 1331 1129 1402 respondi,
1153 1331 1177 1386 si
1195 1329 1343 1386 eoharedse
1360 1335 1520 1400 praesentes
1538 1328 1586 1384 ad-

150 1417 261 1475 iuerunt
278 1433 329 1474 uae
347 1419 542 1488 dissenserunt,
560 1419 648 1476 uideri
666 1435 887 1492 unumquemque
905 1426 1011 1492 partem
1030 1436 1109 1476 suam
1128 1419 1292 1476 uendidisse.

94 1505 132 1564 13
202 1509 322 1564 Patruus
339 1507 409 1564 libro
426 1509 521 1578 quinto
540 1509 576 1564 ad
594 1508 734 1566 Sabinum.
761 1511 897 1567 Bonitatis
915 1511 1133 1566 aestimationem
1149 1507 1311 1578 leniendam,
1330 1523 1393 1564 eum
1412 1502 1585 1591 Q
1616 1514 1638 1569 8

150 1611 215 1668 pars
227 1597 369 1667 euineitur,
383 1597 513 1653 Proeulue
525 1604 599 1654 reete
611 1598 735 1670 putabat,
748 1615 819 1670 quae
830 1599 928 1656 ιείεεει
938 1600 1103 1656 uenditienis
1116 1605 1246 1669 tempore,
1261 1613 1315 1653 non
1327 1613 1389 1654 eum
1398 1598 1583 1654 eulneeretur:
1605 1609 1633 1650 rs

94 1677 132 1735 14
202 1685 353 1742 emmane
371 1685 440 1742 libro
458 1693 558 1742 eetauo
576 1687 682 1743 deeimo
700 1689 736 1743 ad
754 1689 883 1745 edietum.
910 1705 966 1746 non
982 1689 1011 1744 in
1029 1689 1168 1744 dimidiam
1187 1688 1368 1758 quantitatem
1386 1685 1480 1758 pretii:
1603 1693 1645 1747 Ἐ

93 1765 131 1825 15
201 1775 322 1831 Pauaus
343 1774 412 1832 libro
435 1777 530 1846 quinte
553 1777 589 1832 ad
607 1775 748 1833 Sabinum.
785 1779 834 1835 sed
857 1779 882 1834 ei
904 1779 970 1850 quid
992 1784 1090 1849 postea
1112 1777 1249 1832 alluuioue
1267 1777 1391 1846 aeeessit,
1411 1769 1585 1860 Q
1617 1781 1639 1837 8

117 1866 131 1914 1
148 1865 258 1933 tempus
276 1879 331 1934 quo
349 1864 456 1922 aeeedit
472 1865 679 1936 inspieiendum.
714 1865 743 1922 Si
761 1881 828 1922 usus
846 1865 951 1924 iruetus
969 1868 1120 1936 euiueatur,
1137 1883 1188 1938 pro
1205 1866 1329 1922 ιεοειιειε
1346 1864 1485 1922 iruetrrum
1503 1866 1583 1921 aeeti-

150 1953 234 2007 matio
256 1951 383 2009 iaeienda
405 1960 457 2011 est.
489 1955 539 2011 sed
562 1961 591 2011 et
610 1957 634 2011 sl
652 1963 770 2012 seruitus
788 1957 943 2029 amnentur,
967 1958 1063 2028 quanti
1080 1957 1192 2013 mineris
1210 1955 1246 2012 ob
1264 1956 1292 2011 id
1309 1954 1451 2026 praedium
1470 1958 1528 2025 eet,
1551 1955 1585 2010 lis

150 2041 321 2097 aestimanda
338 2047 390 2098 eet.
1604 2057 1634 2098 se

94 2127 132 2186 16
203 2132 375 2188 Pormourus
392 2131 461 2188 libro
479 2147 552 2188 nono
571 2133 607 2188 ad
624 2131 765 2189 Sabinum.
793 2134 892 2189 Euieta
908 2149 938 2190 re
956 2134 1069 2192 uendite
1086 2149 1121 2191 ex
1139 2139 1231 2204 empto
1244 2134 1296 2189 erit
1308 2149 1390 2203 agen
1424 2128 1584 2200 ε.19,11,ἶι
1617 2139 1639 2194 S

150 2220 216 2276 dum
234 2221 269 2276 de
287 2236 320 2277 eo
338 2221 412 2292 quod
431 2223 560 2292 sesessit,
587 2223 817 2293 quemadmodum
836 2237 957 2293 eaquae
976 2229 1068 2295 empta
1086 2223 1171 2280 frendo
1190 2224 1349 2279 nominatim
1368 2210 1584 2279 aeaeaeffl

118 2318 130 2363 1
150 2311 241 2366 euieta
259 2311 321 2380 sint,
340 2311 467 2381 simplum
485 2317 648 2382 praestatur.
675 2313 783 2382 Duplae
800 2313 940 2382 stipulatio
957 2313 1091 2368 eommitti
1109 2313 1208 2368 dieitur
1225 2319 1299 2381 tune,
1318 2327 1381 2367 eum
1399 2327 1444 2366 res
1457 2313 1585 2368 restituta

150 2405 193 2455 eet
211 2399 334 2469 petitori,
357 2401 402 2455 uel
420 2399 567 2456 damnatus
585 2407 628 2457 est
645 2403 700 2458 litis
718 2403 923 2472 aestimatione,
947 2403 992 2457 uel
1009 2417 1152 2472 possessor
1170 2401 1206 2458 ab
1224 2407 1347 2472 emptore
1365 2408 1518 2458 conuentus
1536 2401 1583 2457 ala

117 2495 132 2542 ι
150 2488 256 2544 solutus
274 2493 325 2543 est.
354 2487 384 2544 Si
402 2505 507 2560 seruus,
527 2490 604 2546 euius
622 2492 731 2547 nomine
750 2492 861 2562 duplam
881 2491 1003 2561 stipulati
1020 2507 1123 2561 sumus,
1142 2493 1248 2546 εείειεε
1266 2490 1349 2546 luerit
1365 2490 1489 2546 anobis:
1507 2489 1543 2546 eb
1554 2489 1584 2546 id
1603 2501 1633 2544 ru

150 2577 224 2648 quod
247 2575 380 2647 fugitiuus
402 2579 447 2634 uel
465 2593 549 2634 sanus
566 2595 621 2635 uon
639 2579 722 2636 inerit
739 2597 774 2636 an
792 2580 975 2650 agenenihuo
993 2581 1083 2635 miuus
1101 2581 1250 2651 pessimus,
1274 2581 1421 2650 quaeritur.
1452 2581 1583 2636 Preeulus

44 2683 45 2686 ¹
150 2665 299 2722 uidendum
317 2668 368 2738 ait,
392 2683 427 2722 ne
446 2667 497 2724 hee
515 2684 624 2740 quoque
641 2671 760 2740 intersit,
779 2676 869 2725 utrum
888 2675 947 2724 tum
966 2671 1072 2724 euietus
1090 2671 1127 2725 sit
1144 2683 1206 2724 eum
1225 2685 1302 2725 meus
1320 2668 1410 2725 iaetus
1428 2683 1483 2725 nou
1500 2673 1583 2739 esset,

150 2772 186 2811 an
203 2759 262 2811 turn
280 2771 342 2812 eum
361 2772 438 2812 meus
456 2755 546 2812 iaetus
564 2763 651 2814 esset:
669 2759 697 2813 iu
715 2773 749 2814 eo
767 2760 839 2814 euim
858 2775 925 2814 easu
942 2773 997 2828 quo
1016 2773 1093 2814 meus
1111 2756 1201 2814 iaetus
1219 2764 1262 2814 eet
1278 2759 1371 2814 statim
1385 2772 1448 2812 mea
1459 2759 1583 2828 interest,

150 2851 253 2916 quanto
275 2844 311 2901 ob
334 2846 363 2902 id
386 2846 505 2903 deterior
527 2853 583 2918 est,
608 2853 638 2903 et
660 2863 743 2918 quam
762 2848 897 2904 audonem
915 2849 1000 2904 semel
1017 2863 1053 2904 ex
1070 2847 1202 2917 stipulatu
1220 2846 1320 2902 habere
1338 2848 1428 2918 eoepi,
1452 2861 1513 2902 eam
1532 2861 1583 2904 ueo

150 2935 286 2990 euietione
304 2950 355 2990 nee
373 2939 460 2991 morte
477 2951 529 2992 nee
547 2938 759 2993 manumissione
777 2952 828 2992 nee
845 2935 912 3006 iuga
929 2937 1002 2992 serui
1020 2953 1071 2992 nee
1089 2937 1144 2992 ulla
1161 2937 1242 2992 simili
1259 2951 1343 2992 eausa
1357 2936 1459 2991 amitti:
1478 2940 1508 2990 at
1519 2937 1542 2992 si
1554 2937 1583 2992 in
1601 2949 1631 2992 se

150 3021 230 3080 bonis
252 3025 320 3080 meis
343 3023 433 3080 iaetus
457 3041 512 3081 uon
532 3025 581 3096 eit,
605 3025 671 3081 nihil
688 3025 724 3081 ob
742 3041 776 3082 ea
794 3025 867 3096 quod
886 3025 1019 3095 fugitiuus
1036 3027 1087 3082 είιι
1106 3026 1253 3096 pauperior
1269 3026 1335 3095 eim,
1358 3029 1456 3095 utpote
1473 3039 1535 3080 eum
1554 3025 1583 3081 iu
1662 3087 1664 3091 ,

150 3109 229 3168 mnis
248 3113 317 3168 mels
334 3129 389 3169 neu
407 3115 452 3170 sit.
482 3114 556 3184 quod
574 3115 598 3170 ei
616 3131 713 3170 eanum
731 3131 801 3186 esse,
820 3131 944 3171 erronem
962 3132 1017 3172 non
1035 3131 1096 3171 esea
1114 3115 1261 3186 stipulatus
1279 3129 1377 3184 eseenq
1395 3117 1503 3169 tautum
1522 3129 1584 3171 mea

150 3201 297 3272 iuteresse,
315 3207 447 3273 quantum
465 3203 500 3259 ad
518 3210 689 3273 praesentem
709 3221 789 3260 usum
807 3205 964 3276 pertineret,
982 3205 1093 3260 tametsi
1110 3204 1138 3259 in
1157 3202 1274 3259 obseura
1291 3209 1367 3259 esset
1383 3206 1489 3272 (utpote
1506 3205 1583 3274 igno·

150 3289 274 3347 rantibus
292 3290 384 3361 uobis,
402 3292 533 3363 quamdiu
552 3307 614 3348 eum
632 3293 774 3350 habiturae
793 3309 883 3350 essem
901 3300 929 3350 ει
947 3311 982 3349 εε
999 3291 1120 3348 futurum
1138 3299 1225 3363 esset,
1244 3298 1276 3348 ut
1292 3307 1354 3348 eum
1373 3293 1517 3362 quisquam
1535 3297 1584 3348 εει

151 3395 168 3435 a
185 3395 230 3436 me
248 3385 297 3435 εει
314 3379 349 3435 ab
367 3395 401 3436 εο
419 3383 463 3436 εει
480 3382 665 3438 uendidisram
684 3384 764 3439 euius
782 3385 906 3440 similiter
923 3383 1124 3454 promississem
1142 3383 1299 3448 eulneeret).
1333 3396 1467 3436 summam
1491 3385 1583 3438 autem
1602 3395 1631 3437 es

150 3469 286 3540 opinionis
304 3485 371 3524 suae
388 3469 458 3526 haue
476 3485 550 3541 esse,
570 3477 601 3527 ut
618 3478 724 3529 tantum
743 3489 777 3529 ex
795 3489 829 3528 ea
846 3473 1021 3544 stipulatione
1040 3486 1199 3542 eonsequar,
1218 3471 1313 3541 quanti
1331 3485 1393 3526 maa
1410 3471 1517 3526 intersit
1535 3475 1584 3526 εει

149 3563 214 3629 post
231 3557 446 3630 stisspulatiouem
464 3559 618 3616 interfuerit
635 3578 697 3618 eum
716 3578 826 3618 sernum
845 3561 990 3632 fugitiuum
1009 3577 1064 3616 nen
1082 3577 1151 3616 esse.
1599 3569 1616 3616 ι.
1627 3569 1681 3618 ιιιΙ

93 3645 131 3704 17
202 3646 353 3704 unornane
370 3647 440 3704 libro
457 3650 589 3707 uieesimo
607 3665 679 3706 nono
698 3652 733 3706 ad
751 3650 891 3707 Sabinum.
925 3649 1116 3707 Uindieantsm
1134 3649 1305 3705 uenditorem
1323 3663 1390 3719 rem,
1409 3645 1582 3730 [u.1s,11,1i
1616 3655 1638 3710 S

149 3751 231 3806 quam
249 3737 308 3806 ipse
327 3737 458 3806 uendidit,
477 3741 637 3809 exeeptione
656 3740 710 3796 doli
728 3755 810 3810 pesse
828 3741 993 3796 summoueri
1011 3739 1112 3798 nemini
1124 3738 1238 3794 dubium
1250 3742 1301 3808 eet,
1320 3739 1445 3807 quamuis
1457 3739 1511 3793 alio
1523 3739 1582 3793 iure

148 3824 298 3880 dominium
321 3827 479 3896 quaesierit:
504 3828 626 3898 improbe
644 3829 716 3884 enirn
734 3845 791 3884 rem
810 3845 827 3884 a
845 3844 875 3884 se
894 3829 1052 3884 distractam
1070 3828 1195 3884 enineere
1214 3831 1337 3882 oonatur.
1369 3827 1471 3896 eligere
1490 3831 1582 3882 autem
1601 3837 1630 3879 ta

148 3919 256 3983 emptor
273 3920 373 3986 potest,
392 3920 483 3972 uuum
502 3932 559 3972 rem
577 3919 645 3974 uelit
661 3919 778 3973 retinere
795 3917 944 3974 intentione
962 3933 1012 3988 per
1029 3917 1218 3988 exeeptiouem
1236 3917 1311 3986 elisa,
1330 3931 1366 3970 an
1382 3916 1474 3985 potius
1492 3931 1522 3972 re
1535 3915 1582 3972 ab·

148 4001 205 4058 lata
222 4019 257 4058 en
275 4019 360 4060 eausa
377 4005 561 4076 stipulationis
579 4006 691 4078 duplum
710 4007 849 4078 eonsequ'a

148 4107 313 4181 FlP(VU)l

150 4271 160 4306 ¹
178 4269 252 4339 quod
270 4267 403 4340 fugitiuus
421 4272 458 4327 eit
475 4273 522 4328 del.

148 4410 363 4481 4pr‘a’emiaF‘
379 4413 384 4480 Ι
399 4411 544 4483 adsignata
557 4415 632 4469 Pu·
676 4415 788 4484 {apost
799 4415 837 4469 Ρ
889 4415 925 4470 28
947 4413 1016 4482 turn}
1039 4417 1106 4468 tune
1126 4412 1189 4467 ΡΠι
1241 4413 1277 4468 29
1300 4426 1352 4467 nee
1369 4410 1513 4480 euletioue]
1531 4424 1582 4465 nee

150 4481 314 4537 iuer'o‘bis
336 4482 371 4536 ι’*
431 4485 448 4539 8
475 4485 555 4554 nexa]
585 4485 675 4550 PVU,
702 4502 790 4542 noxae
816 4487 843 4540 F
890 4485 1043 4541 obiectione
1067 4485 1108 4549 γ’,
1131 4499 1182 4539 nee
1205 4483 1385 4540 obieetionem
1412 4483 1453 4547 U‘,
1476 4496 1528 4537 nee
1546 4479 1582 4536 ob

150 4555 184 4608 12
193 4553 368 4608 tenenturP·
404 4555 438 4610 15
451 4571 515 4624 pare
523 4557 641 4612 uineitur
651 4559 689 4611 P·
725 4559 758 4612 ll
772 4558 837 4613 allu-
892 4557 1055 4612 euietienem
1065 4555 1152 4620 W,
1167 4565 1214 4611 tac.
1225 4557 1264 4610 P·
1298 4557 1333 4610 31
1348 4553 1409 4624 sim]
1422 4551 1533 4618 B‘PU,
1546 4554 1583 4608 slt

149 4623 230 4679 bione
243 4625 279 4676 F¹
296 4626 301 4693 Ι
317 4627 464 4681 accesserit
476 4627 556 4682 PVU
599 4629 632 4684 18
646 4628 746 4682 aeeidit
761 4629 843 4683 PVU
891 4627 970 4682 F‘P'
985 4629 990 4694 1
1006 4631 1103 4697 utpute
1111 4627 1157 4690 12⁶,
1168 4625 1378 4696 utputaP‘VU
1406 4627 1440 4680 32
1450 4625 1537 4679 *mais
1547 4624 1582 4678 F’

151 4697 184 4750 19
203 4696 330 4766 seruitus]
351 4697 473 4753 Galaesus
496 4717 552 4752 eam
572 4699 694 4754 Graecis:
718 4701 838 4763 saraciae
891 4701 926 4754 34
944 4697 1100 4753 habiturum
1120 4699 1158 4751 P·
1173 4700 1177 4764 l
1194 4697 1294 4768 essem]
1311 4711 1373 4751 esse
1386 4695 1464 4750 ΡΨ
1511 4697 1546 4750 35
1564 4711 1583 4750 a

150 4765 179 4818 at
198 4765 374 4822 ὲκεικεθείεεε
393 4769 418 4822 Β
436 4768 554 4840 (Helua),
578 4770 601 4824 εἰ
625 4769 713 4842 xprierc
732 4772 838 4842 κερεῶε
892 4789 940 4823 em.
954 4771 992 4822 P·
1008 4771 1012 4835 Ι
1033 4769 1190 4824 uendidisse
1210 4770 1248 4823 P·
1263 4771 1268 4834 Ι
1283 4766 1499 4838 prumis‘s'issem
1517 4767 1555 4820 Ρ

150 4835 276 4892 &saraitae
302 4837 316 4890 ἢ
340 4841 445 4894 aorasia
464 4841 490 4894 B
508 4841 634 4911 (Tipasa),
659 4855 755 4896 seruus
778 4843 839 4896 libri
891 4841 1064 4895 eulneeretur
1088 4840 1169 4894 ΡΜ
1226 4841 1261 4895 36
1288 4845 1392 4894 tantam
1417 4839 1457 4892 P·
1477 4841 1481 4905 Ι
1505 4843 1583 4908 quatu

150 4917 231 4962 anatra·
247 4911 252 4976 Ι
271 4909 326 4964 litis
344 4909 422 4964 Pu·
475 4913 510 4966 25
528 4927 545 4966 a
563 4911 650 4982 nobis]
670 4928 705 4968 an
723 4911 838 4976 P⁸V⁴U,
892 4913 931 4966 Ρ·
947 4915 951 4980 Ι
968 4911 1024 4980 εει]
1044 4916 1076 4966 ει
1093 4913 1140 4975 P·,
1162 4911 1206 4966 uel
1224 4909 1321 4966 P‘VU
1371 4911 1406 4966 39
1423 4925 1581 4981 possessum

150 4986 198 5033 tae.
211 4979 290 5034 Μ·
336 4981 372 5036 26
390 4980 523 5052 iugitibus
541 4983 568 5036 F
609 4986 642 5039 27
662 4985 781 5040 euietum
798 4985 839 5039 P·
891 4985 996 5039 moueri
1013 4984 1054 5037 P⁰
1106 4983 1141 5038 41
1160 4984 1255 5038 elisam
1273 4981 1351 5038 Pu·
