3668 5356
157 209 250 268 curn
273 213 337 261 nas
359 212 504 262 merrom
837 192 925 276 589
1324 201 1384 270 XX
1406 205 1515 271 28-
1534 206 1590 272 ht

119 345 139 405 8
210 349 329 406 Patruus
353 351 423 406 libro
446 351 567 407 secundo
590 352 795 408 sententiarum.
832 352 901 409 (ium
925 354 1032 410 debitor
1052 357 1174 425 gratuita
1196 358 1313 428 pecunia
1334 361 1435 427 utatur,
1454 353 1592 441 Q
1609 369 1636 424 Ρ

156 441 250 506 potest
267 438 386 494 creditor
403 440 438 494 de
456 438 590 495 huctibus
607 441 647 494 rei
664 439 716 494 sibi
734 441 893 510 pigneratae
911 443 948 496 ad
966 442 1076 498 modum
1094 446 1247 515 legitimum
1265 459 1364 500 usurae
1381 447 1506 501 retinere.

119 523 138 581 9
209 525 288 580 lours
310 526 379 582 libro
397 528 527 598 singulari
545 528 581 583 de
598 525 688 582 officio
706 527 839 597 praefecti
856 530 978 599 uigilum.
1015 532 1066 587 Est
1083 533 1236 588 differentia
1253 532 1435 604 obligatorum
1453 529 1591 618 [Q
1609 546 1637 599 Ρ

155 619 268 683 propter
287 616 447 685 pensionem
465 621 619 686 eteorum,
642 631 714 685 quse
732 631 767 670 ex
785 619 966 674 conuentione
984 619 1169 676 manifestari¹
1187 623 1309 692 pignoris
1327 623 1436 676 nominc
1454 626 1590 693 tenentur,

155 701 230 770 quod
250 705 442 759 manumittere
460 692 602 774 mancipia
614 703 736 773 obligata
752 705 860 774 pignori
878 721 932 762 non
949 722 1109 780 possumus,
1133 710 1318 766 inhabitantes
1335 715 1428 764 autem
1447 711 1590 766 manumit·
1609 727 1623 769 c

155 789 239 844 timus
246 791 265 858 ¹,
289 792 394 848 seilicet
414 796 560 862 antequam
579 793 718 862 pensionis
736 795 845 849 nomine
863 795 1086 863 percludamur¹z
1109 803 1175 853 tunc
1193 798 1264 853 enim
1283 799 1406 867 pignoris
1422 800 1532 854 nomine
1549 813 1591 854 re-

154 883 233 934 tenta
250 880 386 948 mancipia
403 895 457 935 non
476 880 666 936 liberabimus:
684 886 713 936 et
730 881 837 936 densus
855 882 948 946 Nerua
964 883 1031 940 iuris
1049 887 1199 956 consultus,
1218 886 1265 956 qui
1282 901 1332 955 per
1348 884 1496 942 fenestram
1514 901 1590 942 mou·

155 969 292 1022 macerat
308 983 403 1024 seruos
422 968 549 1024 detentos
567 968 603 1024 eb
620 969 780 1038 pensionem
798 969 907 1025 liberari
924 985 1016 1042 posse.

99 1051 137 1110 10
207 1053 367 1112 Scsnuoua
390 1055 459 1111 libro
481 1061 560 1111 sexto
578 1056 755 1125 digestorum.
788 1057 899 1113 Tutoris
917 1059 996 1114 heres
1014 1076 1076 1116 cum
1095 1060 1195 1116 herede
1212 1061 1308 1130 pupilli
1325 1065 1413 1116 hans·
1433 1055 1590 1145 Q
1609 1073 1637 1128 A

154 1142 262 1198 actione
279 1141 366 1213 iacta,
384 1159 446 1200 cum
465 1161 500 1200 ex
518 1159 552 1200 ea
569 1144 699 1200 maiorem
718 1150 824 1216 partem
843 1147 984 1217 coluisset,
1003 1149 1031 1203 in
1048 1149 1186 1204 residuam
1204 1150 1386 1218 quantitatem
1404 1150 1504 1220 pignus
1522 1149 1589 1206 obii·
1609 1167 1638 1208 so

152 1229 244 1298 pauit:
263 1233 418 1299 quaesitum
437 1239 487 1301 est,
506 1249 542 1288 an
560 1234 587 1288 in
599 1239 720 1289 ueterem
734 1239 904 1290 contractum
915 1235 974 1291 iure
986 1249 1030 1290 res
1042 1235 1165 1306 obligata
1176 1243 1258 1293 esset
1285 1237 1589 1308 responditsseoundum

153 1332 188 1372 ea
205 1333 276 1388 quae
293 1327 511 1392 proponerentur
528 1320 677 1392 obligatam
695 1336 766 1378 esse.

69 1559 86 1594 ,
842 1493 889 1576 Ill

127 1640 190 1764 'R
224 1639 352 1732 QUAE
378 1641 468 1720 RES
495 1641 686 1722 PIGNORI
712 1643 804 1722 UEL
831 1644 1155 1722 HYPOTHEOAE
1180 1645 1340 1724 DATAE
1367 1644 1589 1722 OBLIGARI
1607 1672 1658 1727 ΒΡ

664 1768 762 1847 NON
788 1769 1002 1848 POSSUNT
1041 1771 1080 1848 it
1608 1802 1635 1844 u

118 1940 133 1995 1
206 1935 381 1994 ememus
403 1937 472 1994 uem
489 1939 622 2010 unguas
639 1940 675 1996 ιι
692 1938 836 1998 romulam
855 1940 1087 2013 hypothecarum.
1117 1942 1239 2012 Pupulus
1257 1941 1316 1998 sus
1333 1941 1432 1997 suess
1449 1925 1588 2014 [ῑῆῖῖι
1606 1943 1628 2000 e

122 2037 133 2082 ι
153 2025 316 2082 autumate
334 2025 516 2098 hypothecam
535 2028 601 2084 dare
618 2043 674 2085 non
692 2032 792 2100 potest.
828 2027 858 2084 Si
875 2029 947 2085 iiiius
965 2027 1082 2086 familias
1099 2044 1149 2099 pro
1167 2030 1294 2085 adiutem
1312 2030 1431 2099 peculia-
1450 2023 1588 2111 Q

152 2127 209 2167 rem
228 2112 391 2184 obligauerit
407 2117 453 2172 uei
470 2131 576 2187 seruus,
595 2117 741 2172 dicendum
760 2121 804 2172 est
820 2132 881 2172 eam
900 2133 955 2172 uon
972 2118 1067 2186 teneri,
1085 2118 1150 2174 licet
1166 2117 1279 2172 liberam
1298 2118 1397 2186 peculii
1416 2116 1458 2172 sui
1474 2116 1587 2172 admini-

152 2201 313 2258 strationem
331 2201 464 2260 habesnt:
483 2205 555 2260 sicut
571 2220 624 2262 nee
641 2205 744 2260 donam
762 2206 802 2261 eis
821 2205 992 2262 conceditur:
1012 2206 1158 2260 nonenim
1175 2219 1372 2274 usquequaque
1391 2203 1493 2260 habeut
1511 2199 1588 2288 [ffl

151 2287 264 2344 liberam
284 2290 556 2348 administrationem.
571 2292 649 2348 ,tacu
666 2299 760 2350 tamen
778 2298 822 2349 est
838 2294 971 2363 quaestio,
989 2297 1014 2348 si
1032 2298 1187 2362 quaeratur,
1205 2308 1348 2362 quousque
1366 2293 1407 2348 eis
1424 2291 1586 2362 permissum
1605 2313 1634 2354 so

119 2385 135 2430 a
151 2377 278 2434 uideatur
294 2380 432 2448 peculium
450 2381 650 2438 administrare.
677 2383 747 2436 Eam
765 2397 832 2450 rem,
850 2397 933 2450 quam
951 2381 1012 2450 quis
1031 2396 1121 2450 emere
1134 2397 1188 2436 non
1199 2386 1299 2451 potest,
1317 2382 1383 2451 quia
1394 2382 1586 2436 commercium

151 2465 211 2520 eius
229 2481 284 2520 uon
301 2471 352 2536 est,
370 2468 429 2522 iure
446 2469 568 2540 pignoris
586 2470 710 2540 accipere
727 2485 790 2525 non,
800 2473 900 2538 potest,
918 2474 950 2524 ut
967 2469 1049 2524 diuus
1066 2471 1131 2524 Pius
1146 2469 1260 2526 Claudio
1273 2469 1420 2524 Sahrrniuo
1438 2469 1585 2538 rescripsit

151 2553 219 2622 quid
234 2568 309 2624 erpo,
327 2556 352 2610 si
369 2557 510 2626 praedium
529 2559 591 2628 quis
608 2559 757 2628 litigiosum
775 2557 884 2628 pignori
901 2557 1047 2627 acceperit,
1065 2571 1102 2614 an
1118 2558 1282 2627 exceptione
1298 2557 1513 2612 commonendus
1531 2557 1586 2612 siti

151 2645 180 2696 et
197 2640 354 2698 Octauenus
376 2645 493 2714 putabat
516 2647 599 2701 etiarn
622 2647 651 2700 in
670 2645 832 2716 pignoribus
850 2646 938 2700 locum
957 2644 1059 2700 habere
1077 2647 1279 2716 exceptionem:
1303 2645 1377 2714 quod
1394 2645 1434 2700 ait
1451 2643 1585 2702 Scaeuola

150 2726 220 2784 libro
236 2731 318 2786 tertio
336 2732 473 2788 uariorum
492 2733 682 2801 quaestionum
700 2733 859 2803 procedere,
878 2739 909 2788 ut
925 2733 954 2788 iu
971 2731 1053 2788 rebus
1071 2733 1217 2790 mobilibus
1234 2733 1360 2803 exceptio
1372 2734 1461 2788 locum
1475 2731 1584 2788 habeat
1602 2754 1632 2795 ss

114 2815 133 2874 2
204 2816 298 2874 Gaius
314 2818 384 2875 libro
401 2819 538 2890 singulari
550 2821 586 2877 dc
603 2820 720 2878 formula
736 2821 941 2893 hypothecaria.
969 2819 998 2876 Si
1015 2822 1085 2876 alius
1103 2837 1153 2892 pro
1171 2821 1284 2878 muliere
1301 2835 1372 2890 quae
1387 2821 1427 2876 ic·
1445 2816 1585 2905 Q
1602 2835 1643 2908 ss

150 2907 277 2962 terceesit
294 2907 401 2964 dederit
417 2908 609 2980 hypothecam,
631 2915 680 2965 ant
696 2925 746 2980 pro
764 2909 820 2966 filio
837 2909 955 2966 familias
972 2909 1017 2964 oui
1035 2914 1130 2966 contra
1147 2915 1260 2966 senams
1278 2909 1432 2966 oonsrdtum
1450 2909 1584 2968 creditum

150 2996 206 3063 est,
225 3010 261 3050 au
277 2994 320 3051 his
338 2998 518 3068 succumitur,
537 3000 685 3069 quaeritur.
718 3004 747 3054 et
764 3000 793 3056 iu
811 3014 844 3055 eo
863 2998 988 3068 quidem,
1007 2999 1053 3068 qui
1072 3007 1122 3068 pro
1139 2998 1252 3054 muliere
1271 2997 1405 3066 obligauit
1421 3011 1479 3052 rem
1496 3013 1583 3066 suam,

149 3079 257 3138 facilius
279 3083 387 3140 dicetm
408 3087 529 3142 succurri
549 3088 559 3159 ΙΙ
578 3088 617 3156 ei,
642 3087 723 3142 sicuti
747 3085 902 3143 fideiussori
921 3086 1002 3142 huius
1021 3087 1141 3142 mulieris
1158 3086 1256 3142 eadem
1274 3086 1356 3142 datm
1373 3085 1508 3155 exceptio.
1535 3085 1584 3140 sed
1602 3103 1675 3152 ιρις

150 3172 180 3225 et
196 3170 224 3226 in
243 3185 290 3240 eo,
309 3173 356 3242 qui
373 3189 424 3243 pro
440 3172 496 3230 filio
514 3173 631 3231 iamdias
647 3191 706 3232 rem
724 3191 802 3232 suam
821 3175 1084 3246 obligauit,'eadem
1103 3174 1220 3232 dicenda
1237 3178 1324 3244 eruut,
1343 3188 1414 3243 quae
1432 3177 1585 3230 tractantur
1604 3195 1632 3236 so

150 3262 180 3314 et
195 3259 224 3313 in
241 3257 402 3318 fideiussore
420 3262 488 3318 eius.

113 3343 133 3402 3
203 3348 323 3406 Paunus
345 3349 415 3406 libro
431 3351 513 3407 tertio
530 3351 730 3421 quaestionum.
766 3349 861 3408 Aristo
878 3351 991 3408 Neratio
1007 3351 1101 3408 Prisco
1118 3352 1240 3422 scripsit:
1265 3350 1372 3406 etiamsi
1389 3351 1430 3406 ita
1446 3343 1585 3432 [Q
1602 3365 1629 3420 p

150 3441 321 3493 contractum
339 3438 389 3509 sit,
408 3443 440 3496 ut
457 3439 622 3496 antecedens
640 3439 836 3509 dimitteretur,
855 3454 910 3496 nou
928 3440 1024 3495 aliter⁴
1040 3441 1069 3496 in
1086 3439 1130 3494 ius
1147 3439 1269 3509 pignoris
1287 3437 1432 3508 sucmdet,
1449 3437 1503 3492 nisi
1520 3452 1584 3494 cou-

150 3525 270 3595 uenerit,
293 3531 326 3582 ut
348 3526 401 3582 sibi
419 3527 515 3583 eadem
533 3541 578 3583 res
596 3531 670 3582 esset
687 3526 823 3597 obligata:
848 3542 938 3597 neque
955 3527 1029 3584 enim
1046 3528 1075 3584 in
1092 3528 1136 3583 ius
1152 3527 1233 3598 primi
1250 3526 1399 3582 succedero
1417 3524 1513 3595 debet,
1537 3525 1584 3594 qui

149 3611 211 3682 ipse
228 3613 294 3668 nibil
312 3616 440 3671 conuenit
457 3616 492 3671 de
509 3616 638 3686 pignore:
657 3629 712 3684 quo
730 3631 797 3671 casu
815 3616 946 3686 emptoris
964 3631 1050 3672 musa
1066 3616 1163 3672 mehor
1180 3612 1322 3670 efficietur.
1350 3613 1468 3683 denique
1480 3613 1504 3668 si
1516 3612 1585 3668 auti·
1603 3634 1633 3676 ss

149 3701 230 3769 quior
246 3701 365 3757 creditor
382 3703 417 3757 de
434 3704 549 3773 pignore
566 3702 712 3758 uendendo
731 3717 793 3760 eum
811 3702 935 3760 debitore
952 3709 1064 3774 pactum
1082 3703 1253 3774 interposuit,
1271 3701 1406 3772 posterior
1422 3707 1514 3756 autem
1527 3715 1584 3756 ore·

149 3786 223 3844 ditor
239 3787 275 3843 de
292 3789 468 3846 dhtrahendo
485 3790 578 3846 omisit
595 3806 650 3846 nou
667 3805 718 3860 per
735 3790 911 3861 obliuionem,
929 3791 979 3847 sed
997 3805 1060 3846 oum
1077 3791 1130 3848 hoc
1147 3795 1283 3861 ageretur,
1301 3803 1336 3844 ne
1349 3794 1445 3859 posset
1456 3789 1584 3858 uendere,

148 3874 307 3946 uideamus,
325 3891 362 3933 an
379 3877 433 3934 dici
449 3879 539 3948 possit
555 3877 608 3933 huc
624 3893 713 3948 usque
729 3879 847 3935 hauaire
864 3879 901 3934 ad
918 3894 981 3934 cum
998 3880 1043 3936 ius
1060 3879 1167 3950 prioris,
1185 3882 1217 3934 ut
1234 3875 1386 3934 distrahere
1403 3876 1504 3946 pignus
1521 3875 1585 3932 huic

149 4139 158 4175 ²
177 4136 363 4194 manifestati?
427 4140 440 4175 ²
456 4137 641 4196 inhabitantes
659 4145 751 4196 autam
769 4140 995 4210 manumittimus]
1019 4160 1068 4212 pro
1092 4141 1147 4206 hu,
1170 4159 1236 4213 quus
1257 4145 1365 4224 sussurrant,¹
1384 4139 1485 4210 quidem
1503 4157 1520 4192 c
1538 4137 1583 4202 1²³,

146 4210 374 4338 gedeum?
387 4209 629 4337 &recusimus
639 4215 705 4267 tutto
714 4217 815 4284 potius:
833 4227 868 4268 ex
880 4212 1061 4268 conuentione
1079 4211 1220 4268 decimata
1232 4214 1424 4266 manumittere
1435 4221 1584 4279 possumus

147 4437 415 4506 lcum...utatur]
434 4436 480 4492 iis
499 4438 515 4492 ὸ
531 4438 668 4524 χρεὼσιιο.
681 4438 778 4494 iresca
791 4438 835 4510 ἔχῃ
891 4439 1000 4508 (Aaou.)
1060 4437 1276 4523 'iliberauimue
1298 4436 1390 4494 fflPU
1440 4436 1475 4491 14
1497 4435 1583 4507 hypo-

146 4507 490 4646 iutiitutrt
501 4509 837 4636 tiburtius
889 4506 1584 4648 corresuscitatos

145 4654 238 4706 autem
250 4631 467 4706 manumittimus
478 4669 527 4704 om.
541 4651 591 4704 βε
606 4648 639 4704 ri
650 4649 679 4704 ὲκ
692 4651 838 4714 ιγκιώκογ
891 4651 1028 4734 ommi
1049 4650 1091 4718 eo]
1112 4655 1141 4704 et
1158 4650 1198 4702 P·
1251 4647 1586 4734 §deificaretur-mv

145 4719 307 4782 Ῠιιοτεθὲιιτι
335 4718 487 4793 &cupiunda
511 4719 558 4784 οἰκ
580 4719 793 4791 ὲλεγθεροῨκτιι,
822 4720 838 4776 ὁ
890 4723 926 4776 36
943 4721 1060 4776 debitori
1077 4721 1115 4774 F¹
1169 4721 1203 4776 37
1222 4717 1582 4785 micitP⁴Uioblrb10nem

145 4791 238 4876 uiaret·
252 4789 357 4848 isciaco
378 4790 536 4863 ὲιεγθεροῩκ
557 4792 663 4878 hisare)
682 4792 837 4876 ⁸.(4'¹⁰’⁸·)
889 4791 1136 4894 Eobligacioruem
1158 4791 1193 4845 U·
1235 4791 1271 4846 38
1288 4789 1341 4846 hoc
1355 4804 1443 4860 usque
1460 4789 1522 4844 FP·
1531 4788 1580 4854 V·t

145 4863 838 4997 iiiiii·iii“iiiiii'iiitit'i
889 4861 963 4932 rus]
981 4863 1037 4918 ”¹¹⁰
1053 4860 1114 4916 Ν
