3736 5348
253 203 313 272 llll
336 205 351 268 1
372 208 453 283 4-9
928 188 1014 272 358
1505 215 1552 264 nr:
1573 215 1682 266 annus

253 361 372 418 uolueris
391 358 510 415 creditae
527 358 636 414 nemine
655 361 799 426 antequam
818 355 932 410 emisses
950 355 1089 426 suscipere
1107 357 1190 425 atque
1208 355 1247 411 ita
1264 355 1389 425 creditor,
1410 355 1474 426 quia
1491 355 1682 411 necessitatem

254 449 325 506 ierte
342 447 531 522 proficiscendi
548 446 681 517 habebat,
704 444 863 516 deposuerit
886 442 960 513 apud
982 447 1011 497 ta
1034 441 1104 498 hane
1126 442 1241 500 eandem
1264 445 1423 515 pecuniam,
1447 449 1491 515 nt,
1514 444 1538 500 si
1560 445 1682 516 emisses,

254 539 351 596 crediti
368 539 476 594 nomine
495 537 631 607 obligatus
649 549 737 604 esses,
761 533 814 588 hoe
831 532 986 603 depositum
1004 532 1124 602 periculo
1142 538 1186 588 est
1209 535 1268 589 eins
1289 535 1336 605 qui
1352 535 1481 603 suscepit
1508 549 1572 588 nam
1590 539 1619 590 et
1636 534 1684 605 qui

223 640 235 686 1
254 646 311 686 rem
329 627 501 685 uendendam
520 624 664 694 acceperit,
683 627 714 678 ut
731 623 819 692 pretio
838 627 968 691 uteretur,
986 621 1106 700 pqrieule
1125 637 1175 677 sue
1193 638 1251 677 rem
1268 621 1389 678 habebit.
1423 624 1478 678 lies
1495 623 1601 693 pignori
1619 623 1684 678 data

254 719 371 791 pecunia
388 718 477 772 soluta
494 714 600 770 eondiei
617 717 717 783 potest.
744 715 774 767 et
790 709 896 766 fructus
914 725 949 765 ex
966 711 1068 766 iniusta
1086 725 1171 767 eausa
1195 712 1318 782 percepti
1340 711 1500 767 condicendi
1522 717 1597 768 sunt:
1620 729 1683 767 nam
1702 725 1716 768 s

255 813 284 864 et
301 807 326 863 si
343 807 455 862 colenus
472 807 535 874 post
552 804 668 858 lustrum
686 801 852 870 completum
870 798 974 855 sructns
992 801 1156 870 perceperit,
1180 799 1288 855 cerdici
1309 815 1357 856 ees
1380 805 1488 856 constat
1508 801 1548 856 ita
1565 801 1683 871 demum,

255 897 279 953 si
297 911 351 952 non
368 910 404 950 ex
422 893 562 949 uoluntate
581 891 682 947 demini
700 890 822 962 percepti
840 893 917 944 sunt:
941 904 1004 943 nam
1023 889 1047 943 si
1065 904 1100 943 ex
1117 889 1271 960 uoluntate,
1295 891 1390 960 procul
1412 889 1495 946 dubio
1513 895 1605 946 cessat
1621 903 1684 946 cen-

223 995 237 1042 2
255 985 347 1040 dictio.
383 983 433 1053 Ea,
451 995 522 1052 quae
540 980 568 1034 ni
585 979 726 1035 fluminum
744 981 891 1050 importata
908 982 980 1048 sunt,
999 977 1105 1034 cundici
1123 983 1247 1048 possunt.

219 1071 237 1131 b
308 1073 479 1129 Postremus
496 1069 565 1124 libro
583 1069 732 1125 uicensimo
751 1068 871 1123 seeundo
890 1066 925 1122 ad
943 1065 1083 1122 Sabinum.
1107 1067 1117 1138 i
1141 1066 1220 1133 Quod
1237 1072 1266 1123 te
1285 1067 1350 1122 mibi
1368 1067 1433 1124 dare
1450 1083 1528 1139 epor-
1547 1062 1685 1152 Q
1715 1077 1750 1132 s·
1772 1079 1789 1126 ι.
1802 1074 1854 1128 1⁸4⁹

255 1166 313 1217 teat
330 1161 355 1216 si
372 1159 400 1215 id
418 1163 515 1230 postea
531 1158 654 1228 perierit,
673 1174 754 1228 quam
773 1172 823 1228 per
839 1162 867 1212 te
885 1154 987 1211 iactum
1005 1156 1058 1210 erit
1074 1157 1219 1226 quominus
1238 1157 1266 1212 id
1284 1156 1350 1212 mihi
1368 1157 1460 1228 dares,
1484 1162 1562 1212 tuum
1581 1157 1639 1214 iore
1656 1157 1685 1213 id
1704 1172 1732 1212 re

256 1251 449 1306 detrimentum
468 1252 583 1303 constat
604 1246 661 1302 aed
678 1263 741 1302 oum
759 1249 918 1318 quaeratur,
942 1259 977 1300 an
995 1259 1044 1314 per
1061 1248 1089 1299 te
1107 1243 1210 1300 iactum
1229 1246 1273 1316 sit,
1292 1245 1471 1301 animaduerti
1489 1244 1612 1316 debebit,
1630 1261 1685 1302 non

256 1340 343 1398 selum
361 1339 389 1394 in
406 1340 543 1408 potestate
560 1341 609 1390 tua
625 1333 708 1390 inerit
724 1335 753 1390 id
771 1349 823 1390 nec
840 1349 875 1389 ne
893 1337 942 1390 aut
964 1333 1027 1388 delo
1050 1333 1122 1388 malo
1145 1332 1242 1390 leceris
1265 1335 1410 1406 quominus
1433 1338 1522 1392 ιιιιιι
1540 1335 1585 1390 nel
1603 1333 1686 1390 fuedt

256 1443 307 1485 nee
319 1443 362 1497 ne,
380 1426 430 1482 sed
443 1427 525 1481 etiam
537 1425 561 1480 si
574 1425 665 1493 aliqua
676 1423 749 1478 iusta
761 1439 845 1480 eausa
857 1424 901 1492 sit,
919 1426 1030 1492 propter
1042 1435 1124 1492 quam
1136 1421 1293 1492 intellegere
1306 1422 1421 1478 deberes
1434 1428 1462 1479 te
1473 1423 1539 1478 dare
1551 1427 1684 1494 oportere.

219 1518 238 1577 6
309 1517 428 1572 Paunua
445 1513 514 1570 libro
532 1514 681 1569 uicensimo
700 1517 798 1568 octauo
821 1512 857 1568 ad
878 1510 1007 1566 edietum.
1043 1509 1154 1566 Certum
1177 1516 1232 1582 est,
1256 1512 1334 1568 ouius
1356 1513 1463 1582 species
1485 1515 1530 1568 uel
1548 1509 1686 1598 Qut—ue
1717 1521 1739 1576 s

256 1605 403 1677 quantitas,
422 1617 493 1674 quse
510 1603 539 1658 iu
556 1602 722 1674 obligatione
740 1606 873 1671 uersatur,
892 1604 940 1655 aut
952 1600 1061 1656 nomine
1076 1613 1126 1656 sue
1139 1604 1187 1656 aut
1198 1615 1232 1656 ea
1244 1600 1475 1658 demonstratione
1486 1617 1557 1672 quae
1569 1589 1686 1660 nominis
1704 1615 1733 1658 rs

161 1695 166 1712 ’
256 1695 317 1751 uiue
335 1691 459 1764 iungitur
475 1692 564 1763 qualis
582 1696 737 1762 quantaque
755 1691 792 1745 sit
808 1689 969 1746 ostenditur.
996 1705 1060 1744 nam
1078 1693 1107 1746 et
1117 1689 1218 1744 Pedius
1235 1689 1304 1746 libre
1318 1691 1406 1762 primo
1418 1690 1453 1748 de
1465 1691 1685 1762 stipulationibus

256 1783 322 1840 nibil
340 1781 440 1838 referre
458 1783 504 1852 ait,
522 1780 631 1852 proprie
649 1779 758 1836 nomine
775 1771 819 1858 ιιι
837 1779 988 1854 appelletur
1004 1794 1040 1834 an
1052 1777 1138 1848 digito
1151 1778 1311 1834 ostendatur
1322 1795 1358 1834 an
1370 1778 1511 1836 uocabulis
1523 1779 1685 1851 quibusdam

256 1871 469 1930 demonstretur:
487 1875 623 1941 quatenus
641 1873 736 1924 mutua
752 1868 813 1924 nice
831 1866 987 1938 lirngantur,
1006 1882 1076 1938 quae
1094 1867 1254 1924 tantundem
1271 1874 1420 1940 praestent.

220 1961 239 2020 'i
309 1961 460 2018 umarus
477 1959 545 2016 libro
563 1959 714 2016 uicensimo
732 1961 810 2013 sexto
828 1956 864 2012 ad
882 1956 1011 2012 edictum.
1048 1955 1157 2027 Omnia,
1181 1973 1252 2028 quae
1275 1958 1358 2014 inseri
1380 1959 1531 2029 stipulatio·
1549 1951 1687 2044 [Q
1717 1967 1738 2022 s

257 2049 337 2106 nibus
355 2053 479 2120 possunt,
498 2047 597 2104 eadem
614 2051 731 2119 possunt
748 2045 830 2101 etiam
848 2047 1029 2102 numerationi
1046 2047 1186 2118 pecuniae,
1205 2051 1234 2102 et
1251 2045 1313 2103 ideo
1331 2051 1360 2103 et
1377 2045 1559 2104 condiciones.
1705 2063 1734 2103 ιο

219 2139 239 2198 8
309 2140 481 2195 Porffomus
498 2136 567 2194 libre
585 2139 664 2192 sexto
682 2149 717 2190 ex
734 2135 849 2192 Plautio.
885 2135 1002 2191 Proinde
1022 2136 1110 2192 mutui
1127 2135 1202 2191 datie
1219 2135 1355 2192 interdurn
1372 2137 1483 2208 pendet,
1502 2142 1533 2192 ut
1550 2127 1687 2222 Q
1706 2145 1748 2201 Ἐ

257 2245 292 2286 ιι
309 2231 374 2299 pest
391 2226 465 2282 iacto
484 2223 672 2282 confirmetur:
697 2223 782 2279 ueluti
800 2224 824 2280 si
842 2223 904 2280 dem
923 2223 974 2280 trbi
991 2230 1101 2280 mutuos
1118 2241 1258 2294 nummos,
1281 2232 1325 2296 nt,
1349 2226 1373 2281 si
1391 2225 1514 2282 condicio
1533 2227 1623 2297 aliqua
1641 2242 1687 2282 ex·

260 2317 369 2386 obterit,
387 2316 428 2372 tui
445 2314 513 2372 fiant
530 2315 623 2386 sisque
641 2311 707 2372 mibi
725 2312 875 2384 obligatus:
893 2314 958 2368 item
977 2313 1000 2368 ai
1018 2313 1135 2383 legatam
1154 2315 1297 2386 pecuniam
1316 2315 1394 2372 bores
1412 2315 1571 2386 crediderit,
1589 2315 1688 2372 deinde

260 2406 408 2476 legatarius
426 2420 487 2460 eam
504 2403 592 2460 noluit
609 2402 646 2458 ad
663 2418 694 2458 se
711 2403 855 2474 pertinere,
873 2403 937 2473 quia
949 2401 1056 2458 beredis
1068 2417 1103 2459 ex
1115 2403 1160 2460 die
1172 2403 1263 2460 aditae
1275 2403 1434 2460 hereditatis
1444 2403 1688 2462 uidentur-nummi

260 2494 353 2566 fuisse,
372 2499 404 2550 ut
421 2493 525 2549 credita
542 2491 660 2564 pecunia
676 2492 733 2562 poti
751 2493 847 2564 possit.
873 2507 936 2546 narn
955 2491 1074 2548 lulianus
1092 2494 1132 2548 ait
1152 2498 1180 2550 et
1197 2493 1358 2550 traditiones
1376 2492 1411 2548 ab
1428 2492 1528 2548 herede
1546 2492 1634 2550 smus
1652 2493 1688 2550 ad
1706 2507 1735 2548 aa

261 2584 290 2642 id
308 2590 416 2654 tempus
433 2582 529 2652 redigi,
549 2596 603 2653 que
620 2579 757 2636 hereditas
775 2579 851 2636 adita
868 2577 961 2650 inerit,
980 2597 1042 2636 cum
1060 2582 1232 2652 repudiatum
1250 2583 1286 2639 sit
1302 2583 1422 2652 legatum
1441 2587 1490 2638 aut
1507 2583 1688 2654 adportent

225 2673 243 2733 9
315 2672 465 2730 Unrmrrus
487 2670 556 2726 libre
579 2670 727 2726 uicensimo
750 2672 829 2724 sexte
852 2667 887 2724 ad
910 2667 1038 2726 edictum.
1074 2669 1148 2728 Certi
1166 2671 1305 2750 condictio
1318 2685 1391 2729 cenr-
1409 2665 1689 2756 Q
1718 2679 1740 2734 S

261 2763 333 2836 petit
350 2777 385 2820 ex
402 2762 476 2818 omni
494 2775 586 2829 eausa,
605 2759 731 2814 exomni
750 2757 924 2828 obligatione,
943 2773 978 2814 ex
995 2773 1050 2828 qua
1068 2766 1170 2816 comum
1188 2761 1305 2831 petitur,
1324 2761 1382 2818 siue
1401 2776 1435 2816 ex
1454 2767 1528 2817 certe
1547 2766 1688 2817 contractu

261 2855 372 2924 petatur
389 2851 448 2908 siue
467 2865 501 2906 ex
519 2850 636 2905 incerte:
660 2848 723 2904 licet
740 2847 812 2902 enim
836 2845 915 2904 nebia
933 2861 968 2902 ex
985 2848 1059 2904 omni
1076 2853 1217 2904 contractu
1235 2855 1339 2906 eertum
1362 2849 1519 2920 condicere,
1541 2849 1688 2906 dummodo

261 2956 393 3012 praesens
411 2940 447 2996 sit
464 2938 608 3008 obligatio:
627 2941 748 2992 ceterum
766 2937 789 2992 ei
807 2935 835 2991 in
853 2935 925 2991 diem
943 2937 1041 2993 situel
1059 2936 1111 2993 sub
1129 2939 1288 2996 condicione
1306 2938 1450 3009 obligatio,
1473 2944 1536 2994 ante
1554 2939 1626 2996 diem
1644 2940 1690 2996 uel
1707 2951 1736 2993 so

229 3042 243 3088 1
263 3028 449 3086 condicionem
467 3043 522 3084 non
539 3033 635 3098 petere
653 3040 743 3096 agere.
780 3025 918 3096 Competit
934 3025 1003 3082 haee
1021 3027 1092 3082 aetio
1111 3028 1193 3082 etiarn
1209 3043 1244 3084 ex
1256 3029 1340 3098 legati
1354 3044 1438 3084 musa
1449 3033 1477 3083 et
1488 3029 1595 3100 exlege
1614 3023 1690 3114 Q

262 3116 382 3188 Aquilia.
410 3116 460 3174 sed
477 3122 506 3173 et
523 3132 558 3172 ex
576 3131 660 3172 eausa
677 3113 778 3170 mrum
795 3129 844 3186 per
861 3113 932 3172 banc
950 3116 1085 3172 actionem
1104 3116 1262 3172 condicitur.
1290 3117 1339 3172 sed
1357 3122 1385 3172 et
1402 3117 1426 3172 si
1444 3132 1479 3172 ex
1497 3122 1608 3174 senatus
1626 3134 1689 3174 cou-

263 3207 336 3264 sulto
355 3212 466 3278 agetur,
490 3206 620 3276 competit
642 3204 710 3260 baec
732 3203 818 3274 aetio,
841 3205 926 3258 ueluti
945 3205 969 3260 si
987 3205 1010 3260 is
1028 3205 1072 3260 oui
1090 3202 1232 3260 fiduciaria
1248 3205 1385 3261 hereditas
1402 3205 1530 3261 restituta
1547 3210 1590 3262 est
1607 3222 1689 3278 agere

230 3309 245 3355 a
263 3295 346 3352 uolet.
383 3294 448 3352 Sine
467 3299 559 3350 antem
577 3309 628 3350 suo
645 3293 754 3349 nornine
772 3292 833 3362 quis
851 3291 988 3362 obligatus
1006 3294 1042 3349 sit
1059 3295 1119 3350 siue
1137 3295 1232 3364 aliene,
1250 3310 1299 3366 per
1311 3293 1381 3350 bano
1393 3295 1528 3350 audonem
1540 3300 1613 3352 reete
1626 3311 1689 3354 een·

136 3447 138 3454 ‚
230 3385 380 3444 euenitur.
417 3385 549 3452 Quoniam
568 3383 652 3454 igitur
669 3398 704 3438 ex
722 3381 848 3438 omnibus
866 3381 1051 3438 contractibus
1071 3381 1139 3438 haec
1163 3384 1230 3439 certi
1254 3383 1389 3440 condictio
1411 3385 1556 3456 competit,
1579 3385 1637 3441 siue
1659 3400 1689 3441 re
1708 3397 1737 3440 ee

263 3472 345 3530 tuerit
363 3478 518 3530 contractus
535 3471 625 3528 iactus
643 3471 702 3527 siue
719 3470 811 3527 uerbis
830 3472 889 3528 siue
902 3473 1074 3542 coniunctim,
1092 3469 1251 3528 referendae
1263 3477 1327 3529 sunt
1338 3472 1417 3530 nobis
1428 3473 1561 3544 quaedam
1574 3475 1689 3545 macies,

229 3574 334 3634 tquae
352 3563 465 3634 dignum
483 3561 585 3618 babent
602 3565 762 3631 tractatum,
785 3577 820 3615 an
842 3559 910 3616 baec
932 3561 1003 3616 actio
1027 3561 1062 3616 ad
1086 3561 1244 3632 petitionem
1268 3577 1361 3617 eorum
1379 3561 1506 3618 sufficiat.
1542 3562 1690 3618 Numeraui

263 3652 314 3707 tibi
332 3652 427 3708 decem
445 3651 558 3707 ethaeo
577 3652 622 3706 alii
639 3651 784 3720 stipulatus
802 3665 877 3704 snm:
899 3649 973 3704 nulla
990 3653 1033 3704 est
1050 3649 1203 3720 stipulatio:
1226 3667 1262 3705 an
1279 3651 1422 3707 condicere
1440 3652 1535 3708 decem
1552 3667 1602 3722 per
1619 3651 1690 3708 bane

264 3742 397 3798 actionem
415 3741 527 3812 possim,
546 3741 625 3810 quasi
643 3738 750 3795 duobus
768 3737 953 3794 contractibus
971 3737 1222 3810 interuenientibus,
1240 3755 1294 3796 uno
1312 3741 1361 3810 qui
1376 3757 1407 3796 re
1423 3739 1513 3796 iaetus
1531 3746 1582 3812 est,
1600 3741 1628 3796 id
1646 3745 1690 3796 est

264 3832 465 3902 numeratione,
489 3830 542 3886 alie
560 3831 608 3900 qui
625 3828 730 3900 uerbis,
753 3829 782 3885 id
800 3834 843 3884 est
859 3828 1000 3898 inutiliter,
1024 3829 1151 3904 queniam
1175 3829 1220 3884 alii
1242 3829 1366 3900 stipulari
1382 3845 1437 3886 non
1454 3830 1551 3901 potui?
1576 3833 1605 3885 et
1621 3834 1689 3901 pute
1707 3841 1738 3882 ee

262 3929 289 3982 F
293 3928 422 3999 [ΜΨ]

263 4069 347 4126 ¹siti
417 4069 578 4126 ¹amissum
596 4067 729 4136 (Blameli

263 4204 279 4258 1
304 4201 421 4272 a'u'tqne
444 4202 471 4256 F
517 4200 660 4258 beredite
682 4201 709 4256 P
760 4201 905 4272 ipraetio
929 4203 956 4256 p·
1002 4199 1162 4288 reinngatnr
1178 4199 1209 4266 P,
1227 4215 1272 4256 res
1289 4198 1420 4271 iungatur
1434 4201 1500 4258 LU:
1522 4201 1554 4257 ri
1573 4199 1689 4257 ὀκὸιιιτι

161 4299 167 4309 =
263 4272 412 4344 biruetus]
426 4271 552 4328 suntid
599 4273 707 4342 9qu0d
724 4272 949 4342 mihidariopor·
1002 4271 1058 4328 iuri
1086 4272 1205 4328 ιλλίιλωιι
1233 4272 1360 4337 barbastre
1386 4271 1434 4327 uis
1458 4272 1539 4335 cirria
1565 4275 1688 4330 tussciae
1754 4323 1756 4326 .

262 4351 303 4400 tet
320 4347 413 4400 Latine
432 4345 480 4399 BS
502 4345 586 4416 (Cpr.)
640 4346 674 4399 10
698 4345 721 4398 si
744 4343 782 4414 id]
806 4346 830 4399 si
852 4345 900 4412 ΡΙ
921 4343 950 4399 id
1003 4345 1078 4399 talei
1100 4344 1150 4398 BS
1173 4343 1291 4416 (Stapi.)
1311 4345 1316 4412 1
1336 4343 1499 4414 praestent‘i'
1518 4347 1544 4410 F,
1568 4351 1690 4416 praestet

262 4417 337 4486 mihi]
358 4417 393 4471 ad
411 4415 476 4471 mihi
494 4416 520 4468 F
560 4417 593 4470 11
611 4431 661 4484 per
676 4414 737 4470 t'a'e
754 4417 792 4468 F³
838 4417 871 4470 14
889 4431 950 4486 spe·
1003 4416 1057 4470 LU
1097 4415 1345 4470 22exu⁴titeritF³
1388 4417 1423 4472 24
1435 4415 1535 4486 aditae]
1553 4415 1628 4471 adte
1641 4417 1696 4482 P·‚,

263 4490 320 4544 cies
342 4489 387 4542 uel
410 4485 557 4557 quantitas]
582 4487 699 4555 qualitas
721 4491 750 4542 et
771 4495 800 4542 at
823 4495 951 4542 tornatur
1003 4487 1098 4541 eoaU
1157 4488 1191 4541 25
1215 4485 1344 4542 berede's’
1365 4487 1404 4540 Ε)
1466 4489 1501 4543 26
1523 4487 1688 4558 adpositum]

263 4568 321 4614 outa
339 4559 477 4628 quantitas
492 4559 609 4612 eldeum
619 4559 728 4612 sedne
739 4558 766 4612 Β
777 4559 811 4622 (Α
817 4560 900 4624 runi:
919 4557 951 4612 τὸ
1001 4557 1111 4622 ΜΨ,
1128 4557 1291 4614 admositum
1303 4560 1359 4623 F·‘,
1371 4559 1526 4629 oppositum
1539 4559 1583 4624 Ι),
1596 4568 1644 4614 iae.
1654 4560 1691 4614 If

264 4631 336 4685 ailoe
354 4631 392 4684 rei
411 4629 444 4684 τὸ
462 4628 537 4684 uerba
556 4629 594 4682 usi
611 4629 643 4683 τὸ
655 4628 737 4683 uoces
755 4629 839 4684 erBs
851 4629 949 4700 wyri:
1003 4629 1037 4683 27
1056 4631 1177 4697 conpetit
1187 4630 1212 4682 F
1213 4631 1224 4664 ¹
1272 4631 1308 4684 30
1326 4631 1349 4684 si
1360 4629 1397 4698 in]
1413 4631 1467 4686 sint
1481 4631 1519 4686 P⁴
1535 4633 1539 4698 Ι
1555 4630 1690 4686 conditio·

263 4701 295 4756 τὸ
313 4701 384 4756 ailoe
402 4701 440 4756 κιὶ
455 4700 468 4754 ri
482 4699 591 4755 uerdrse
611 4701 649 4756 rai
664 4699 678 4752 ri
692 4700 817 4756 neaerae:
835 4701 951 4754 sedarit
1002 4697 1080 4754 ne‘nr'
1094 4701 1132 4752 F’
1181 4701 1216 4756 32
1234 4701 1283 4755 sed
1301 4701 1338 4770 et]
1362 4701 1412 4756 sed
1429 4703 1507 4758 PLU
1526 4703 1530 4771 Ι
1551 4701 1652 4758 furtiba
1668 4703 1696 4755 F

262 4792 293 4826 ne
315 4772 378 4827 baec
399 4776 595 4844 proficiscuntur·
617 4792 646 4827 ιι
668 4772 753 4826 arrhis
773 4793 798 4824 a.
811 4771 846 4826 16
863 4771 950 4840 qualis
1003 4769 1038 4824 33
1065 4771 1146 4842 aetio]
1171 4772 1243 4828 aelio
1266 4773 1347 4826 eiiam
1372 4788 1407 4828 ex
1433 4773 1516 4842 legati
1543 4789 1627 4828 eausa
1649 4771 1690 4826 Ρ·

263 4847 418 4913 quantaque
436 4843 539 4898 sitnon
555 4849 622 4898 reete
637 4845 771 4906 umbrella,
790 4861 845 4897 urm
862 4843 950 4911 qualis
1003 4841 1278 4909 340umuenieturP,
1292 4843 1534 4899 conueniaturLU
1568 4845 1602 4898 35
1615 4847 1690 4898 certa

264 4915 487 4989 tbr'rrseretured
528 4919 725 4984 seiem,quanta
738 4914 950 4984 adqueatitetam
1002 4912 1038 4966 F¹
1074 4913 1109 4969 36
1127 4915 1254 4970 neuisF¹
1282 4915 1324 4978 ,37
1342 4929 1434 4970 earum
1446 4914 1524 4972 ΡΗ]
1555 4915 1688 4987 40potai]

264 4987 298 5041 15
310 4992 399 5057 quau
409 4985 448 5039 1³³
493 4987 508 5043 1
538 4981 948 5058 iunganturlF1,iungaturF’,
1001 4985 1091 5055 potuit
1108 4985 1148 5042 P⁰
