3584 5356
222 177 279 247 Vll
302 180 320 243 1
343 183 459 242 55-59
675 177 676 182 ’
899 169 986 250 228
1519 195 1679 244 narseo,

165 328 205 388 52
274 332 353 388 1555
369 329 438 386 lubre
455 345 528 386 nono
545 329 709 400 regularum.
736 328 795 387 Usu
811 327 1009 387 maturauere
1023 331 1233 388 sitrlbutaeius
1244 331 1285 387 rel
1296 335 1478 402 5555555555,
1497 328 1657 404 [stef—noa
1685 341 1710 396 Ε

222 437 257 478 ea
277 418 507 478 usufrnetumium
524 424 664 490 praestare
682 417 782 475 debere
800 418 913 474 dubium
931 434 986 474 non
1003 425 1060 492 est,
1083 421 1137 476 nisi
1154 421 1308 490 specialiter
1325 421 1434 476 nomine
1451 407 1656 478 fideieomffl

222 510 347 568 testatori
364 509 500 580 plaouisse
517 507 648 579 probetur
664 507 733 564 baeo
750 523 858 578 qnoque
877 506 912 562 ab
930 505 1031 563 herede
1049 507 1116 566 dari.
1462 561 1464 564 .
1756 509 1758 512 ’

166 595 205 652 53
273 599 445 658 Isuouunus
466 595 535 653 libro
558 596 679 654 seeundo
701 597 887 666 epistularum.
924 595 953 652 Si
977 597 1022 652 eui
1038 597 1150 653 insulae
1162 591 1229 654 usus
1246 595 1351 652 duetus
1370 593 1656 682 [ιῇῐιζῑῐεῇζῶ
1683 608 1709 664 Ε

220 691 329 760 legatus
347 694 397 759 est,
416 685 547 757 quamdiu
564 683 702 755 quaelibet
718 685 808 756 portio
825 686 885 740 eius
897 685 1002 740 insulae
1013 691 1144 756 emanet,
1162 687 1247 744 totius
1259 687 1310 742 soli
1321 702 1401 742 usum
1413 686 1532 744 biretum
1544 689 1654 746 retinet.
1673 703 1687 745 s

165 772 204 831 54
274 779 352 834 1555
369 777 437 833 libro
454 775 535 832 tertio
553 775 739 845 epistularum.
767 772 825 830 Sub
843 773 1002 830 eondioione
1020 789 1087 830 usus
1101 772 1206 830 duetus
1219 773 1296 830 fundi
1308 791 1326 830 a
1336 781 1364 832 te
1376 776 1477 833 herede
1495 773 1657 861 [Q
1684 785 1710 840 Β

221 867 295 924 uitio
312 867 419 936 legatus
438 869 494 921 est:
517 868 549 920 tu
566 861 681 919 irmdom
698 862 765 918 mihi
783 862 931 918 uendidistl
948 867 977 918 et
993 862 1132 918 tradidisti
1149 863 1273 920 deuaeto
1291 880 1343 920 usu
1361 861 1463 922 555555
1487 881 1606 938 quaero,
1631 868 1655 924 si

220 971 275 1012 non
293 955 415 1012 extitent
432 953 565 1023 ooudieio,
583 957 632 1008 aut
648 952 770 1008 exdtarit
787 956 816 1007 et
832 951 935 1008 interiit
953 967 1019 1008 usna
1037 949 1150 1023 enom,
1168 951 1205 1008 ad
1222 967 1303 1022 quem
1322 953 1465 1024 pertineat.
1497 955 1654 1026 respondit:

147 1097 153 1108 ,
220 1045 349 1115 intellego
367 1049 395 1100 te
413 1043 448 1098 de
465 1059 519 1098 usu
535 1040 627 1098 iruetu
644 1055 775 1112 quaerere
793 1041 840 1110 qui
857 1040 966 1110 legana
984 1045 1041 1096 est:
1060 1041 1152 1111 itaque
1170 1042 1194 1096 si
1212 1041 1336 1098 eondieio
1354 1043 1414 1098 elus
1426 1043 1512 1113 legati
1523 1044 1655 1114 extiterit,

220 1132 334 1190 dubium
351 1149 406 1188 non
424 1135 476 1202 est,
495 1131 560 1202 quin
577 1130 613 1186 ad
630 1130 793 1201 legatarium
810 1130 834 1184 is
852 1145 919 1186 usus
936 1127 1043 1186 555555
1060 1130 1196 1200 pertineat
1213 1135 1243 1186 et
1259 1131 1283 1187 si
1295 1132 1386 1202 aliquo
1398 1147 1465 1188 essu
1477 1131 1513 1187 ab
1525 1147 1559 1188 eo
1573 1133 1654 1189 amis·
1674 1147 1701 1190 ιο

220 1238 268 1278 sus
285 1221 383 1292 inerit,
407 1221 443 1276 ad
460 1221 655 1292 proprietatem
672 1217 750 1274 fundi
767 1223 933 1274 reuertatur:
957 1217 1031 1288 qued
1048 1219 1073 1273 si
1090 1218 1213 1274 eondioio
1232 1233 1287 1274 nou
1304 1221 1439 1291 extiterit,
1462 1237 1530 1277 usus
1547 1219 1655 1278 iruebns

220 1311 256 1368 ad
274 1311 403 1368 heredem
420 1307 573 1381 pertinebit,
592 1309 632 1364 ita
650 1315 681 1364 ut
698 1309 726 1364 in
744 1309 803 1363 eins
820 1322 939 1377 persona
956 1307 1048 1364 omnia
1061 1307 1157 1363 eadem
1169 1314 1322 1378 seruentur,
1340 1324 1411 1378 quae
1423 1310 1460 1365 ad
1471 1310 1655 1366 amittendum

219 1399 391 1456 mab-uotum
414 1399 552 1470 pertinent
573 1403 603 1453 et
626 1397 730 1452 seruari
751 1396 848 1452 solent
890 1403 1010 1452 ueterum
1032 1396 1062 1452 in
1084 1395 1217 1452 eiusmodi
1241 1397 1398 1454 uanutone
1419 1399 1603 1470 spectandum
1625 1399 1655 1454 id

123 1485 127 1506 '
219 1489 284 1560 erit,
307 1487 381 1560 quod
404 1488 474 1544 inter
497 1491 632 1543 ementem
654 1485 874 1555 uendentemque
895 1485 1065 1554 conuenerit,
1091 1491 1122 1541 ut
1143 1486 1168 1540 si
1191 1488 1348 1556 apparuerit
1372 1488 1457 1558 legab'
1480 1503 1566 1543 eausa
1589 1503 1654 1544 eum
1723 1531 1725 1533 .

218 1593 299 1634 usum
317 1575 436 1634 bustum
454 1580 600 1647 exceptum
616 1589 692 1646 esse,
714 1574 822 1630 etiamsi
840 1573 964 1630 oondieio
982 1589 1037 1630 nou
1054 1575 1187 1645 extiterit,
1211 1576 1318 1632 restitui
1342 1592 1360 1631 a
1377 1577 1517 1632 uenditare
1536 1577 1655 1646 emptori
1675 1593 1703 1635 rs

219 1665 327 1723 debeat.

162 1749 201 1809 55
271 1755 443 1812 Porrroruus
460 1751 529 1809 libro
546 1751 696 1808 uioensimo
714 1755 793 1806 sexto
817 1751 853 1806 ad
871 1750 1001 1817 Quintum
1018 1751 1146 1808 lineium.
1182 1751 1213 1808 Si
1236 1751 1348 1810 minutis
1370 1770 1437 1810 usus
1460 1755 1654 1812 tantummodo
1687 1755 1734 1829 Es

218 1843 326 1915 legatus
344 1845 388 1914 sit,
407 1842 514 1898 etiami
532 1841 747 1896 nullusinterim
765 1841 809 1911 sit,
828 1855 890 1896 eum
908 1845 999 1896 tamen
1017 1839 1128 1897 infantis
1147 1847 1267 1898 aetatem
1285 1843 1449 1913 exoesserit,
1469 1859 1531 1900 esse
1548 1845 1662 1914 ineipit.

162 1927 202 1987 55
272 1929 726 2002 (55555155555555155555555ι
746 1929 783 1986 ad
805 1929 925 1984 edietum
948 1929 1125 1998 pmnineiale.
1159 1929 1205 1986 An
1228 1947 1295 1988 usus
1317 1929 1423 1988 duetus
1445 1932 1555 1988 nomine
1581 1933 1654 1988 aetio
1676 1925 1710 1980 'S

201 2047 202 2052 ¹
219 2020 402 2092 munieipibus
419 2019 478 2076 dari
490 2018 598 2088 debeat,
617 2018 772 2088 quaesitum
784 2021 840 2073 est:
859 2018 1008 2088 perieulum
1026 2019 1099 2074 enim
1111 2033 1173 2076 esse
1185 2019 1338 2090 ndebamr,
1357 2035 1392 2076 ne
1403 2027 1553 2091 perpetuus
1565 2019 1654 2091 deret,
1675 2029 1703 2069 ⁸⁰

219 2112 284 2182 quia
301 2125 390 2180 neque
407 2112 495 2164 morte
512 2123 564 2163 555
580 2105 660 2162 faoile
678 2107 775 2176 sapide
794 2105 979 2162 deminutione
995 2107 1133 2177 periturus
1151 2112 1207 2178 est,
1226 2124 1281 2178 qua
1298 2109 1403 2165 ratione
1420 2111 1575 2180 proprietas
1594 2111 1655 2166 inu·

218 2199 274 2256 tilis
292 2203 366 2256 esset
382 2195 476 2253 firmus
493 2211 602 2267 semper
619 2193 786 2251 absoedente
803 2211 855 2250 usu
873 2193 971 2250 fruetu.
998 2195 1048 2252 sed
1065 2200 1159 2253 tumen
1176 2197 1279 2268 plaeuit
1292 2197 1413 2254 dmdam
1428 2214 1489 2254 ease
1507 2200 1655 2256 sotionem.

219 2287 292 2345 unde
311 2302 429 2358 sequens
447 2284 581 2342 dubitatio
599 2288 650 2356 est,
669 2299 811 2354 quousque
828 2283 924 2338 tuendi
942 2287 1035 2364 essent
1052 2284 1080 2339 in
1098 2299 1131 2340 eo
1143 2301 1196 2341 usu
1207 2284 1299 2342 55555
1311 2288 1475 2358 munieipes:
1493 2284 1655 2372 [Ὶῐοῖῃῖεζι

203 2375 248 2434 'et
264 2378 368 2448 plaouit
384 2381 494 2432 eentum
512 2390 599 2430 anuos
616 2373 733 2429 tuendos
751 2387 813 2429 esse
831 2372 990 2443 munieipes,
1009 2374 1074 2443 quia
1090 2374 1114 2428 is
1132 2372 1194 2430 linis
1212 2375 1286 2432 uitae
1303 2376 1431 2446 longaeui
1447 2365 1653 2434 hominis-‘ess
1675 2383 1704 2426 ¹*

159 2459 202 2534 ,57
271 2467 453 2530 Ρ55555555
475 2465 544 2522 libro
566 2464 684 2535 septimo
706 2477 907 2534 responsorum.
948 2461 1082 2518 Dominus
1105 2461 1253 2520 duotuario
1277 2464 1433 2536 praedium,
1456 2467 1532 2535 quod
1555 2467 1582 2522 ei
1605 2483 1656 2540 per
1685 2458 1712 2513 P

219 2571 300 2610 usum
318 2553 436 2610 iruotum
454 2553 600 2623 seruiebat,
619 2552 730 2622 legauit,
748 2550 831 2620 idque
843 2549 986 2621 praedium
999 2551 1166 2622 aliquamdiu
1176 2568 1335 2623 possessum
1348 2552 1497 2624 legatarius
1508 2555 1655 2611 restituere

219 2641 289 2714 tilio,
307 2644 354 2714 qui
372 2659 484 2699 eausam
501 2641 644 2698 inoffioioai
661 2639 819 2698 5555555555·
838 2643 913 2696 reete
929 2640 1092 2712 pertulerat,
1115 2648 1228 2698 555555
1241 2645 1301 2698 est:
1325 2643 1459 2700 mansime
1482 2641 1589 2700 nuans
1611 2645 1655 2700 ius

188 2737 200 2784 1
220 2733 356 2802 integrum
374 2747 410 2788 55
426 2737 490 2803 post
505 2730 579 2787 laeto
597 2730 733 2802 apparuit.
769 2729 822 2784 Per
838 2727 1078 2784 fideicommissum
1096 2727 1186 2786 iruotu
1203 2729 1376 2800 praediorum
1394 2729 1430 2787 ob
1448 2732 1494 2786 ali·
1514 2729 1655 2818 Q

220 2827 314 2876 menta
329 2820 434 2877 libertis
451 2820 545 2876 relioto
562 2821 681 2891 partium
698 2817 913 2874 emolamentum
930 2832 966 2874 55
982 2833 1100 2888 persona
1116 2817 1174 2876 nita
1188 2817 1379 2876 deeedentium
1391 2819 1428 2876 ad
1439 2820 1580 2878 dominum
1592 2811 1663 2894 pro-'

219 2909 344 2981 prietatis
362 2910 484 2966 recurrit
1675 2920 1704 2962 ao

164 2991 203 3052 58
274 2996 432 3054 Soanuons
449 2996 518 3054 libro
535 2998 617 3054 tertio
635 3011 835 3067 responsorum.
862 2993 1000 3052 Deiuneta
1016 2995 1166 3052 lrurtuada
1182 3011 1276 3052 mense
1291 2996 1438 3054 Deoembri
1455 2999 1509 3054 iam
1528 2997 1656 3056 omnibus
1685 2993 1712 3048 P

220 3085 367 3158 fructibus,
386 3087 432 3157 qui
449 3087 478 3142 in
495 3086 537 3142 lris
555 3087 633 3156 agris
647 3089 810 3156 naseuntur,
835 3100 929 3142 mense
947 3083 1059 3142 Ootobri
1081 3100 1131 3156 per
1153 3085 1263 3142 oolonos
1287 3084 1402 3142 sublatis
1424 3089 1578 3158 quaesitum
1603 3095 1655 3160 est,

220 3181 313 3232 nuum
329 3177 426 3247 pensio
444 3173 538 3230 heredi
554 3173 720 3230 fructuariae
738 3175 808 3230 solui
827 3173 953 3244 deberet,
977 3175 1102 3243 quamuis
1125 3172 1274 3230 fruemaria
1295 3181 1359 3232 anta
1381 3176 1514 3234 kalendas
1532 3177 1655 3248 dardan

221 3265 321 3336 quibus
338 3251 485 3335 pensiones
502 3263 594 3320 inferri
612 3263 739 3334 debeant,
757 3263 914 3333 deoeeserit,
933 3279 969 3318 an
986 3262 1073 3318 diuidi
1091 3261 1191 3318 debeat
1207 3263 1278 3319 inter
1294 3263 1423 3322 heredem
1441 3263 1608 3322 frustrandae
1625 3271 1657 3324 et

220 3369 278 3410 rem
296 3353 441 3425 publieam,
460 3354 504 3409 eui
521 3355 673 3424 proprietas
690 3353 783 3423 legata
799 3357 850 3408 est.
877 3352 1006 3422 respondi
1023 3367 1080 3408 rem
1098 3351 1236 3422 publicam
1247 3352 1357 3424 quidem
1369 3369 1431 3410 eum
1444 3355 1540 3410 eoluno
1551 3356 1655 3410 nubam
1675 3365 1704 3408 as

220 3443 356 3500 astionem
373 3441 482 3512 habere,
500 3440 664 3498 fruetuariae
681 3457 748 3498 uero
765 3440 893 3496 heredem
911 3455 963 3497 sus
979 3441 1025 3496 die
1042 3440 1192 3496 seeundum
1204 3455 1238 3496 ea
1249 3455 1320 3512 quae
1331 3449 1547 3514 proponerentur
1562 3443 1655 3517 ninia
1673 3433 1774 3498 215⁵

188 3538 202 3583 1
220 3548 298 3604 gram
315 3532 475 3603 pensionem
491 3535 692 3602 pereepturum.
724 3529 892 3601 'Sempronio
910 3530 946 3586 do
963 3530 1026 3600 lego
1044 3545 1079 3586 55
1093 3529 1206 3586 redaem
1217 3529 1355 3588 buterum
1366 3531 1466 3588 holeris
1477 3535 1507 3588 et
1517 3533 1655 3604 porrinae,

221 3621 299 3692 ‘quae
316 3620 404 3676 babeo
422 3621 450 3676 in
468 3635 535 3691 agro
552 3620 762 3691 l'amanomm’,
780 3625 886 3690 partem
904 3619 1026 3675 sextam'.
1062 3620 1214 3690 quaeritur,
1237 3635 1274 3676 an
1293 3619 1336 3676 bis
1354 3619 1446 3677 uerbis
1464 3633 1531 3678 usus
1547 3619 1656 3678 inetm

219 3710 328 3780 legatus
349 3709 484 3766 uideatur.
516 3709 645 3779 respondi
671 3725 727 3764 non
749 3707 981 3778 usumfructum,
1003 3707 1054 3764 sed
1076 3724 1112 3764 55
1134 3707 1264 3780 eoquod
1285 3709 1427 3765 redaotum
1450 3715 1525 3766 asset
1545 3716 1656 3781 partem

188 3805 204 3851 a
220 3798 348 3868 legatam.
383 3799 453 3855 Item
471 3798 625 3868 quaesitum
643 3802 698 3868 est,
721 3797 746 3853 ei
764 3813 831 3852 usus
848 3795 953 3852 555555
971 3811 1025 3854 555
1043 3803 1126 3868 esset,
1147 3813 1183 3854 an
1200 3797 1346 3868 quotannis
1363 3803 1468 3870 partem
1486 3805 1595 3856 sextam
1612 3815 1655 3856 re·
1674 3811 1703 3852 aa

221 3887 331 3943 daotam
349 3861 490 3958 legeuerit.
518 3886 646 3958 respondi
663 3886 809 3957 quotannis
827 3885 914 3942 uideri
932 3885 1065 3958 rellonrm,
1083 3887 1135 3944 u'mi
1151 3887 1317 3944 eontrarium
1334 3887 1490 3959 spetialiter
1503 3886 1540 3944 ab
1552 3886 1656 3946 hemis

222 3975 396 4048 adprobatur.
959 4001 960 4009 ¹

164 4060 203 4120 59
273 4065 394 4122 Psunus
410 4063 479 4122 libre
496 4064 577 4121 tertio
595 4064 800 4121 sententiarum.
829 4062 951 4120 Arbores
968 4063 998 4122 ui
1014 4065 1195 4136 tempestatis,
1212 4079 1268 4122 non
1286 4065 1367 4136 eulpa
1383 4062 1525 4124 duamani
1541 4081 1656 4124 555551
1685 4060 1713 4115 Ρ

220 4171 248 4226 F
252 4170 406 4242 [1²(VLU)]

222 4525 417 4594 nonnanes
439 4525 468 4580 P
517 4526 697 4582 essemus
719 4501 797 4600 alm
810 4527 912 4582 5555
963 4527 1446 4597 transrhenensium
1496 4529 1532 4584 ae
1550 4531 1654 4586 enom-

220 4595 366 4667 5φή5555
416 4597 573 4654 ldetraelo
592 4613 643 4653 usu
660 4595 760 4667 fruotn]
779 4598 907 4660 trininno
961 4597 1116 4654 ment'o‘um
1134 4599 1161 4652 F
1202 4599 1237 4655 31
1255 4597 1410 4656 decembrio
1425 4598 1475 4654 PL
1523 4601 1560 4656 32
1578 4607 1655 4658 eolu-

221 4663 707 4796 tlitttiitritiiitist
725 4668 775 4794 ii
789 4669 913 4796 dai
961 4668 1657 4810 ttlrflllrtt.teii...³ttt⁸¹⁰tt.l

222 4810 256 4864 12
268 4813 393 4864 seruetur
403 4811 444 4864 P⁰
479 4810 674 4880 reonn1si1³
706 4799 861 4867 luibani
877 4811 909 4876 P,
962 4810 1090 4868 die'm'F
1127 4813 1163 4870 38
1181 4813 1317 4883 sgrumP
1357 4813 1465 4870 39555
1482 4813 1571 4870 solum
1583 4813 1655 4872 une

221 4878 318 4936 noun
340 4879 430 4966 vso·
472 4883 508 4937 eo
524 4882 670 4984 perperna
691 4883 731 4938 Ρ·
793 4881 900 4968 mser
962 4888 1022 4940 enm
1034 4883 1084 4938 see
1095 4883 1378 4970 5155555555
1412 4885 1655 4955 sequamur·

222 4951 290 5008 etP
321 4952 523 5008 ideonum}
570 4951 897 5024 iderJetFiieretP
963 4954 1658 5028 llrespondltquartannrsP·42probeturPV
