<?xml version="1.0" encoding="UTF-8"?>
<!DOCTYPE html PUBLIC "-//W3C//DTD XHTML 1.0 Transitional//EN"
    "http://www.w3.org/TR/xhtml1/DTD/xhtml1-transitional.dtd">
<html xmlns="http://www.w3.org/1999/xhtml" xml:lang="en" lang="en">
 <head>
  <title>
</title>
<meta http-equiv="Content-Type" content="text/html;charset=utf-8" />
  <meta name='ocr-system' content='tesseract 3.04.00' />
  <meta name='ocr-capabilities' content='ocr_page ocr_carea ocr_par ocr_line ocrx_word'/>
</head>
<body>
  <div class='ocr_page' id='page_1' title='image "./digestaiustinia01kruegoog_0701.png"; bbox 0 0 3712 5370; ppageno 0'>
   <div class='ocr_carea' id='block_1_1' title="bbox 254 164 1694 246">
    <p class='ocr_par' dir='ltr' id='par_1_1' title="bbox 254 164 1694 246">
     <span class='ocr_line' id='line_1_1' title="bbox 254 164 1694 246; baseline -0.003 -4"><span class='ocrx_word' id='word_1_1' title='bbox 254 173 371 242; x_wconf 80' lang='lat' dir='ltr'><strong>xvim</strong></span> <span class='ocrx_word' id='word_1_2' title='bbox 394 175 409 241; x_wconf 95' lang='lat'>1</span> <span class='ocrx_word' id='word_1_3' title='bbox 432 180 547 236; x_wconf 82' lang='lat' dir='ltr'><strong>1³-1r</strong></span> <span class='ocrx_word' id='word_1_4' title='bbox 927 164 1015 246; x_wconf 84' lang='lat'><strong>550</strong></span> <span class='ocrx_word' id='word_1_5' title='bbox 1415 189 1462 238; x_wconf 86' lang='lat' dir='ltr'><strong>ou</strong></span> <span class='ocrx_word' id='word_1_6' title='bbox 1485 187 1694 238; x_wconf 69' lang='lat' dir='ltr'><strong>terroremue</strong></span> 
     </span>
    </p>
   </div>
   <div class='ocr_carea' id='block_1_2' title="bbox 102 325 1797 3768">
    <p class='ocr_par' dir='ltr' id='par_1_2' title="bbox 254 325 1694 401">
     <span class='ocr_line' id='line_1_2' title="bbox 254 325 1694 401; baseline -0.002 -15"><span class='ocrx_word' id='word_1_7' title='bbox 254 331 384 386; x_wconf 86' lang='lat' dir='ltr'><strong>traditam</strong></span> <span class='ocrx_word' id='word_1_8' title='bbox 403 330 527 401; x_wconf 89' lang='lat' dir='ltr'><strong>accipere</strong></span> <span class='ocrx_word' id='word_1_9' title='bbox 545 329 678 386; x_wconf 90' lang='lat' dir='ltr'><strong>debemus</strong></span> <span class='ocrx_word' id='word_1_10' title='bbox 696 332 725 384; x_wconf 89' lang='lat' dir='ltr'><strong>et</strong></span> <span class='ocrx_word' id='word_1_11' title='bbox 742 328 766 384; x_wconf 89' lang='lat' dir='ltr'><strong>ai</strong></span> <span class='ocrx_word' id='word_1_12' title='bbox 783 329 908 399; x_wconf 89' lang='lat' dir='ltr'><strong>precaria</strong></span> <span class='ocrx_word' id='word_1_13' title='bbox 926 329 962 383; x_wconf 92' lang='lat' dir='ltr'><strong>sit</strong></span> <span class='ocrx_word' id='word_1_14' title='bbox 980 327 1132 398; x_wconf 76' lang='lat' dir='ltr'><strong>possessio:</strong></span> <span class='ocrx_word' id='word_1_15' title='bbox 1150 325 1203 382; x_wconf 92' lang='lat' dir='ltr'><strong>hoc</strong></span> <span class='ocrx_word' id='word_1_16' title='bbox 1220 327 1293 382; x_wconf 90' lang='lat' dir='ltr'><strong>enim</strong></span> <span class='ocrx_word' id='word_1_17' title='bbox 1312 327 1400 382; x_wconf 88' lang='lat' dir='ltr'><strong>solum</strong></span> <span class='ocrx_word' id='word_1_18' title='bbox 1412 331 1536 396; x_wconf 86' lang='lat' dir='ltr'><strong>spectare</strong></span> <span class='ocrx_word' id='word_1_19' title='bbox 1548 325 1694 396; x_wconf 80' lang='lat' dir='ltr'><strong>debemus,</strong></span> 
     </span>
    </p>

    <p class='ocr_par' dir='ltr' id='par_1_3' title="bbox 206 415 1729 932">
     <span class='ocr_line' id='line_1_3' title="bbox 206 415 1694 490; baseline -0.003 -16"><span class='ocrx_word' id='word_1_20' title='bbox 206 428 237 474; x_wconf 78' lang='lat' dir='ltr'><strong>aa</strong></span> <span class='ocrx_word' id='word_1_21' title='bbox 256 437 292 476; x_wconf 90' lang='lat' dir='ltr'><strong>an</strong></span> <span class='ocrx_word' id='word_1_22' title='bbox 308 419 410 475; x_wconf 87' lang='lat' dir='ltr'><strong>babeat</strong></span> <span class='ocrx_word' id='word_1_23' title='bbox 427 418 586 474; x_wconf 73' lang='lat' dir='ltr'><strong>facultatem</strong></span> <span class='ocrx_word' id='word_1_24' title='bbox 602 417 710 488; x_wconf 77' lang='lat' dir='ltr'><strong>fruetus</strong></span> <span class='ocrx_word' id='word_1_25' title='bbox 727 417 904 490; x_wconf 90' lang='lat' dir='ltr'><strong>percipiendi.</strong></span> <span class='ocrx_word' id='word_1_26' title='bbox 940 419 1086 474; x_wconf 86' lang='lat' dir='ltr'><strong>Praeterea</strong></span> <span class='ocrx_word' id='word_1_27' title='bbox 1103 431 1138 470; x_wconf 88' lang='lat' dir='ltr'><strong>ex</strong></span> <span class='ocrx_word' id='word_1_28' title='bbox 1155 416 1269 472; x_wconf 83' lang='lat' dir='ltr'><strong>uendite</strong></span> <span class='ocrx_word' id='word_1_29' title='bbox 1287 415 1395 485; x_wconf 82' lang='lat' dir='ltr'><strong>agendo</strong></span> <span class='ocrx_word' id='word_1_30' title='bbox 1413 419 1596 486; x_wconf 89' lang='lat' dir='ltr'><strong>consequetur</strong></span> <span class='ocrx_word' id='word_1_31' title='bbox 1608 416 1694 471; x_wconf 87' lang='lat' dir='ltr'><strong>etiam</strong></span> 
     </span>
     <span class='ocr_line' id='line_1_4' title="bbox 256 503 1694 578; baseline -0.003 -14"><span class='ocrx_word' id='word_1_32' title='bbox 256 513 390 578; x_wconf 91' lang='lat' dir='ltr'><strong>sumptus,</strong></span> <span class='ocrx_word' id='word_1_33' title='bbox 410 509 457 578; x_wconf 92' lang='lat' dir='ltr'><strong>qui</strong></span> <span class='ocrx_word' id='word_1_34' title='bbox 474 507 541 563; x_wconf 86' lang='lat' dir='ltr'><strong>facti</strong></span> <span class='ocrx_word' id='word_1_35' title='bbox 558 513 623 563; x_wconf 92' lang='lat' dir='ltr'><strong>sunt</strong></span> <span class='ocrx_word' id='word_1_36' title='bbox 640 509 668 564; x_wconf 92' lang='lat' dir='ltr'><strong>in</strong></span> <span class='ocrx_word' id='word_1_37' title='bbox 686 524 715 562; x_wconf 93' lang='lat' dir='ltr'><strong>re</strong></span> <span class='ocrx_word' id='word_1_38' title='bbox 734 507 873 577; x_wconf 89' lang='lat' dir='ltr'><strong>distracta,</strong></span> <span class='ocrx_word' id='word_1_39' title='bbox 891 510 923 562; x_wconf 91' lang='lat' dir='ltr'><strong>ut</strong></span> <span class='ocrx_word' id='word_1_40' title='bbox 935 511 1002 576; x_wconf 86' lang='lat' dir='ltr'><strong>puta</strong></span> <span class='ocrx_word' id='word_1_41' title='bbox 1014 505 1038 559; x_wconf 93' lang='lat' dir='ltr'><strong>si</strong></span> <span class='ocrx_word' id='word_1_42' title='bbox 1050 504 1115 575; x_wconf 91' lang='lat' dir='ltr'><strong>quid</strong></span> <span class='ocrx_word' id='word_1_43' title='bbox 1134 505 1162 560; x_wconf 95' lang='lat' dir='ltr'><strong>in</strong></span> <span class='ocrx_word' id='word_1_44' title='bbox 1180 503 1306 560; x_wconf 87' lang='lat' dir='ltr'><strong>aedificia</strong></span> <span class='ocrx_word' id='word_1_45' title='bbox 1324 504 1456 560; x_wconf 86' lang='lat' dir='ltr'><strong>distracta</strong></span> <span class='ocrx_word' id='word_1_46' title='bbox 1473 510 1617 574; x_wconf 77' lang='lat' dir='ltr'><strong>erogatum</strong></span> <span class='ocrx_word' id='word_1_47' title='bbox 1636 510 1694 560; x_wconf 88' lang='lat' dir='ltr'><strong>est:</strong></span> 
     </span>
     <span class='ocr_line' id='line_1_5' title="bbox 256 593 1695 653; baseline -0.002 0"><span class='ocrx_word' id='word_1_48' title='bbox 256 596 352 653; x_wconf 80' lang='lat' dir='ltr'><strong>scribit</strong></span> <span class='ocrx_word' id='word_1_49' title='bbox 374 597 446 652; x_wconf 88' lang='lat' dir='ltr'><strong>enim</strong></span> <span class='ocrx_word' id='word_1_50' title='bbox 469 597 563 653; x_wconf 82' lang='lat' dir='ltr'><strong>Labeo</strong></span> <span class='ocrx_word' id='word_1_51' title='bbox 586 601 615 652; x_wconf 89' lang='lat' dir='ltr'><strong>et</strong></span> <span class='ocrx_word' id='word_1_52' title='bbox 638 596 784 652; x_wconf 80' lang='lat' dir='ltr'><strong>Trebatius</strong></span> <span class='ocrx_word' id='word_1_53' title='bbox 808 611 870 650; x_wconf 89' lang='lat' dir='ltr'><strong>esse</strong></span> <span class='ocrx_word' id='word_1_54' title='bbox 892 611 928 650; x_wconf 86' lang='lat' dir='ltr'><strong>ex</strong></span> <span class='ocrx_word' id='word_1_55' title='bbox 950 594 1064 649; x_wconf 87' lang='lat' dir='ltr'><strong>uendite</strong></span> <span class='ocrx_word' id='word_1_56' title='bbox 1086 593 1139 648; x_wconf 91' lang='lat' dir='ltr'><strong>boc</strong></span> <span class='ocrx_word' id='word_1_57' title='bbox 1162 595 1271 650; x_wconf 91' lang='lat' dir='ltr'><strong>nomine</strong></span> <span class='ocrx_word' id='word_1_58' title='bbox 1296 595 1439 649; x_wconf 90' lang='lat' dir='ltr'><strong>actionem.</strong></span> <span class='ocrx_word' id='word_1_59' title='bbox 1468 593 1540 648; x_wconf 88' lang='lat' dir='ltr'><strong>idem</strong></span> <span class='ocrx_word' id='word_1_60' title='bbox 1565 599 1594 648; x_wconf 90' lang='lat' dir='ltr'><strong>et</strong></span> <span class='ocrx_word' id='word_1_61' title='bbox 1616 595 1641 648; x_wconf 92' lang='lat' dir='ltr'><strong>si</strong></span> <span class='ocrx_word' id='word_1_62' title='bbox 1665 595 1695 650; x_wconf 90' lang='lat' dir='ltr'><strong>iu</strong></span> 
     </span>
     <span class='ocr_line' id='line_1_6' title="bbox 257 682 1729 755; baseline -0.002 -15"><span class='ocrx_word' id='word_1_63' title='bbox 257 685 333 754; x_wconf 76' lang='lat' dir='ltr'><strong>aegri</strong></span> <span class='ocrx_word' id='word_1_64' title='bbox 356 686 429 740; x_wconf 89' lang='lat' dir='ltr'><strong>serui</strong></span> <span class='ocrx_word' id='word_1_65' title='bbox 452 687 619 742; x_wconf 89' lang='lat' dir='ltr'><strong>curationem</strong></span> <span class='ocrx_word' id='word_1_66' title='bbox 638 687 790 755; x_wconf 89' lang='lat' dir='ltr'><strong>impensum</strong></span> <span class='ocrx_word' id='word_1_67' title='bbox 815 690 858 740; x_wconf 90' lang='lat' dir='ltr'><strong>cst</strong></span> <span class='ocrx_word' id='word_1_68' title='bbox 880 687 944 738; x_wconf 89' lang='lat' dir='ltr'><strong>ante</strong></span> <span class='ocrx_word' id='word_1_69' title='bbox 966 683 1142 738; x_wconf 77' lang='lat' dir='ltr'><strong>traditionem</strong></span> <span class='ocrx_word' id='word_1_70' title='bbox 1166 688 1215 738; x_wconf 90' lang='lat' dir='ltr'><strong>aut</strong></span> <span class='ocrx_word' id='word_1_71' title='bbox 1237 683 1261 738; x_wconf 92' lang='lat' dir='ltr'><strong>si</strong></span> <span class='ocrx_word' id='word_1_72' title='bbox 1283 682 1349 753; x_wconf 89' lang='lat' dir='ltr'><strong>quid</strong></span> <span class='ocrx_word' id='word_1_73' title='bbox 1366 683 1395 738; x_wconf 90' lang='lat' dir='ltr'><strong>in</strong></span> <span class='ocrx_word' id='word_1_74' title='bbox 1412 682 1583 752; x_wconf 88' lang='lat' dir='ltr'><strong>disciplinas,</strong></span> <span class='ocrx_word' id='word_1_75' title='bbox 1606 685 1729 752; x_wconf 64' lang='lat' dir='ltr'><strong>quasit</strong></span> 
     </span>
     <span class='ocr_line' id='line_1_7' title="bbox 256 770 1695 843; baseline -0.001 -15"><span class='ocrx_word' id='word_1_76' title='bbox 256 773 403 828; x_wconf 88' lang='lat' dir='ltr'><strong>uerisimile</strong></span> <span class='ocrx_word' id='word_1_77' title='bbox 422 780 482 828; x_wconf 91' lang='lat' dir='ltr'><strong>erat</strong></span> <span class='ocrx_word' id='word_1_78' title='bbox 499 775 581 828; x_wconf 90' lang='lat' dir='ltr'><strong>etiam</strong></span> <span class='ocrx_word' id='word_1_79' title='bbox 600 775 751 843; x_wconf 76' lang='lat' dir='ltr'><strong>emptorem</strong></span> <span class='ocrx_word' id='word_1_80' title='bbox 769 774 841 829; x_wconf 91' lang='lat' dir='ltr'><strong>uelle</strong></span> <span class='ocrx_word' id='word_1_81' title='bbox 858 772 987 843; x_wconf 89' lang='lat' dir='ltr'><strong>impendi.</strong></span> <span class='ocrx_word' id='word_1_82' title='bbox 1014 771 1066 826; x_wconf 93' lang='lat' dir='ltr'><strong>hoc</strong></span> <span class='ocrx_word' id='word_1_83' title='bbox 1084 772 1200 841; x_wconf 88' lang='lat' dir='ltr'><strong>amplius</strong></span> <span class='ocrx_word' id='word_1_84' title='bbox 1218 770 1311 826; x_wconf 84' lang='lat' dir='ltr'><strong>Labeo</strong></span> <span class='ocrx_word' id='word_1_85' title='bbox 1330 771 1369 826; x_wconf 87' lang='lat' dir='ltr'><strong>ait</strong></span> <span class='ocrx_word' id='word_1_86' title='bbox 1392 777 1421 826; x_wconf 89' lang='lat' dir='ltr'><strong>et</strong></span> <span class='ocrx_word' id='word_1_87' title='bbox 1438 771 1461 826; x_wconf 91' lang='lat' dir='ltr'><strong>si</strong></span> <span class='ocrx_word' id='word_1_88' title='bbox 1480 771 1546 842; x_wconf 89' lang='lat' dir='ltr'><strong>quid</strong></span> <span class='ocrx_word' id='word_1_89' title='bbox 1563 771 1591 826; x_wconf 93' lang='lat' dir='ltr'><strong>iu</strong></span> <span class='ocrx_word' id='word_1_90' title='bbox 1608 770 1695 826; x_wconf 82' lang='lat' dir='ltr'><strong>funus</strong></span> 
     </span>
     <span class='ocr_line' id='line_1_8' title="bbox 257 859 1695 932; baseline -0.001 -15"><span class='ocrx_word' id='word_1_91' title='bbox 257 863 358 917; x_wconf 90' lang='lat' dir='ltr'><strong>mortui</strong></span> <span class='ocrx_word' id='word_1_92' title='bbox 375 863 448 918; x_wconf 87' lang='lat' dir='ltr'><strong>serui</strong></span> <span class='ocrx_word' id='word_1_93' title='bbox 465 863 618 932; x_wconf 89' lang='lat' dir='ltr'><strong>impensum</strong></span> <span class='ocrx_word' id='word_1_94' title='bbox 630 864 686 932; x_wconf 89' lang='lat' dir='ltr'><strong>sit,</strong></span> <span class='ocrx_word' id='word_1_95' title='bbox 709 878 745 918; x_wconf 90' lang='lat' dir='ltr'><strong>ex</strong></span> <span class='ocrx_word' id='word_1_96' title='bbox 762 862 874 918; x_wconf 86' lang='lat' dir='ltr'><strong>uendite</strong></span> <span class='ocrx_word' id='word_1_97' title='bbox 892 861 1023 930; x_wconf 82' lang='lat' dir='ltr'><strong>consequi</strong></span> <span class='ocrx_word' id='word_1_98' title='bbox 1047 865 1186 930; x_wconf 90' lang='lat' dir='ltr'><strong>oportere,</strong></span> <span class='ocrx_word' id='word_1_99' title='bbox 1210 860 1234 914; x_wconf 93' lang='lat' dir='ltr'><strong>si</strong></span> <span class='ocrx_word' id='word_1_100' title='bbox 1257 859 1339 915; x_wconf 91' lang='lat' dir='ltr'><strong>modo</strong></span> <span class='ocrx_word' id='word_1_101' title='bbox 1362 860 1421 914; x_wconf 92' lang='lat' dir='ltr'><strong>sine</strong></span> <span class='ocrx_word' id='word_1_102' title='bbox 1439 860 1520 930; x_wconf 89' lang='lat' dir='ltr'><strong>culpa</strong></span> <span class='ocrx_word' id='word_1_103' title='bbox 1541 859 1695 915; x_wconf 86' lang='lat' dir='ltr'><strong>uenditoris</strong></span> 
     </span>
    </p>

    <p class='ocr_par' dir='ltr' id='par_1_4' title="bbox 208 947 1694 1020">
     <span class='ocr_line' id='line_1_9' title="bbox 208 947 1694 1020; baseline -0.003 -13"><span class='ocrx_word' id='word_1_104' title='bbox 208 961 238 1007; x_wconf 80' lang='lat' dir='ltr'><strong>ae</strong></span> <span class='ocrx_word' id='word_1_105' title='bbox 258 955 373 1005; x_wconf 90' lang='lat' dir='ltr'><strong>mortem</strong></span> <span class='ocrx_word' id='word_1_106' title='bbox 391 950 497 1006; x_wconf 90' lang='lat' dir='ltr'><strong>obierit.</strong></span> <span class='ocrx_word' id='word_1_107' title='bbox 535 951 603 1005; x_wconf 85' lang='lat' dir='ltr'><strong>Item</strong></span> <span class='ocrx_word' id='word_1_108' title='bbox 623 951 646 1006; x_wconf 91' lang='lat' dir='ltr'><strong>si</strong></span> <span class='ocrx_word' id='word_1_109' title='bbox 665 951 836 1020; x_wconf 86' lang='lat' dir='ltr'><strong>conuenerit,</strong></span> <span class='ocrx_word' id='word_1_110' title='bbox 855 966 917 1005; x_wconf 90' lang='lat' dir='ltr'><strong>cum</strong></span> <span class='ocrx_word' id='word_1_111' title='bbox 936 965 980 1004; x_wconf 92' lang='lat' dir='ltr'><strong>res</strong></span> <span class='ocrx_word' id='word_1_112' title='bbox 997 949 1117 1018; x_wconf 90' lang='lat' dir='ltr'><strong>ueniret,</strong></span> <span class='ocrx_word' id='word_1_113' title='bbox 1140 953 1172 1003; x_wconf 94' lang='lat' dir='ltr'><strong>ut</strong></span> <span class='ocrx_word' id='word_1_114' title='bbox 1189 949 1310 1018; x_wconf 88' lang='lat' dir='ltr'><strong>locuples</strong></span> <span class='ocrx_word' id='word_1_115' title='bbox 1328 947 1363 1003; x_wconf 88' lang='lat' dir='ltr'><strong>ab</strong></span> <span class='ocrx_word' id='word_1_116' title='bbox 1381 953 1504 1016; x_wconf 83' lang='lat' dir='ltr'><strong>emptore</strong></span> <span class='ocrx_word' id='word_1_117' title='bbox 1521 963 1585 1004; x_wconf 90' lang='lat' dir='ltr'><strong>reus</strong></span> <span class='ocrx_word' id='word_1_118' title='bbox 1603 948 1694 1018; x_wconf 88' lang='lat' dir='ltr'><strong>detur,</strong></span> 
     </span>
    </p>

    <p class='ocr_par' dir='ltr' id='par_1_5' title="bbox 208 1036 1744 1287">
     <span class='ocr_line' id='line_1_10' title="bbox 208 1036 1694 1108; baseline -0.001 -12"><span class='ocrx_word' id='word_1_119' title='bbox 208 1049 239 1096; x_wconf 78' lang='lat' dir='ltr'><strong>at</strong></span> <span class='ocrx_word' id='word_1_120' title='bbox 257 1054 293 1094; x_wconf 86' lang='lat' dir='ltr'><strong>ex</strong></span> <span class='ocrx_word' id='word_1_121' title='bbox 310 1039 422 1095; x_wconf 89' lang='lat' dir='ltr'><strong>uendite</strong></span> <span class='ocrx_word' id='word_1_122' title='bbox 440 1039 486 1108; x_wconf 81' lang='lat' dir='ltr'><strong>agi</strong></span> <span class='ocrx_word' id='word_1_123' title='bbox 503 1054 594 1108; x_wconf 89' lang='lat' dir='ltr'><strong>posse,</strong></span> <span class='ocrx_word' id='word_1_124' title='bbox 612 1044 645 1094; x_wconf 90' lang='lat' dir='ltr'><strong>ut</strong></span> <span class='ocrx_word' id='word_1_125' title='bbox 661 1039 689 1094; x_wconf 93' lang='lat' dir='ltr'><strong>id</strong></span> <span class='ocrx_word' id='word_1_126' title='bbox 707 1038 765 1094; x_wconf 86' lang='lat' dir='ltr'><strong>fiat.</strong></span> <span class='ocrx_word' id='word_1_127' title='bbox 802 1039 831 1095; x_wconf 82' lang='lat' dir='ltr'><strong>Si</strong></span> <span class='ocrx_word' id='word_1_128' title='bbox 849 1040 920 1094; x_wconf 91' lang='lat' dir='ltr'><strong>inter</strong></span> <span class='ocrx_word' id='word_1_129' title='bbox 937 1043 1087 1108; x_wconf 87' lang='lat' dir='ltr'><strong>emptorem</strong></span> <span class='ocrx_word' id='word_1_130' title='bbox 1100 1037 1272 1106; x_wconf 89' lang='lat' dir='ltr'><strong>praediorum</strong></span> <span class='ocrx_word' id='word_1_131' title='bbox 1285 1041 1314 1090; x_wconf 88' lang='lat' dir='ltr'><strong>et</strong></span> <span class='ocrx_word' id='word_1_132' title='bbox 1326 1036 1496 1092; x_wconf 91' lang='lat' dir='ltr'><strong>uenditorem</strong></span> <span class='ocrx_word' id='word_1_133' title='bbox 1509 1038 1694 1108; x_wconf 83' lang='lat' dir='ltr'><strong>conuenisset,</strong></span> 
     </span>
     <span class='ocr_line' id='line_1_11' title="bbox 257 1125 1744 1198; baseline 0.001 -17"><span class='ocrx_word' id='word_1_134' title='bbox 257 1132 301 1198; x_wconf 89' lang='lat' dir='ltr'><strong>ut,</strong></span> <span class='ocrx_word' id='word_1_135' title='bbox 327 1128 351 1182; x_wconf 91' lang='lat' dir='ltr'><strong>si</strong></span> <span class='ocrx_word' id='word_1_136' title='bbox 369 1143 403 1182; x_wconf 91' lang='lat' dir='ltr'><strong>ea</strong></span> <span class='ocrx_word' id='word_1_137' title='bbox 419 1127 533 1198; x_wconf 89' lang='lat' dir='ltr'><strong>praedia</strong></span> <span class='ocrx_word' id='word_1_138' title='bbox 550 1133 657 1197; x_wconf 87' lang='lat' dir='ltr'><strong>emptor</strong></span> <span class='ocrx_word' id='word_1_139' title='bbox 675 1129 789 1184; x_wconf 88' lang='lat' dir='ltr'><strong>heresue</strong></span> <span class='ocrx_word' id='word_1_140' title='bbox 808 1129 868 1183; x_wconf 88' lang='lat' dir='ltr'><strong>eius</strong></span> <span class='ocrx_word' id='word_1_141' title='bbox 885 1127 971 1196; x_wconf 89' lang='lat' dir='ltr'><strong>pluris</strong></span> <span class='ocrx_word' id='word_1_142' title='bbox 989 1125 1173 1195; x_wconf 89' lang='lat' dir='ltr'><strong>uendidisset,</strong></span> <span class='ocrx_word' id='word_1_143' title='bbox 1196 1125 1255 1180; x_wconf 90' lang='lat' dir='ltr'><strong>eius</strong></span> <span class='ocrx_word' id='word_1_144' title='bbox 1273 1131 1379 1196; x_wconf 88' lang='lat' dir='ltr'><strong>partem</strong></span> <span class='ocrx_word' id='word_1_145' title='bbox 1398 1125 1538 1180; x_wconf 89' lang='lat' dir='ltr'><strong>dimidiam</strong></span> <span class='ocrx_word' id='word_1_146' title='bbox 1556 1125 1694 1182; x_wconf 89' lang='lat' dir='ltr'><strong>uenditori</strong></span> <span class='ocrx_word' id='word_1_147' title='bbox 1716 1133 1744 1172; x_wconf 88' lang='lat'><strong>¹⁰</strong></span> 
     </span>
     <span class='ocr_line' id='line_1_12' title="bbox 256 1213 1694 1287; baseline 0 -17"><span class='ocrx_word' id='word_1_148' title='bbox 256 1219 410 1285; x_wconf 84' lang='lat' dir='ltr'><strong>praestaret</strong></span> <span class='ocrx_word' id='word_1_149' title='bbox 427 1221 455 1271; x_wconf 92' lang='lat' dir='ltr'><strong>et</strong></span> <span class='ocrx_word' id='word_1_150' title='bbox 474 1215 553 1271; x_wconf 90' lang='lat' dir='ltr'><strong>heres</strong></span> <span class='ocrx_word' id='word_1_151' title='bbox 572 1217 703 1286; x_wconf 87' lang='lat' dir='ltr'><strong>emptoris</strong></span> <span class='ocrx_word' id='word_1_152' title='bbox 720 1218 805 1287; x_wconf 91' lang='lat' dir='ltr'><strong>pluris</strong></span> <span class='ocrx_word' id='word_1_153' title='bbox 823 1232 858 1271; x_wconf 90' lang='lat' dir='ltr'><strong>ea</strong></span> <span class='ocrx_word' id='word_1_154' title='bbox 874 1215 987 1286; x_wconf 87' lang='lat' dir='ltr'><strong>praedia</strong></span> <span class='ocrx_word' id='word_1_155' title='bbox 1004 1214 1186 1284; x_wconf 91' lang='lat' dir='ltr'><strong>uendidisset,</strong></span> <span class='ocrx_word' id='word_1_156' title='bbox 1210 1214 1381 1269; x_wconf 88' lang='lat' dir='ltr'><strong>uenditorem</strong></span> <span class='ocrx_word' id='word_1_157' title='bbox 1400 1229 1435 1268; x_wconf 86' lang='lat' dir='ltr'><strong>ex</strong></span> <span class='ocrx_word' id='word_1_158' title='bbox 1452 1213 1565 1270; x_wconf 86' lang='lat' dir='ltr'><strong>uendite</strong></span> <span class='ocrx_word' id='word_1_159' title='bbox 1584 1215 1694 1284; x_wconf 82' lang='lat' dir='ltr'><strong>agendo</strong></span> 
     </span>
    </p>

    <p class='ocr_par' dir='ltr' id='par_1_6' title="bbox 208 1301 1744 1639">
     <span class='ocr_line' id='line_1_13' title="bbox 208 1301 1696 1374; baseline -0.002 -13"><span class='ocrx_word' id='word_1_160' title='bbox 208 1313 238 1361; x_wconf 76' lang='lat' dir='ltr'><strong>to</strong></span> <span class='ocrx_word' id='word_1_161' title='bbox 256 1307 362 1374; x_wconf 89' lang='lat' dir='ltr'><strong>partem</strong></span> <span class='ocrx_word' id='word_1_162' title='bbox 386 1304 458 1374; x_wconf 91' lang='lat' dir='ltr'><strong>eius,</strong></span> <span class='ocrx_word' id='word_1_163' title='bbox 483 1319 537 1374; x_wconf 88' lang='lat' dir='ltr'><strong>quo</strong></span> <span class='ocrx_word' id='word_1_164' title='bbox 560 1305 646 1374; x_wconf 92' lang='lat' dir='ltr'><strong>pluris</strong></span> <span class='ocrx_word' id='word_1_165' title='bbox 669 1304 852 1374; x_wconf 90' lang='lat' dir='ltr'><strong>uendidisset,</strong></span> <span class='ocrx_word' id='word_1_166' title='bbox 875 1309 1095 1359; x_wconf 87' lang='lat' dir='ltr'><strong>consecuturum.</strong></span> <span class='ocrx_word' id='word_1_167' title='bbox 1131 1301 1161 1356; x_wconf 89' lang='lat' dir='ltr'><strong>Si</strong></span> <span class='ocrx_word' id='word_1_168' title='bbox 1183 1309 1343 1372; x_wconf 90' lang='lat' dir='ltr'><strong>procurator</strong></span> <span class='ocrx_word' id='word_1_169' title='bbox 1366 1303 1521 1358; x_wconf 89' lang='lat' dir='ltr'><strong>uendidcrit</strong></span> <span class='ocrx_word' id='word_1_170' title='bbox 1544 1308 1572 1358; x_wconf 91' lang='lat' dir='ltr'><strong>et</strong></span> <span class='ocrx_word' id='word_1_171' title='bbox 1588 1304 1696 1358; x_wconf 86' lang='lat' dir='ltr'><strong>canerit</strong></span> 
     </span>
     <span class='ocr_line' id='line_1_14' title="bbox 257 1391 1695 1463; baseline -0.001 -14"><span class='ocrx_word' id='word_1_172' title='bbox 257 1392 381 1462; x_wconf 90' lang='lat' dir='ltr'><strong>emptori,</strong></span> <span class='ocrx_word' id='word_1_173' title='bbox 400 1393 548 1463; x_wconf 86' lang='lat' dir='ltr'><strong>quaeritur,</strong></span> <span class='ocrx_word' id='word_1_174' title='bbox 566 1409 603 1448; x_wconf 94' lang='lat' dir='ltr'><strong>an</strong></span> <span class='ocrx_word' id='word_1_175' title='bbox 621 1393 731 1450; x_wconf 91' lang='lat' dir='ltr'><strong>domino</strong></span> <span class='ocrx_word' id='word_1_176' title='bbox 749 1393 794 1449; x_wconf 91' lang='lat' dir='ltr'><strong>nel</strong></span> <span class='ocrx_word' id='word_1_177' title='bbox 811 1393 945 1448; x_wconf 89' lang='lat' dir='ltr'><strong>aduersus</strong></span> <span class='ocrx_word' id='word_1_178' title='bbox 963 1392 1102 1446; x_wconf 89' lang='lat' dir='ltr'><strong>dominum</strong></span> <span class='ocrx_word' id='word_1_179' title='bbox 1115 1391 1187 1446; x_wconf 90' lang='lat' dir='ltr'><strong>actio</strong></span> <span class='ocrx_word' id='word_1_180' title='bbox 1200 1391 1259 1446; x_wconf 91' lang='lat' dir='ltr'><strong>dari</strong></span> <span class='ocrx_word' id='word_1_181' title='bbox 1271 1391 1379 1448; x_wconf 89' lang='lat' dir='ltr'><strong>debeat.</strong></span> <span class='ocrx_word' id='word_1_182' title='bbox 1407 1397 1436 1447; x_wconf 91' lang='lat' dir='ltr'><strong>et</strong></span> <span class='ocrx_word' id='word_1_183' title='bbox 1447 1391 1612 1462; x_wconf 88' lang='lat' dir='ltr'><strong>Papinianus</strong></span> <span class='ocrx_word' id='word_1_184' title='bbox 1623 1391 1695 1448; x_wconf 91' lang='lat' dir='ltr'><strong>libro</strong></span> 
     </span>
     <span class='ocr_line' id='line_1_15' title="bbox 256 1467 1694 1551; baseline -0.001 -15"><span class='ocrx_word' id='word_1_185' title='bbox 256 1480 338 1536; x_wconf 86' lang='lat' dir='ltr'><strong>tertio</strong></span> <span class='ocrx_word' id='word_1_186' title='bbox 356 1495 549 1551; x_wconf 87' lang='lat' dir='ltr'><strong>responsorum</strong></span> <span class='ocrx_word' id='word_1_187' title='bbox 566 1485 646 1551; x_wconf 88' lang='lat' dir='ltr'><strong>putat</strong></span> <span class='ocrx_word' id='word_1_188' title='bbox 663 1497 725 1536; x_wconf 90' lang='lat' dir='ltr'><strong>oum</strong></span> <span class='ocrx_word' id='word_1_189' title='bbox 744 1481 854 1537; x_wconf 91' lang='lat' dir='ltr'><strong>domino</strong></span> <span class='ocrx_word' id='word_1_190' title='bbox 873 1496 908 1538; x_wconf 89' lang='lat' dir='ltr'><strong>ex</strong></span> <span class='ocrx_word' id='word_1_191' title='bbox 926 1485 1018 1550; x_wconf 86' lang='lat' dir='ltr'><strong>empto</strong></span> <span class='ocrx_word' id='word_1_192' title='bbox 1036 1480 1082 1548; x_wconf 85' lang='lat' dir='ltr'><strong>agi</strong></span> <span class='ocrx_word' id='word_1_193' title='bbox 1099 1495 1181 1549; x_wconf 88' lang='lat' dir='ltr'><strong>posse</strong></span> <span class='ocrx_word' id='word_1_194' title='bbox 1193 1467 1253 1535; x_wconf 90' lang='lat' dir='ltr'><strong>utili</strong></span> <span class='ocrx_word' id='word_1_195' title='bbox 1271 1481 1379 1536; x_wconf 89' lang='lat' dir='ltr'><strong>actione</strong></span> <span class='ocrx_word' id='word_1_196' title='bbox 1397 1481 1433 1535; x_wconf 86' lang='lat' dir='ltr'><strong>ad</strong></span> <span class='ocrx_word' id='word_1_197' title='bbox 1447 1481 1601 1550; x_wconf 88' lang='lat' dir='ltr'><strong>exemplum</strong></span> <span class='ocrx_word' id='word_1_198' title='bbox 1616 1480 1694 1535; x_wconf 90' lang='lat' dir='ltr'><strong>insti·</strong></span> 
     </span>
     <span class='ocr_line' id='line_1_16' title="bbox 256 1561 1744 1639; baseline -0.005 -15"><span class='ocrx_word' id='word_1_199' title='bbox 256 1569 343 1624; x_wconf 78' lang='lat' dir='ltr'><strong>tortae</strong></span> <span class='ocrx_word' id='word_1_200' title='bbox 361 1569 491 1639; x_wconf 87' lang='lat' dir='ltr'><strong>actionis,</strong></span> <span class='ocrx_word' id='word_1_201' title='bbox 515 1571 539 1624; x_wconf 89' lang='lat' dir='ltr'><strong>ai</strong></span> <span class='ocrx_word' id='word_1_202' title='bbox 557 1561 639 1624; x_wconf 84' lang='lat' dir='ltr'><strong>modo</strong></span> <span class='ocrx_word' id='word_1_203' title='bbox 658 1587 715 1625; x_wconf 90' lang='lat' dir='ltr'><strong>rem</strong></span> <span class='ocrx_word' id='word_1_204' title='bbox 733 1569 907 1625; x_wconf 90' lang='lat' dir='ltr'><strong>uendendam</strong></span> <span class='ocrx_word' id='word_1_205' title='bbox 925 1569 1079 1624; x_wconf 88' lang='lat' dir='ltr'><strong>mandauit:</strong></span> <span class='ocrx_word' id='word_1_206' title='bbox 1103 1584 1167 1638; x_wconf 81' lang='lat' dir='ltr'><strong>ergo</strong></span> <span class='ocrx_word' id='word_1_207' title='bbox 1186 1573 1214 1623; x_wconf 91' lang='lat' dir='ltr'><strong>et</strong></span> <span class='ocrx_word' id='word_1_208' title='bbox 1231 1585 1280 1639; x_wconf 89' lang='lat' dir='ltr'><strong>per</strong></span> <span class='ocrx_word' id='word_1_209' title='bbox 1303 1570 1467 1624; x_wconf 76' lang='lat' dir='ltr'><strong>oonuarium</strong></span> <span class='ocrx_word' id='word_1_210' title='bbox 1486 1568 1632 1624; x_wconf 89' lang='lat' dir='ltr'><strong>dicendum</strong></span> <span class='ocrx_word' id='word_1_211' title='bbox 1651 1574 1697 1624; x_wconf 90' lang='lat' dir='ltr'><strong>est</strong></span> <span class='ocrx_word' id='word_1_212' title='bbox 1715 1577 1744 1618; x_wconf 85' lang='lat' dir='ltr'><strong>re</strong></span> 
     </span>
    </p>

    <p class='ocr_par' dir='ltr' id='par_1_7' title="bbox 208 1653 1696 1994">
     <span class='ocr_line' id='line_1_17' title="bbox 208 1653 1696 1741; baseline -0.002 -26"><span class='ocrx_word' id='word_1_213' title='bbox 208 1668 238 1715; x_wconf 75' lang='lat' dir='ltr'><strong>ae</strong></span> <span class='ocrx_word' id='word_1_214' title='bbox 256 1657 351 1714; x_wconf 89' lang='lat' dir='ltr'><strong>utilem</strong></span> <span class='ocrx_word' id='word_1_215' title='bbox 370 1662 515 1728; x_wconf 90' lang='lat' dir='ltr'><strong>exempto</strong></span> <span class='ocrx_word' id='word_1_216' title='bbox 536 1658 672 1713; x_wconf 88' lang='lat' dir='ltr'><strong>actionem</strong></span> <span class='ocrx_word' id='word_1_217' title='bbox 697 1658 807 1714; x_wconf 92' lang='lat' dir='ltr'><strong>domino</strong></span> <span class='ocrx_word' id='word_1_218' title='bbox 831 1663 994 1728; x_wconf 87' lang='lat' dir='ltr'><strong>competere.</strong></span> <span class='ocrx_word' id='word_1_219' title='bbox 1030 1656 1136 1712; x_wconf 87' lang='lat' dir='ltr'><strong>Ibidem</strong></span> <span class='ocrx_word' id='word_1_220' title='bbox 1154 1657 1320 1728; x_wconf 77' lang='lat' dir='ltr'><strong>Papinianus</strong></span> <span class='ocrx_word' id='word_1_221' title='bbox 1343 1657 1517 1728; x_wconf 91' lang='lat' dir='ltr'><strong>respondisse</strong></span> <span class='ocrx_word' id='word_1_222' title='bbox 1536 1653 1696 1741; x_wconf 62' lang='lat' dir='ltr'><strong>[Q</strong></span> 
     </span>
     <span class='ocr_line' id='line_1_18' title="bbox 257 1743 1695 1817; baseline -0.001 -15"><span class='ocrx_word' id='word_1_223' title='bbox 257 1760 288 1802; x_wconf 84' lang='lat' dir='ltr'><strong>sc</strong></span> <span class='ocrx_word' id='word_1_224' title='bbox 305 1743 397 1816; x_wconf 77' lang='lat' dir='ltr'><strong>refert,</strong></span> <span class='ocrx_word' id='word_1_225' title='bbox 415 1746 438 1800; x_wconf 86' lang='lat' dir='ltr'><strong>ri</strong></span> <span class='ocrx_word' id='word_1_226' title='bbox 457 1747 629 1817; x_wconf 91' lang='lat' dir='ltr'><strong>conuenerit,</strong></span> <span class='ocrx_word' id='word_1_227' title='bbox 652 1751 684 1802; x_wconf 84' lang='lat' dir='ltr'><strong>ut</strong></span> <span class='ocrx_word' id='word_1_228' title='bbox 706 1747 743 1802; x_wconf 86' lang='lat' dir='ltr'><strong>ad</strong></span> <span class='ocrx_word' id='word_1_229' title='bbox 764 1746 837 1802; x_wconf 90' lang='lat' dir='ltr'><strong>diem</strong></span> <span class='ocrx_word' id='word_1_230' title='bbox 860 1747 947 1816; x_wconf 88' lang='lat' dir='ltr'><strong>pretio</strong></span> <span class='ocrx_word' id='word_1_231' title='bbox 971 1761 1027 1800; x_wconf 91' lang='lat' dir='ltr'><strong>non</strong></span> <span class='ocrx_word' id='word_1_232' title='bbox 1050 1747 1139 1801; x_wconf 90' lang='lat' dir='ltr'><strong>soluto</strong></span> <span class='ocrx_word' id='word_1_233' title='bbox 1158 1747 1294 1801; x_wconf 88' lang='lat' dir='ltr'><strong>uenditori</strong></span> <span class='ocrx_word' id='word_1_234' title='bbox 1312 1745 1425 1815; x_wconf 90' lang='lat' dir='ltr'><strong>duplum</strong></span> <span class='ocrx_word' id='word_1_235' title='bbox 1443 1750 1642 1815; x_wconf 87' lang='lat' dir='ltr'><strong>praestaretur,</strong></span> <span class='ocrx_word' id='word_1_236' title='bbox 1665 1747 1695 1802; x_wconf 91' lang='lat' dir='ltr'><strong>in</strong></span> 
     </span>
     <span class='ocr_line' id='line_1_19' title="bbox 256 1831 1694 1905; baseline 0.001 -16"><span class='ocrx_word' id='word_1_237' title='bbox 256 1831 381 1889; x_wconf 75' lang='lat' dir='ltr'><strong>basidem</strong></span> <span class='ocrx_word' id='word_1_238' title='bbox 406 1835 630 1891; x_wconf 89' lang='lat' dir='ltr'><strong>constitutionum</strong></span> <span class='ocrx_word' id='word_1_239' title='bbox 655 1835 742 1890; x_wconf 90' lang='lat' dir='ltr'><strong>uideri</strong></span> <span class='ocrx_word' id='word_1_240' title='bbox 766 1835 917 1905; x_wconf 86' lang='lat' dir='ltr'><strong>adiectum,</strong></span> <span class='ocrx_word' id='word_1_241' title='bbox 944 1833 1018 1904; x_wconf 86' lang='lat' dir='ltr'><strong>quod</strong></span> <span class='ocrx_word' id='word_1_242' title='bbox 1041 1849 1154 1889; x_wconf 88' lang='lat' dir='ltr'><strong>usuram</strong></span> <span class='ocrx_word' id='word_1_243' title='bbox 1178 1835 1329 1904; x_wconf 82' lang='lat' dir='ltr'><strong>legitimam</strong></span> <span class='ocrx_word' id='word_1_244' title='bbox 1352 1833 1473 1888; x_wconf 86' lang='lat' dir='ltr'><strong>excedit:</strong></span> <span class='ocrx_word' id='word_1_245' title='bbox 1500 1833 1694 1904; x_wconf 82' lang='lat' dir='ltr'><strong>diuersumque</strong></span> 
     </span>
     <span class='ocr_line' id='line_1_20' title="bbox 256 1921 1695 1994; baseline 0 -16"><span class='ocrx_word' id='word_1_246' title='bbox 256 1937 368 1978; x_wconf 83' lang='lat' dir='ltr'><strong>eausam</strong></span> <span class='ocrx_word' id='word_1_247' title='bbox 387 1923 590 1978; x_wconf 88' lang='lat' dir='ltr'><strong>commissoriae</strong></span> <span class='ocrx_word' id='word_1_248' title='bbox 609 1938 670 1978; x_wconf 90' lang='lat' dir='ltr'><strong>esse</strong></span> <span class='ocrx_word' id='word_1_249' title='bbox 688 1924 735 1994; x_wconf 89' lang='lat' dir='ltr'><strong>ait,</strong></span> <span class='ocrx_word' id='word_1_250' title='bbox 753 1939 815 1978; x_wconf 90' lang='lat' dir='ltr'><strong>curn</strong></span> <span class='ocrx_word' id='word_1_251' title='bbox 834 1939 868 1978; x_wconf 86' lang='lat' dir='ltr'><strong>ea</strong></span> <span class='ocrx_word' id='word_1_252' title='bbox 886 1924 986 1994; x_wconf 86' lang='lat' dir='ltr'><strong>specie,</strong></span> <span class='ocrx_word' id='word_1_253' title='bbox 1004 1923 1100 1992; x_wconf 87' lang='lat' dir='ltr'><strong>inquit,</strong></span> <span class='ocrx_word' id='word_1_254' title='bbox 1119 1939 1173 1978; x_wconf 92' lang='lat' dir='ltr'><strong>non</strong></span> <span class='ocrx_word' id='word_1_255' title='bbox 1191 1921 1288 1978; x_wconf 85' lang='lat' dir='ltr'><strong>faenus</strong></span> <span class='ocrx_word' id='word_1_256' title='bbox 1305 1922 1428 1978; x_wconf 87' lang='lat' dir='ltr'><strong>illicitum</strong></span> <span class='ocrx_word' id='word_1_257' title='bbox 1441 1921 1624 1990; x_wconf 87' lang='lat' dir='ltr'><strong>contrahatur,</strong></span> <span class='ocrx_word' id='word_1_258' title='bbox 1643 1922 1695 1978; x_wconf 92' lang='lat' dir='ltr'><strong>sed</strong></span> 
     </span>
    </p>

    <p class='ocr_par' dir='ltr' id='par_1_8' title="bbox 208 2010 1745 2082">
     <span class='ocr_line' id='line_1_21' title="bbox 208 2010 1745 2082; baseline -0.002 -14"><span class='ocrx_word' id='word_1_259' title='bbox 208 2021 239 2068; x_wconf 75' lang='grc' dir='ltr'>ιτ</span> <span class='ocrx_word' id='word_1_260' title='bbox 256 2011 301 2066; x_wconf 90' lang='lat' dir='ltr'><strong>lex</strong></span> <span class='ocrx_word' id='word_1_261' title='bbox 319 2013 471 2068; x_wconf 64' lang='lat' dir='ltr'><strong>conductui</strong></span> <span class='ocrx_word' id='word_1_262' title='bbox 489 2027 543 2068; x_wconf 91' lang='lat' dir='ltr'><strong>nou</strong></span> <span class='ocrx_word' id='word_1_263' title='bbox 562 2012 715 2082; x_wconf 86' lang='lat' dir='ltr'><strong>improbata</strong></span> <span class='ocrx_word' id='word_1_264' title='bbox 733 2013 866 2068; x_wconf 87' lang='lat' dir='ltr'><strong>dicatur¹.</strong></span> <span class='ocrx_word' id='word_1_265' title='bbox 903 2011 1012 2081; x_wconf 84' lang='lat' dir='ltr'><strong>Siquis</strong></span> <span class='ocrx_word' id='word_1_266' title='bbox 1030 2011 1184 2066; x_wconf 87' lang='lat' dir='ltr'><strong>colludeute</strong></span> <span class='ocrx_word' id='word_1_267' title='bbox 1201 2015 1377 2081; x_wconf 85' lang='lat' dir='ltr'><strong>procuratore</strong></span> <span class='ocrx_word' id='word_1_268' title='bbox 1400 2027 1461 2066; x_wconf 91' lang='lat' dir='ltr'><strong>meo</strong></span> <span class='ocrx_word' id='word_1_269' title='bbox 1483 2010 1518 2066; x_wconf 88' lang='lat' dir='ltr'><strong>ab</strong></span> <span class='ocrx_word' id='word_1_270' title='bbox 1536 2026 1569 2066; x_wconf 90' lang='lat' dir='ltr'><strong>eo</strong></span> <span class='ocrx_word' id='word_1_271' title='bbox 1588 2011 1694 2082; x_wconf 71' lang='lat' dir='ltr'><strong>emerit,</strong></span> <span class='ocrx_word' id='word_1_272' title='bbox 1715 2022 1745 2063; x_wconf 83' lang='lat' dir='ltr'><strong>rc</strong></span> 
     </span>
    </p>

    <p class='ocr_par' dir='ltr' id='par_1_9' title="bbox 208 2099 1695 2260">
     <span class='ocr_line' id='line_1_22' title="bbox 208 2099 1695 2172; baseline 0 -16"><span class='ocrx_word' id='word_1_273' title='bbox 208 2109 238 2156; x_wconf 81' lang='lat' dir='ltr'><strong>as</strong></span> <span class='ocrx_word' id='word_1_274' title='bbox 257 2115 293 2156; x_wconf 87' lang='lat' dir='ltr'><strong>an</strong></span> <span class='ocrx_word' id='word_1_275' title='bbox 309 2101 398 2170; x_wconf 88' lang='lat' dir='ltr'><strong>possit</strong></span> <span class='ocrx_word' id='word_1_276' title='bbox 416 2116 499 2170; x_wconf 83' lang='lat' dir='ltr'><strong>agore</strong></span> <span class='ocrx_word' id='word_1_277' title='bbox 516 2116 551 2156; x_wconf 91' lang='lat' dir='ltr'><strong>ox</strong></span> <span class='ocrx_word' id='word_1_278' title='bbox 570 2102 683 2172; x_wconf 81' lang='lat' dir='ltr'><strong>empto?</strong></span> <span class='ocrx_word' id='word_1_279' title='bbox 709 2107 738 2156; x_wconf 91' lang='lat' dir='ltr'><strong>ct</strong></span> <span class='ocrx_word' id='word_1_280' title='bbox 755 2105 822 2171; x_wconf 92' lang='lat' dir='ltr'><strong>puto</strong></span> <span class='ocrx_word' id='word_1_281' title='bbox 840 2099 982 2170; x_wconf 85' lang='lat' dir='ltr'><strong>hactenus,</strong></span> <span class='ocrx_word' id='word_1_282' title='bbox 1001 2105 1033 2154; x_wconf 89' lang='lat' dir='ltr'><strong>ot</strong></span> <span class='ocrx_word' id='word_1_283' title='bbox 1050 2106 1098 2156; x_wconf 89' lang='lat' dir='ltr'><strong>aut</strong></span> <span class='ocrx_word' id='word_1_284' title='bbox 1116 2105 1204 2156; x_wconf 86' lang='lat' dir='ltr'><strong>statur</strong></span> <span class='ocrx_word' id='word_1_285' title='bbox 1222 2101 1352 2170; x_wconf 90' lang='lat' dir='ltr'><strong>emptioni</strong></span> <span class='ocrx_word' id='word_1_286' title='bbox 1370 2104 1418 2156; x_wconf 89' lang='lat' dir='ltr'><strong>aut</strong></span> <span class='ocrx_word' id='word_1_287' title='bbox 1436 2099 1601 2156; x_wconf 82' lang='lat' dir='ltr'><strong>discedatur.</strong></span> <span class='ocrx_word' id='word_1_288' title='bbox 1638 2099 1695 2156; x_wconf 85' lang='lat' dir='ltr'><strong>Sed</strong></span> 
     </span>
     <span class='ocr_line' id='line_1_23' title="bbox 257 2188 1695 2260; baseline 0.001 -16"><span class='ocrx_word' id='word_1_289' title='bbox 257 2189 327 2244; x_wconf 87' lang='lat' dir='ltr'><strong>etsi</strong></span> <span class='ocrx_word' id='word_1_290' title='bbox 344 2189 405 2258; x_wconf 88' lang='lat' dir='ltr'><strong>quis</strong></span> <span class='ocrx_word' id='word_1_291' title='bbox 423 2189 555 2245; x_wconf 89' lang='lat' dir='ltr'><strong>minorem</strong></span> <span class='ocrx_word' id='word_1_292' title='bbox 573 2190 671 2260; x_wconf 79' lang='lat' dir='ltr'><strong>uiginti</strong></span> <span class='ocrx_word' id='word_1_293' title='bbox 689 2190 809 2260; x_wconf 84' lang='lat' dir='ltr'><strong>quinque</strong></span> <span class='ocrx_word' id='word_1_294' title='bbox 828 2189 906 2244; x_wconf 86' lang='lat' dir='ltr'><strong>annis</strong></span> <span class='ocrx_word' id='word_1_295' title='bbox 925 2189 1142 2259; x_wconf 87' lang='lat' dir='ltr'><strong>circumuenerit,</strong></span> <span class='ocrx_word' id='word_1_296' title='bbox 1160 2195 1188 2244; x_wconf 91' lang='lat' dir='ltr'><strong>et</strong></span> <span class='ocrx_word' id='word_1_297' title='bbox 1199 2189 1262 2244; x_wconf 88' lang='lat' dir='ltr'><strong>boio</strong></span> <span class='ocrx_word' id='word_1_298' title='bbox 1274 2189 1406 2244; x_wconf 88' lang='lat' dir='ltr'><strong>hactenus</strong></span> <span class='ocrx_word' id='word_1_299' title='bbox 1419 2188 1545 2244; x_wconf 87' lang='lat' dir='ltr'><strong>dabimus</strong></span> <span class='ocrx_word' id='word_1_300' title='bbox 1557 2190 1695 2246; x_wconf 88' lang='lat' dir='ltr'><strong>actionem</strong></span> 
     </span>
    </p>

    <p class='ocr_par' dir='ltr' id='par_1_10' title="bbox 208 2277 1694 2350">
     <span class='ocr_line' id='line_1_24' title="bbox 208 2277 1694 2350; baseline 0 -17"><span class='ocrx_word' id='word_1_301' title='bbox 208 2286 239 2333; x_wconf 75' lang='grc' dir='ltr'>ιι</span> <span class='ocrx_word' id='word_1_302' title='bbox 258 2291 293 2334; x_wconf 88' lang='lat' dir='ltr'><strong>ex</strong></span> <span class='ocrx_word' id='word_1_303' title='bbox 311 2283 411 2348; x_wconf 90' lang='lat' dir='ltr'><strong>empto,</strong></span> <span class='ocrx_word' id='word_1_304' title='bbox 429 2283 462 2333; x_wconf 91' lang='lat' dir='ltr'><strong>ut</strong></span> <span class='ocrx_word' id='word_1_305' title='bbox 478 2277 597 2334; x_wconf 81' lang='lat' dir='ltr'><strong>diximus</strong></span> <span class='ocrx_word' id='word_1_306' title='bbox 614 2279 643 2333; x_wconf 90' lang='lat' dir='ltr'><strong>in</strong></span> <span class='ocrx_word' id='word_1_307' title='bbox 661 2279 801 2348; x_wconf 89' lang='lat' dir='ltr'><strong>superiore</strong></span> <span class='ocrx_word' id='word_1_308' title='bbox 819 2293 894 2332; x_wconf 90' lang='lat' dir='ltr'><strong>casu.</strong></span> <span class='ocrx_word' id='word_1_309' title='bbox 931 2277 961 2332; x_wconf 85' lang='lat' dir='ltr'><strong>Si</strong></span> <span class='ocrx_word' id='word_1_310' title='bbox 979 2279 1041 2348; x_wconf 88' lang='lat' dir='ltr'><strong>quis</strong></span> <span class='ocrx_word' id='word_1_311' title='bbox 1059 2293 1076 2331; x_wconf 85' lang='lat' dir='ltr'><strong>a</strong></span> <span class='ocrx_word' id='word_1_312' title='bbox 1093 2279 1196 2347; x_wconf 90' lang='lat' dir='ltr'><strong>pupillo</strong></span> <span class='ocrx_word' id='word_1_313' title='bbox 1214 2279 1273 2333; x_wconf 90' lang='lat' dir='ltr'><strong>sine</strong></span> <span class='ocrx_word' id='word_1_314' title='bbox 1291 2278 1389 2333; x_wconf 88' lang='lat' dir='ltr'><strong>tutoris</strong></span> <span class='ocrx_word' id='word_1_315' title='bbox 1408 2279 1570 2332; x_wconf 88' lang='lat' dir='ltr'><strong>auctoritate</strong></span> <span class='ocrx_word' id='word_1_316' title='bbox 1588 2278 1694 2350; x_wconf 79' lang='lat' dir='ltr'><strong>emerit,</strong></span> 
     </span>
    </p>

    <p class='ocr_par' dir='ltr' id='par_1_11' title="bbox 141 2365 1696 2437">
     <span class='ocr_line' id='line_1_25' title="bbox 141 2365 1696 2437; baseline 0.001 -17"><span class='ocrx_word' id='word_1_317' title='bbox 141 2381 144 2386; x_wconf 92' lang='lat'>·</span> <span class='ocrx_word' id='word_1_318' title='bbox 257 2380 293 2420; x_wconf 91' lang='lat' dir='ltr'><strong>ex</strong></span> <span class='ocrx_word' id='word_1_319' title='bbox 309 2381 365 2422; x_wconf 91' lang='lat' dir='ltr'><strong>uno</strong></span> <span class='ocrx_word' id='word_1_320' title='bbox 382 2367 467 2422; x_wconf 86' lang='lat' dir='ltr'><strong>latere</strong></span> <span class='ocrx_word' id='word_1_321' title='bbox 485 2371 594 2422; x_wconf 89' lang='lat' dir='ltr'><strong>constat</strong></span> <span class='ocrx_word' id='word_1_322' title='bbox 611 2371 780 2422; x_wconf 87' lang='lat' dir='ltr'><strong>contractus:</strong></span> <span class='ocrx_word' id='word_1_323' title='bbox 805 2382 868 2421; x_wconf 90' lang='lat' dir='ltr'><strong>nam</strong></span> <span class='ocrx_word' id='word_1_324' title='bbox 886 2367 933 2436; x_wconf 88' lang='lat' dir='ltr'><strong>qni</strong></span> <span class='ocrx_word' id='word_1_325' title='bbox 957 2367 1037 2436; x_wconf 90' lang='lat' dir='ltr'><strong>emit,</strong></span> <span class='ocrx_word' id='word_1_326' title='bbox 1062 2365 1199 2434; x_wconf 84' lang='lat' dir='ltr'><strong>obligatus</strong></span> <span class='ocrx_word' id='word_1_327' title='bbox 1217 2371 1261 2422; x_wconf 89' lang='lat' dir='ltr'><strong>est</strong></span> <span class='ocrx_word' id='word_1_328' title='bbox 1277 2367 1394 2436; x_wconf 92' lang='lat' dir='ltr'><strong>pupillo,</strong></span> <span class='ocrx_word' id='word_1_329' title='bbox 1418 2367 1550 2437; x_wconf 90' lang='lat' dir='ltr'><strong>pupillum</strong></span> <span class='ocrx_word' id='word_1_330' title='bbox 1568 2366 1620 2421; x_wconf 90' lang='lat' dir='ltr'><strong>sibi</strong></span> <span class='ocrx_word' id='word_1_331' title='bbox 1638 2383 1696 2422; x_wconf 91' lang='lat' dir='ltr'><strong>non</strong></span> 
     </span>
    </p>

    <p class='ocr_par' dir='ltr' id='par_1_12' title="bbox 209 2453 1745 2792">
     <span class='ocr_line' id='line_1_26' title="bbox 209 2453 1745 2525; baseline -0.001 -14"><span class='ocrx_word' id='word_1_332' title='bbox 209 2463 239 2511; x_wconf 77' lang='lat' dir='ltr'><strong>ab</strong></span> <span class='ocrx_word' id='word_1_333' title='bbox 258 2453 371 2524; x_wconf 80' lang='lat' dir='ltr'><strong>obligat.</strong></span> <span class='ocrx_word' id='word_1_334' title='bbox 406 2454 437 2510; x_wconf 87' lang='lat' dir='ltr'><strong>Si</strong></span> <span class='ocrx_word' id='word_1_335' title='bbox 459 2455 586 2512; x_wconf 89' lang='lat' dir='ltr'><strong>uenditor</strong></span> <span class='ocrx_word' id='word_1_336' title='bbox 607 2454 803 2510; x_wconf 90' lang='lat' dir='ltr'><strong>habitationem</strong></span> <span class='ocrx_word' id='word_1_337' title='bbox 827 2455 979 2525; x_wconf 84' lang='lat' dir='ltr'><strong>exceperit,</strong></span> <span class='ocrx_word' id='word_1_338' title='bbox 1004 2459 1035 2510; x_wconf 92' lang='lat' dir='ltr'><strong>ut</strong></span> <span class='ocrx_word' id='word_1_339' title='bbox 1057 2455 1188 2524; x_wconf 89' lang='lat' dir='ltr'><strong>inquilino</strong></span> <span class='ocrx_word' id='word_1_340' title='bbox 1211 2455 1293 2511; x_wconf 87' lang='lat' dir='ltr'><strong>liceat</strong></span> <span class='ocrx_word' id='word_1_341' title='bbox 1316 2455 1453 2525; x_wconf 91' lang='lat' dir='ltr'><strong>habitare,</strong></span> <span class='ocrx_word' id='word_1_342' title='bbox 1476 2456 1521 2510; x_wconf 91' lang='lat' dir='ltr'><strong>uel</strong></span> <span class='ocrx_word' id='word_1_343' title='bbox 1543 2455 1640 2510; x_wconf 91' lang='lat' dir='ltr'><strong>colono</strong></span> <span class='ocrx_word' id='word_1_344' title='bbox 1663 2460 1696 2510; x_wconf 90' lang='lat' dir='ltr'><strong>ut</strong></span> <span class='ocrx_word' id='word_1_345' title='bbox 1716 2469 1745 2510; x_wconf 85' lang='lat' dir='ltr'><strong>as</strong></span> 
     </span>
     <span class='ocr_line' id='line_1_27' title="bbox 257 2529 1694 2614; baseline 0 -15"><span class='ocrx_word' id='word_1_346' title='bbox 257 2541 361 2614; x_wconf 85' lang='lat' dir='ltr'><strong>perfrui</strong></span> <span class='ocrx_word' id='word_1_347' title='bbox 377 2544 460 2600; x_wconf 89' lang='lat' dir='ltr'><strong>liceat</strong></span> <span class='ocrx_word' id='word_1_348' title='bbox 476 2543 512 2598; x_wconf 87' lang='lat' dir='ltr'><strong>ad</strong></span> <span class='ocrx_word' id='word_1_349' title='bbox 530 2529 638 2599; x_wconf 86' lang='lat' dir='ltr'><strong>certum</strong></span> <span class='ocrx_word' id='word_1_350' title='bbox 652 2549 775 2614; x_wconf 89' lang='lat' dir='ltr'><strong>tempus,</strong></span> <span class='ocrx_word' id='word_1_351' title='bbox 798 2544 887 2613; x_wconf 88' lang='lat' dir='ltr'><strong>magis</strong></span> <span class='ocrx_word' id='word_1_352' title='bbox 911 2559 973 2598; x_wconf 91' lang='lat' dir='ltr'><strong>esse</strong></span> <span class='ocrx_word' id='word_1_353' title='bbox 992 2542 1104 2599; x_wconf 87' lang='lat' dir='ltr'><strong>Seruius</strong></span> <span class='ocrx_word' id='word_1_354' title='bbox 1128 2543 1244 2614; x_wconf 89' lang='lat' dir='ltr'><strong>putabat</strong></span> <span class='ocrx_word' id='word_1_355' title='bbox 1267 2559 1302 2600; x_wconf 90' lang='lat' dir='ltr'><strong>ex</strong></span> <span class='ocrx_word' id='word_1_356' title='bbox 1323 2545 1436 2600; x_wconf 83' lang='lat' dir='ltr'><strong>uendite</strong></span> <span class='ocrx_word' id='word_1_357' title='bbox 1460 2559 1522 2600; x_wconf 91' lang='lat' dir='ltr'><strong>esse</strong></span> <span class='ocrx_word' id='word_1_358' title='bbox 1544 2544 1694 2599; x_wconf 88' lang='lat' dir='ltr'><strong>actionem:</strong></span> 
     </span>
     <span class='ocr_line' id='line_1_28' title="bbox 258 2631 1696 2704; baseline 0 -16"><span class='ocrx_word' id='word_1_359' title='bbox 258 2633 376 2703; x_wconf 90' lang='lat' dir='ltr'><strong>denique</strong></span> <span class='ocrx_word' id='word_1_360' title='bbox 393 2631 503 2688; x_wconf 88' lang='lat' dir='ltr'><strong>Tubero</strong></span> <span class='ocrx_word' id='word_1_361' title='bbox 521 2633 568 2704; x_wconf 90' lang='lat' dir='ltr'><strong>ait,</strong></span> <span class='ocrx_word' id='word_1_362' title='bbox 587 2633 611 2688; x_wconf 91' lang='lat' dir='ltr'><strong>si</strong></span> <span class='ocrx_word' id='word_1_363' title='bbox 628 2633 681 2688; x_wconf 87' lang='lat' dir='ltr'><strong>iate</strong></span> <span class='ocrx_word' id='word_1_364' title='bbox 699 2633 812 2688; x_wconf 90' lang='lat' dir='ltr'><strong>colonus</strong></span> <span class='ocrx_word' id='word_1_365' title='bbox 830 2632 959 2688; x_wconf 88' lang='lat' dir='ltr'><strong>damnum</strong></span> <span class='ocrx_word' id='word_1_366' title='bbox 978 2632 1096 2702; x_wconf 91' lang='lat' dir='ltr'><strong>dederit,</strong></span> <span class='ocrx_word' id='word_1_367' title='bbox 1116 2638 1266 2702; x_wconf 86' lang='lat' dir='ltr'><strong>emptorem</strong></span> <span class='ocrx_word' id='word_1_368' title='bbox 1284 2648 1319 2688; x_wconf 90' lang='lat' dir='ltr'><strong>ex</strong></span> <span class='ocrx_word' id='word_1_369' title='bbox 1337 2638 1429 2702; x_wconf 90' lang='lat' dir='ltr'><strong>empto</strong></span> <span class='ocrx_word' id='word_1_370' title='bbox 1447 2637 1576 2704; x_wconf 85' lang='lat' dir='ltr'><strong>agentem</strong></span> <span class='ocrx_word' id='word_1_371' title='bbox 1594 2647 1696 2702; x_wconf 78' lang='lat' dir='ltr'><strong>cogere</strong></span> 
     </span>
     <span class='ocr_line' id='line_1_29' title="bbox 257 2717 1695 2792; baseline 0 -15"><span class='ocrx_word' id='word_1_372' title='bbox 257 2736 340 2792; x_wconf 85' lang='lat' dir='ltr'><strong>posse</strong></span> <span class='ocrx_word' id='word_1_373' title='bbox 351 2720 531 2792; x_wconf 88' lang='lat' dir='ltr'><strong>uenditorem,</strong></span> <span class='ocrx_word' id='word_1_374' title='bbox 549 2727 581 2776; x_wconf 87' lang='lat' dir='ltr'><strong>ut</strong></span> <span class='ocrx_word' id='word_1_375' title='bbox 592 2736 627 2777; x_wconf 90' lang='lat' dir='ltr'><strong>ex</strong></span> <span class='ocrx_word' id='word_1_376' title='bbox 638 2721 728 2777; x_wconf 86' lang='lat' dir='ltr'><strong>locato</strong></span> <span class='ocrx_word' id='word_1_377' title='bbox 741 2737 802 2776; x_wconf 89' lang='lat' dir='ltr'><strong>curn</strong></span> <span class='ocrx_word' id='word_1_378' title='bbox 816 2721 912 2778; x_wconf 91' lang='lat' dir='ltr'><strong>colono</strong></span> <span class='ocrx_word' id='word_1_379' title='bbox 924 2722 1088 2791; x_wconf 87' lang='lat' dir='ltr'><strong>experiatur,</strong></span> <span class='ocrx_word' id='word_1_380' title='bbox 1107 2727 1138 2776; x_wconf 89' lang='lat' dir='ltr'><strong>ut</strong></span> <span class='ocrx_word' id='word_1_381' title='bbox 1150 2721 1283 2791; x_wconf 86' lang='lat' dir='ltr'><strong>quidquid</strong></span> <span class='ocrx_word' id='word_1_382' title='bbox 1294 2721 1377 2777; x_wconf 80' lang='lat' dir='ltr'><strong>iuer-it</strong></span> <span class='ocrx_word' id='word_1_383' title='bbox 1389 2725 1561 2792; x_wconf 90' lang='lat' dir='ltr'><strong>consecutus,</strong></span> <span class='ocrx_word' id='word_1_384' title='bbox 1573 2717 1695 2790; x_wconf 73' lang='lat' dir='ltr'><strong>‘emptori</strong></span> 
     </span>
    </p>

    <p class='ocr_par' dir='ltr' id='par_1_13' title="bbox 209 2808 1746 2969">
     <span class='ocr_line' id='line_1_30' title="bbox 209 2808 1695 2882; baseline 0.001 -17"><span class='ocrx_word' id='word_1_385' title='bbox 209 2817 238 2865; x_wconf 78' lang='grc' dir='ltr'><strong>ιι</strong></span> <span class='ocrx_word' id='word_1_386' title='bbox 257 2809 363 2865; x_wconf 84' lang='lat' dir='ltr'><strong>reddat.</strong></span> <span class='ocrx_word' id='word_1_387' title='bbox 399 2808 524 2864; x_wconf 86' lang='lat' dir='ltr'><strong>Aedibus</strong></span> <span class='ocrx_word' id='word_1_388' title='bbox 548 2810 686 2866; x_wconf 89' lang='lat' dir='ltr'><strong>distractis</strong></span> <span class='ocrx_word' id='word_1_389' title='bbox 703 2810 748 2864; x_wconf 90' lang='lat' dir='ltr'><strong>uel</strong></span> <span class='ocrx_word' id='word_1_390' title='bbox 771 2811 870 2880; x_wconf 85' lang='lat' dir='ltr'><strong>legatis</strong></span> <span class='ocrx_word' id='word_1_391' title='bbox 892 2825 926 2865; x_wconf 87' lang='lat' dir='ltr'><strong>ea</strong></span> <span class='ocrx_word' id='word_1_392' title='bbox 950 2825 1011 2865; x_wconf 89' lang='lat' dir='ltr'><strong>esse</strong></span> <span class='ocrx_word' id='word_1_393' title='bbox 1034 2810 1142 2865; x_wconf 90' lang='lat' dir='ltr'><strong>aedium</strong></span> <span class='ocrx_word' id='word_1_394' title='bbox 1165 2811 1285 2866; x_wconf 89' lang='lat' dir='ltr'><strong>solemus</strong></span> <span class='ocrx_word' id='word_1_395' title='bbox 1308 2810 1412 2882; x_wconf 89' lang='lat' dir='ltr'><strong>dicere,</strong></span> <span class='ocrx_word' id='word_1_396' title='bbox 1435 2827 1507 2882; x_wconf 87' lang='lat' dir='ltr'><strong>quae</strong></span> <span class='ocrx_word' id='word_1_397' title='bbox 1529 2811 1609 2880; x_wconf 87' lang='lat' dir='ltr'><strong>quasi</strong></span> <span class='ocrx_word' id='word_1_398' title='bbox 1629 2826 1695 2880; x_wconf 89' lang='lat' dir='ltr'><strong>pare</strong></span> 
     </span>
     <span class='ocr_line' id='line_1_31' title="bbox 258 2897 1746 2969; baseline 0 -15"><span class='ocrx_word' id='word_1_399' title='bbox 258 2897 368 2954; x_wconf 86' lang='lat' dir='ltr'><strong>aedium</strong></span> <span class='ocrx_word' id='word_1_400' title='bbox 386 2898 431 2953; x_wconf 92' lang='lat' dir='ltr'><strong>uel</strong></span> <span class='ocrx_word' id='word_1_401' title='bbox 448 2903 560 2968; x_wconf 91' lang='lat' dir='ltr'><strong>propter</strong></span> <span class='ocrx_word' id='word_1_402' title='bbox 577 2898 661 2954; x_wconf 89' lang='lat' dir='ltr'><strong>aedes</strong></span> <span class='ocrx_word' id='word_1_403' title='bbox 679 2897 823 2969; x_wconf 89' lang='lat' dir='ltr'><strong>habentur,</strong></span> <span class='ocrx_word' id='word_1_404' title='bbox 841 2903 873 2954; x_wconf 93' lang='lat' dir='ltr'><strong>ut</strong></span> <span class='ocrx_word' id='word_1_405' title='bbox 890 2903 958 2969; x_wconf 86' lang='lat' dir='ltr'><strong>puta</strong></span> <span class='ocrx_word' id='word_1_406' title='bbox 973 2899 1096 2968; x_wconf 89' lang='lat' dir='ltr'><strong>putealia</strong></span> <span class='ocrx_word' id='word_1_407' title='bbox 1716 2913 1746 2954; x_wconf 84' lang='lat' dir='ltr'><strong>co</strong></span> 
     </span>
    </p>

    <p class='ocr_par' dir='ltr' id='par_1_14' title="bbox 203 2981 1759 3148">
     <span class='ocr_line' id='line_1_32' title="bbox 203 2981 1759 3072; baseline -0.001 -29"><span class='ocrx_word' id='word_1_408' title='bbox 203 2986 240 3044; x_wconf 86' lang='lat'><strong>14</strong></span> <span class='ocrx_word' id='word_1_409' title='bbox 311 2987 483 3042; x_wconf 79' lang='lat' dir='ltr'><strong>Pomoams</strong></span> <span class='ocrx_word' id='word_1_410' title='bbox 500 2986 569 3043; x_wconf 93' lang='lat' dir='ltr'><strong>libro</strong></span> <span class='ocrx_word' id='word_1_411' title='bbox 586 2987 728 3058; x_wconf 76' lang='lat' dir='ltr'><strong>trigesimo</strong></span> <span class='ocrx_word' id='word_1_412' title='bbox 746 2988 834 3058; x_wconf 89' lang='lat' dir='ltr'><strong>primo</strong></span> <span class='ocrx_word' id='word_1_413' title='bbox 853 2988 889 3042; x_wconf 91' lang='lat' dir='ltr'><strong>ad</strong></span> <span class='ocrx_word' id='word_1_414' title='bbox 907 2987 1037 3054; x_wconf 82' lang='lat' dir='ltr'><strong>Quintum</strong></span> <span class='ocrx_word' id='word_1_415' title='bbox 1055 2988 1183 3044; x_wconf 81' lang='lat' dir='ltr'><strong>Mucium.</strong></span> <span class='ocrx_word' id='word_1_416' title='bbox 1214 2987 1253 3057; x_wconf 88' lang='lat' dir='ltr'><strong>(id</strong></span> <span class='ocrx_word' id='word_1_417' title='bbox 1271 2991 1314 3044; x_wconf 88' lang='lat' dir='ltr'><strong>est</strong></span> <span class='ocrx_word' id='word_1_418' title='bbox 1332 3002 1386 3058; x_wconf 85' lang='lat' dir='ltr'><strong>quo</strong></span> <span class='ocrx_word' id='word_1_419' title='bbox 1404 2992 1518 3057; x_wconf 89' lang='lat' dir='ltr'><strong>puteum</strong></span> <span class='ocrx_word' id='word_1_420' title='bbox 1537 2981 1695 3072; x_wconf 60' lang='lat' dir='ltr'><em>Q</em></span> <span class='ocrx_word' id='word_1_421' title='bbox 1715 2997 1759 3050; x_wconf 74' lang='grc' dir='ltr'>Ἐ</span> 
     </span>
     <span class='ocr_line' id='line_1_33' title="bbox 258 3077 399 3148; baseline -0.014 -15"><span class='ocrx_word' id='word_1_422' title='bbox 258 3077 399 3148; x_wconf 87' lang='lat' dir='ltr'><strong>operitur),</strong></span> 
     </span>
    </p>

    <p class='ocr_par' dir='ltr' id='par_1_15' title="bbox 202 3159 1797 3414">
     <span class='ocr_line' id='line_1_34' title="bbox 202 3159 1751 3249; baseline -0.003 -27"><span class='ocrx_word' id='word_1_423' title='bbox 202 3163 240 3223; x_wconf 78' lang='lat'><strong>15</strong></span> <span class='ocrx_word' id='word_1_424' title='bbox 312 3165 463 3222; x_wconf 79' lang='lat' dir='ltr'><strong>Unsrarrus</strong></span> <span class='ocrx_word' id='word_1_425' title='bbox 484 3164 553 3220; x_wconf 93' lang='lat' dir='ltr'><strong>libro</strong></span> <span class='ocrx_word' id='word_1_426' title='bbox 576 3165 717 3234; x_wconf 85' lang='lat' dir='ltr'><strong>trigesimo</strong></span> <span class='ocrx_word' id='word_1_427' title='bbox 741 3163 862 3220; x_wconf 91' lang='lat' dir='ltr'><strong>secundo</strong></span> <span class='ocrx_word' id='word_1_428' title='bbox 881 3163 918 3219; x_wconf 89' lang='lat' dir='ltr'><strong>ad</strong></span> <span class='ocrx_word' id='word_1_429' title='bbox 941 3163 1070 3221; x_wconf 89' lang='lat' dir='ltr'><strong>edictum.</strong></span> <span class='ocrx_word' id='word_1_430' title='bbox 1105 3165 1191 3219; x_wconf 61' lang='grc' dir='ltr'><strong>Ιίιιιιι3</strong></span> <span class='ocrx_word' id='word_1_431' title='bbox 1215 3169 1244 3220; x_wconf 90' lang='lat' dir='ltr'><strong>et</strong></span> <span class='ocrx_word' id='word_1_432' title='bbox 1266 3163 1356 3236; x_wconf 89' lang='lat' dir='ltr'><strong>labra,</strong></span> <span class='ocrx_word' id='word_1_433' title='bbox 1380 3164 1517 3220; x_wconf 85' lang='lat' dir='ltr'><strong>salientes.</strong></span> <span class='ocrx_word' id='word_1_434' title='bbox 1537 3159 1694 3249; x_wconf 53' lang='lat' dir='ltr'><strong>[Q</strong></span> <span class='ocrx_word' id='word_1_435' title='bbox 1729 3176 1751 3231; x_wconf 80' lang='lat' dir='ltr'><strong>s</strong></span> 
     </span>
     <span class='ocr_line' id='line_1_35' title="bbox 257 3252 1748 3326; baseline 0.001 -17"><span class='ocrx_word' id='word_1_436' title='bbox 257 3252 366 3310; x_wconf 87' lang='lat' dir='ltr'><strong>listulas</strong></span> <span class='ocrx_word' id='word_1_437' title='bbox 389 3269 512 3324; x_wconf 86' lang='lat' dir='ltr'><strong>quoque,</strong></span> <span class='ocrx_word' id='word_1_438' title='bbox 539 3269 610 3323; x_wconf 88' lang='lat' dir='ltr'><strong>quae</strong></span> <span class='ocrx_word' id='word_1_439' title='bbox 634 3253 795 3309; x_wconf 88' lang='lat' dir='ltr'><strong>salientibus</strong></span> <span class='ocrx_word' id='word_1_440' title='bbox 816 3254 980 3324; x_wconf 84' lang='lat' dir='ltr'><strong>iunguntur,</strong></span> <span class='ocrx_word' id='word_1_441' title='bbox 1007 3254 1133 3323; x_wconf 87' lang='lat' dir='ltr'><strong>quamuis</strong></span> <span class='ocrx_word' id='word_1_442' title='bbox 1154 3253 1237 3323; x_wconf 81' lang='lat' dir='ltr'><strong>longe</strong></span> <span class='ocrx_word' id='word_1_443' title='bbox 1261 3256 1407 3308; x_wconf 85' lang='lat' dir='ltr'><strong>excurrant</strong></span> <span class='ocrx_word' id='word_1_444' title='bbox 1429 3259 1508 3308; x_wconf 84' lang='lat' dir='ltr'><strong>extre</strong></span> <span class='ocrx_word' id='word_1_445' title='bbox 1531 3253 1694 3326; x_wconf 88' lang='lat' dir='ltr'><strong>aedificium,</strong></span> <span class='ocrx_word' id='word_1_446' title='bbox 1716 3271 1748 3310; x_wconf 81' lang='lat' dir='ltr'><strong>ea</strong></span> 
     </span>
     <span class='ocr_line' id='line_1_36' title="bbox 259 3341 1797 3414; baseline 0.003 -16"><span class='ocrx_word' id='word_1_447' title='bbox 259 3343 367 3398; x_wconf 85' lang='lat' dir='ltr'><strong>aedium</strong></span> <span class='ocrx_word' id='word_1_448' title='bbox 386 3347 463 3397; x_wconf 85' lang='lat' dir='ltr'><strong>sunt:</strong></span> <span class='ocrx_word' id='word_1_449' title='bbox 482 3343 548 3398; x_wconf 87' lang='lat' dir='ltr'><strong>item</strong></span> <span class='ocrx_word' id='word_1_450' title='bbox 566 3343 688 3398; x_wconf 85' lang='lat' dir='ltr'><strong>canales:</strong></span> <span class='ocrx_word' id='word_1_451' title='bbox 706 3343 797 3412; x_wconf 89' lang='lat' dir='ltr'><strong>pisces</strong></span> <span class='ocrx_word' id='word_1_452' title='bbox 815 3347 908 3396; x_wconf 90' lang='lat' dir='ltr'><strong>autem</strong></span> <span class='ocrx_word' id='word_1_453' title='bbox 927 3343 973 3411; x_wconf 86' lang='lat' dir='ltr'><strong>qui</strong></span> <span class='ocrx_word' id='word_1_454' title='bbox 991 3347 1056 3397; x_wconf 88' lang='lat' dir='ltr'><strong>suut</strong></span> <span class='ocrx_word' id='word_1_455' title='bbox 1073 3343 1101 3397; x_wconf 91' lang='lat' dir='ltr'><strong>in</strong></span> <span class='ocrx_word' id='word_1_456' title='bbox 1118 3343 1225 3412; x_wconf 86' lang='lat' dir='ltr'><strong>piscina</strong></span> <span class='ocrx_word' id='word_1_457' title='bbox 1242 3358 1297 3398; x_wconf 91' lang='lat' dir='ltr'><strong>non</strong></span> <span class='ocrx_word' id='word_1_458' title='bbox 1314 3345 1378 3396; x_wconf 86' lang='lat' dir='ltr'><strong>sunt</strong></span> <span class='ocrx_word' id='word_1_459' title='bbox 1391 3341 1401 3412; x_wconf 76' lang='grc' dir='ltr'><strong>ΙΙ</strong></span> <span class='ocrx_word' id='word_1_460' title='bbox 1416 3341 1524 3396; x_wconf 88' lang='lat' dir='ltr'><strong>aedium</strong></span> <span class='ocrx_word' id='word_1_461' title='bbox 1540 3359 1591 3399; x_wconf 89' lang='lat' dir='ltr'><strong>nec</strong></span> <span class='ocrx_word' id='word_1_462' title='bbox 1608 3342 1695 3414; x_wconf 84' lang='lat' dir='ltr'><strong>fundi,</strong></span> <span class='ocrx_word' id='word_1_463' title='bbox 1714 3355 1732 3402; x_wconf 86' lang='lat' dir='ltr'><strong>t.</strong></span> <span class='ocrx_word' id='word_1_464' title='bbox 1743 3351 1797 3403; x_wconf 67' lang='grc' dir='ltr'><strong>ιιι</strong></span> 
     </span>
    </p>

    <p class='ocr_par' dir='ltr' id='par_1_16' title="bbox 202 3428 1760 3592">
     <span class='ocr_line' id='line_1_37' title="bbox 202 3428 1760 3502; baseline 0.003 -15"><span class='ocrx_word' id='word_1_465' title='bbox 202 3429 240 3488; x_wconf 88' lang='grc'><strong>16</strong></span> <span class='ocrx_word' id='word_1_466' title='bbox 311 3431 483 3487; x_wconf 78' lang='lat' dir='ltr'><strong>Pomoams</strong></span> <span class='ocrx_word' id='word_1_467' title='bbox 505 3429 574 3486; x_wconf 91' lang='lat' dir='ltr'><strong>libro</strong></span> <span class='ocrx_word' id='word_1_468' title='bbox 597 3431 738 3500; x_wconf 84' lang='lat' dir='ltr'><strong>trigesimo</strong></span> <span class='ocrx_word' id='word_1_469' title='bbox 761 3432 849 3501; x_wconf 94' lang='lat' dir='ltr'><strong>primo</strong></span> <span class='ocrx_word' id='word_1_470' title='bbox 872 3431 908 3486; x_wconf 88' lang='lat' dir='ltr'><strong>ad</strong></span> <span class='ocrx_word' id='word_1_471' title='bbox 931 3431 1060 3496; x_wconf 82' lang='lat' dir='ltr'><strong>Quintum</strong></span> <span class='ocrx_word' id='word_1_472' title='bbox 1084 3431 1212 3486; x_wconf 85' lang='lat' dir='ltr'><strong>blaciam.</strong></span> <span class='ocrx_word' id='word_1_473' title='bbox 1248 3446 1304 3486; x_wconf 91' lang='lat' dir='ltr'><strong>non</strong></span> <span class='ocrx_word' id='word_1_474' title='bbox 1328 3430 1417 3500; x_wconf 85' lang='lat' dir='ltr'><strong>magis</strong></span> <span class='ocrx_word' id='word_1_475' title='bbox 1437 3447 1519 3500; x_wconf 87' lang='lat' dir='ltr'><strong>quam</strong></span> <span class='ocrx_word' id='word_1_476' title='bbox 1552 3428 1695 3502; x_wconf 50' lang='lat' dir='ltr'><strong>ufir—,W</strong></span> <span class='ocrx_word' id='word_1_477' title='bbox 1716 3443 1760 3498; x_wconf 79' lang='lat' dir='ltr'><strong>’E</strong></span> 
     </span>
     <span class='ocr_line' id='line_1_38' title="bbox 256 3511 1696 3592; baseline -0.001 -18"><span class='ocrx_word' id='word_1_478' title='bbox 256 3520 322 3592; x_wconf 81' lang='lat' dir='ltr'><strong>palli</strong></span> <span class='ocrx_word' id='word_1_479' title='bbox 340 3524 389 3575; x_wconf 90' lang='lat' dir='ltr'><strong>aut</strong></span> <span class='ocrx_word' id='word_1_480' title='bbox 407 3524 500 3574; x_wconf 86' lang='lat' dir='ltr'><strong>cetera</strong></span> <span class='ocrx_word' id='word_1_481' title='bbox 517 3520 653 3590; x_wconf 85' lang='lat' dir='ltr'><strong>animalia,</strong></span> <span class='ocrx_word' id='word_1_482' title='bbox 671 3535 742 3590; x_wconf 89' lang='lat' dir='ltr'><strong>quae</strong></span> <span class='ocrx_word' id='word_1_483' title='bbox 760 3521 789 3575; x_wconf 92' lang='lat' dir='ltr'><strong>in</strong></span> <span class='ocrx_word' id='word_1_484' title='bbox 806 3519 892 3576; x_wconf 86' lang='lat' dir='ltr'><strong>fundo</strong></span> <span class='ocrx_word' id='word_1_485' title='bbox 911 3525 983 3574; x_wconf 93' lang='lat' dir='ltr'><strong>sunt.</strong></span> <span class='ocrx_word' id='word_1_486' title='bbox 1643 3511 1696 3520; x_wconf 76' lang='grc'><strong>““</strong></span> 
     </span>
    </p>

    <p class='ocr_par' dir='ltr' id='par_1_17' title="bbox 102 3597 1753 3697">
     <span class='ocr_line' id='line_1_39' title="bbox 102 3597 1753 3697; baseline 0.001 -32"><span class='ocrx_word' id='word_1_487' title='bbox 102 3597 106 3608; x_wconf 85' lang='grc'><strong>’</strong></span> <span class='ocrx_word' id='word_1_488' title='bbox 202 3607 240 3665; x_wconf 84' lang='grc'><strong>17</strong></span> <span class='ocrx_word' id='word_1_489' title='bbox 312 3607 464 3664; x_wconf 70' lang='lat' dir='ltr'><strong>Uarianos</strong></span> <span class='ocrx_word' id='word_1_490' title='bbox 474 3607 549 3665; x_wconf 82' lang='lat' dir='ltr'><strong>libro</strong></span> <span class='ocrx_word' id='word_1_491' title='bbox 567 3609 708 3678; x_wconf 86' lang='lat' dir='ltr'><strong>trigesimo</strong></span> <span class='ocrx_word' id='word_1_492' title='bbox 732 3608 853 3665; x_wconf 91' lang='lat' dir='ltr'><strong>secundo</strong></span> <span class='ocrx_word' id='word_1_493' title='bbox 877 3608 913 3664; x_wconf 91' lang='lat' dir='ltr'><strong>ad</strong></span> <span class='ocrx_word' id='word_1_494' title='bbox 935 3609 1064 3664; x_wconf 88' lang='lat' dir='ltr'><strong>edietum.</strong></span> <span class='ocrx_word' id='word_1_495' title='bbox 1099 3608 1189 3664; x_wconf 85' lang='lat' dir='ltr'><strong>Fundi</strong></span> <span class='ocrx_word' id='word_1_496' title='bbox 1206 3608 1272 3664; x_wconf 91' lang='lat' dir='ltr'><strong>nihil</strong></span> <span class='ocrx_word' id='word_1_497' title='bbox 1294 3614 1349 3678; x_wconf 83' lang='lat' dir='ltr'><strong>est,</strong></span> <span class='ocrx_word' id='word_1_498' title='bbox 1373 3610 1426 3665; x_wconf 88' lang='lat' dir='ltr'><strong>nisi</strong></span> <span class='ocrx_word' id='word_1_499' title='bbox 1444 3610 1519 3681; x_wconf 87' lang='lat' dir='ltr'><strong>quod</strong></span> <span class='ocrx_word' id='word_1_500' title='bbox 1538 3606 1695 3697; x_wconf 60' lang='lat' dir='ltr'><em>Q</em></span> <span class='ocrx_word' id='word_1_501' title='bbox 1730 3622 1753 3678; x_wconf 79' lang='lat' dir='ltr'><strong>s</strong></span> 
     </span>
    </p>

    <p class='ocr_par' dir='ltr' id='par_1_18' title="bbox 257 3695 420 3768">
     <span class='ocr_line' id='line_1_40' title="bbox 257 3695 420 3768; baseline 0.006 -18"><span class='ocrx_word' id='word_1_502' title='bbox 257 3695 420 3768; x_wconf 84' lang='lat' dir='ltr'><strong><em>F[P(VU)]</em></strong></span> 
     </span>
    </p>
   </div>
   <div class='ocr_carea' id='block_1_3' title="bbox 256 3807 1697 4110">
    <p class='ocr_par' dir='ltr' id='par_1_19' title="bbox 256 3807 1697 4110">
     <span class='ocr_line' id='line_1_41' title="bbox 260 3807 1695 3944; baseline 0.005 -72"><span class='ocrx_word' id='word_1_503' title='bbox 260 3821 268 3854; x_wconf 86' lang='lat'>¹</span> <span class='ocrx_word' id='word_1_504' title='bbox 288 3833 359 3888; x_wconf 85' lang='lat' dir='ltr'><strong>quae</strong></span> <span class='ocrx_word' id='word_1_505' title='bbox 378 3819 413 3884; x_wconf 82' lang='lat' dir='ltr'><strong>(a.</strong></span> <span class='ocrx_word' id='word_1_506' title='bbox 426 3819 475 3885; x_wconf 81' lang='lat' dir='ltr'><strong>t.)?</strong></span> <span class='ocrx_word' id='word_1_507' title='bbox 545 3820 640 3944; x_wconf 32' lang='grc' dir='ltr'>Ῥιξξι</span> <span class='ocrx_word' id='word_1_508' title='bbox 653 3820 670 3874; x_wconf 95' lang='lat' dir='ltr'><strong>l.</strong></span> <span class='ocrx_word' id='word_1_509' title='bbox 684 3821 724 3875; x_wconf 91' lang='lat'><strong>111</strong></span> <span class='ocrx_word' id='word_1_510' title='bbox 741 3835 814 3891; x_wconf 91' lang='lat' dir='ltr'><strong>resp.</strong></span> <span class='ocrx_word' id='word_1_511' title='bbox 838 3819 974 3875; x_wconf 82' lang='lat' dir='ltr'><strong>Conuenit</strong></span> <span class='ocrx_word' id='word_1_512' title='bbox 991 3820 1027 3875; x_wconf 90' lang='lat' dir='ltr'><strong>ad</strong></span> <span class='ocrx_word' id='word_1_513' title='bbox 1045 3819 1117 3875; x_wconf 90' lang='lat' dir='ltr'><strong>diem</strong></span> <span class='ocrx_word' id='word_1_514' title='bbox 1135 3822 1223 3890; x_wconf 90' lang='lat' dir='ltr'><strong>pretio</strong></span> <span class='ocrx_word' id='word_1_515' title='bbox 1242 3837 1296 3876; x_wconf 93' lang='lat' dir='ltr'><strong>non</strong></span> <span class='ocrx_word' id='word_1_516' title='bbox 1318 3823 1407 3878; x_wconf 85' lang='lat' dir='ltr'><strong>soluto</strong></span> <span class='ocrx_word' id='word_1_517' title='bbox 1424 3823 1561 3878; x_wconf 90' lang='lat' dir='ltr'><strong>uenditori</strong></span> <span class='ocrx_word' id='word_1_518' title='bbox 1579 3807 1695 3880; x_wconf 88' lang='lat' dir='ltr'><strong>alterum</strong></span> 
     </span>
     <span class='ocr_line' id='line_1_42' title="bbox 257 3891 1696 3961; baseline 0.006 -18"><span class='ocrx_word' id='word_1_519' title='bbox 257 3894 365 3944; x_wconf 89' lang='lat' dir='ltr'><strong>tantum</strong></span> <span class='ocrx_word' id='word_1_520' title='bbox 383 3891 525 3959; x_wconf 88' lang='lat' dir='ltr'><strong>praestari.</strong></span> <span class='ocrx_word' id='word_1_521' title='bbox 552 3906 606 3960; x_wconf 87' lang='lat' dir='ltr'><strong>quo</strong></span> <span class='ocrx_word' id='word_1_522' title='bbox 644 3907 789 3946; x_wconf 91' lang='lat' dir='ltr'><strong>usurarum</strong></span> <span class='ocrx_word' id='word_1_523' title='bbox 807 3893 986 3948; x_wconf 87' lang='lat' dir='ltr'><strong>centesimam</strong></span> <span class='ocrx_word' id='word_1_524' title='bbox 1004 3892 1124 3961; x_wconf 87' lang='lat' dir='ltr'><strong>excedit,</strong></span> <span class='ocrx_word' id='word_1_525' title='bbox 1147 3893 1175 3947; x_wconf 90' lang='lat' dir='ltr'><strong>in</strong></span> <span class='ocrx_word' id='word_1_526' title='bbox 1197 3891 1322 3948; x_wconf 84' lang='lat' dir='ltr'><strong>fraudem</strong></span> <span class='ocrx_word' id='word_1_527' title='bbox 1344 3893 1411 3948; x_wconf 86' lang='lat' dir='ltr'><strong>iuris</strong></span> <span class='ocrx_word' id='word_1_528' title='bbox 1429 3895 1538 3950; x_wconf 90' lang='lat' dir='ltr'><strong>uidetur</strong></span> <span class='ocrx_word' id='word_1_529' title='bbox 1561 3895 1696 3951; x_wconf 89' lang='lat' dir='ltr'><strong>additum.</strong></span> 
     </span>
     <span class='ocr_line' id='line_1_43' title="bbox 258 3961 1697 4034; baseline 0.004 -19"><span class='ocrx_word' id='word_1_530' title='bbox 258 3961 369 4016; x_wconf 89' lang='lat' dir='ltr'><strong>diuersa</strong></span> <span class='ocrx_word' id='word_1_531' title='bbox 386 3976 471 4016; x_wconf 89' lang='lat' dir='ltr'><strong>causa</strong></span> <span class='ocrx_word' id='word_1_532' title='bbox 488 3965 531 4016; x_wconf 91' lang='lat' dir='ltr'><strong>est</strong></span> <span class='ocrx_word' id='word_1_533' title='bbox 548 3962 752 4018; x_wconf 88' lang='lat' dir='ltr'><strong>commissoriae</strong></span> <span class='ocrx_word' id='word_1_534' title='bbox 768 3963 846 4032; x_wconf 78' lang='lat' dir='ltr'><strong>legis,</strong></span> <span class='ocrx_word' id='word_1_535' title='bbox 865 3979 927 4018; x_wconf 86' lang='lat' dir='ltr'><strong>oum</strong></span> <span class='ocrx_word' id='word_1_536' title='bbox 946 3963 974 4016; x_wconf 92' lang='lat' dir='ltr'><strong>in</strong></span> <span class='ocrx_word' id='word_1_537' title='bbox 992 3979 1026 4018; x_wconf 89' lang='lat' dir='ltr'><strong>ea</strong></span> <span class='ocrx_word' id='word_1_538' title='bbox 1043 3965 1134 4034; x_wconf 90' lang='lat' dir='ltr'><strong>specie</strong></span> <span class='ocrx_word' id='word_1_539' title='bbox 1147 3980 1201 4018; x_wconf 92' lang='lat' dir='ltr'><strong>non</strong></span> <span class='ocrx_word' id='word_1_540' title='bbox 1214 3963 1293 4019; x_wconf 82' lang='lat' dir='ltr'><strong>senus</strong></span> <span class='ocrx_word' id='word_1_541' title='bbox 1310 3965 1442 4020; x_wconf 86' lang='lat' dir='ltr'><strong>inlicitum</strong></span> <span class='ocrx_word' id='word_1_542' title='bbox 1459 3971 1625 4034; x_wconf 84' lang='lat' dir='ltr'><strong>exerceatur,</strong></span> <span class='ocrx_word' id='word_1_543' title='bbox 1644 3967 1697 4022; x_wconf 90' lang='lat' dir='ltr'><strong>sed</strong></span> 
     </span>
     <span class='ocr_line' id='line_1_44' title="bbox 256 4033 1697 4110; baseline 0.003 -22"><span class='ocrx_word' id='word_1_544' title='bbox 256 4033 302 4088; x_wconf 91' lang='lat' dir='ltr'><strong>lex</strong></span> <span class='ocrx_word' id='word_1_545' title='bbox 320 4033 472 4087; x_wconf 87' lang='lat' dir='ltr'><strong>contractui</strong></span> <span class='ocrx_word' id='word_1_546' title='bbox 490 4035 656 4100; x_wconf 75' lang='lat' dir='ltr'><strong>(connectas</strong></span> <span class='ocrx_word' id='word_1_547' title='bbox 674 4035 740 4102; x_wconf 79' lang='lat' dir='ltr'><strong>eod.)</strong></span> <span class='ocrx_word' id='word_1_548' title='bbox 758 4049 813 4090; x_wconf 91' lang='lat' dir='ltr'><strong>uon</strong></span> <span class='ocrx_word' id='word_1_549' title='bbox 831 4033 1017 4104; x_wconf 89' lang='lat' dir='ltr'><strong>improbabilis</strong></span> <span class='ocrx_word' id='word_1_550' title='bbox 1035 4034 1142 4090; x_wconf 87' lang='lat' dir='ltr'><strong>dicatur</strong></span> <span class='ocrx_word' id='word_1_551' title='bbox 1162 4035 1220 4090; x_wconf 79' lang='lat' dir='ltr'><strong>Uet.</strong></span> <span class='ocrx_word' id='word_1_552' title='bbox 1287 4037 1298 4071; x_wconf 79' lang='lat'>⁸</span> <span class='ocrx_word' id='word_1_553' title='bbox 1316 4038 1391 4092; x_wconf 89' lang='lat' dir='ltr'><strong>lenes</strong></span> <span class='ocrx_word' id='word_1_554' title='bbox 1409 4039 1452 4110; x_wconf 65' lang='lat' dir='ltr'><strong>(ef</strong></span> <span class='ocrx_word' id='word_1_555' title='bbox 1464 4038 1501 4090; x_wconf 90' lang='lat' dir='ltr'><strong>D.</strong></span> <span class='ocrx_word' id='word_1_556' title='bbox 1514 4037 1540 4103; x_wconf 86' lang='grc'><strong>8,</strong></span> <span class='ocrx_word' id='word_1_557' title='bbox 1552 4039 1577 4100; x_wconf 85' lang='grc'><strong>5,</strong></span> <span class='ocrx_word' id='word_1_558' title='bbox 1591 4039 1632 4102; x_wconf 89' lang='grc'><strong>17,</strong></span> <span class='ocrx_word' id='word_1_559' title='bbox 1645 4037 1697 4106; x_wconf 82' lang='lat' dir='ltr'><strong>1Ji</strong></span> 
     </span>
    </p>
   </div>
   <div class='ocr_carea' id='block_1_4' title="bbox 228 4154 1700 4872">
    <p class='ocr_par' dir='ltr' id='par_1_20' title="bbox 228 4154 1700 4872">
     <span class='ocr_line' id='line_1_45' title="bbox 259 4154 1697 4224; baseline 0.005 -15"><span class='ocrx_word' id='word_1_560' title='bbox 259 4154 426 4210; x_wconf 89' lang='lat' dir='ltr'><strong>ldebemus</strong></span> <span class='ocrx_word' id='word_1_561' title='bbox 439 4159 468 4210; x_wconf 93' lang='lat' dir='ltr'><strong>et</strong></span> <span class='ocrx_word' id='word_1_562' title='bbox 480 4155 512 4224; x_wconf 84' lang='lat' dir='ltr'><strong>sil</strong></span> <span class='ocrx_word' id='word_1_563' title='bbox 526 4155 676 4212; x_wconf 89' lang='lat' dir='ltr'><strong>debeamus</strong></span> <span class='ocrx_word' id='word_1_564' title='bbox 691 4161 720 4212; x_wconf 91' lang='lat' dir='ltr'><strong>et</strong></span> <span class='ocrx_word' id='word_1_565' title='bbox 731 4157 767 4211; x_wconf 89' lang='lat' dir='ltr'><strong>sit</strong></span> <span class='ocrx_word' id='word_1_566' title='bbox 778 4157 820 4211; x_wconf 86' lang='grc' dir='ltr'><strong>Ρ·</strong></span> <span class='ocrx_word' id='word_1_567' title='bbox 863 4157 948 4213; x_wconf 70' lang='lat' dir='ltr'><strong>isac·</strong></span> <span class='ocrx_word' id='word_1_568' title='bbox 1003 4159 1069 4215; x_wconf 86' lang='lat' dir='ltr'><strong>bata</strong></span> <span class='ocrx_word' id='word_1_569' title='bbox 1086 4158 1230 4214; x_wconf 89' lang='lat' dir='ltr'><strong>addicatur</strong></span> <span class='ocrx_word' id='word_1_570' title='bbox 1250 4159 1344 4214; x_wconf 74' lang='lat' dir='ltr'><em>P‘VU</em></span> <span class='ocrx_word' id='word_1_571' title='bbox 1395 4161 1430 4215; x_wconf 79' lang='grc'><strong>22</strong></span> <span class='ocrx_word' id='word_1_572' title='bbox 1449 4161 1583 4216; x_wconf 91' lang='lat' dir='ltr'><strong>actionem</strong></span> <span class='ocrx_word' id='word_1_573' title='bbox 1603 4162 1642 4216; x_wconf 80' lang='lat' dir='ltr'><strong>dtr</strong></span> <span class='ocrx_word' id='word_1_574' title='bbox 1654 4161 1697 4216; x_wconf 87' lang='lat' dir='ltr'><strong>P·</strong></span> 
     </span>
     <span class='ocr_line' id='line_1_46' title="bbox 228 4227 1700 4308; baseline 0.003 -26"><span class='ocrx_word' id='word_1_575' title='bbox 228 4269 230 4273; x_wconf 78' lang='lat'><strong>.</strong></span> <span class='ocrx_word' id='word_1_576' title='bbox 257 4231 303 4282; x_wconf 90' lang='lat' dir='ltr'><strong>tus</strong></span> <span class='ocrx_word' id='word_1_577' title='bbox 320 4228 347 4280; x_wconf 84' lang='lat' dir='ltr'><em>F</em></span> <span class='ocrx_word' id='word_1_578' title='bbox 360 4227 499 4298; x_wconf 65' lang='lat' dir='ltr'><strong>(suppli)</strong></span> <span class='ocrx_word' id='word_1_579' title='bbox 555 4228 573 4282; x_wconf 88' lang='lat'><strong>4</strong></span> <span class='ocrx_word' id='word_1_580' title='bbox 589 4227 663 4282; x_wconf 89' lang='lat' dir='ltr'><strong>idern</strong></span> <span class='ocrx_word' id='word_1_581' title='bbox 746 4229 764 4283; x_wconf 83' lang='lat'>5</span> <span class='ocrx_word' id='word_1_582' title='bbox 782 4229 949 4285; x_wconf 73' lang='lat' dir='ltr'><strong>arrabonem</strong></span> <span class='ocrx_word' id='word_1_583' title='bbox 998 4233 1038 4285; x_wconf 57' lang='grc' dir='ltr'><strong>Ὶ26</strong></span> <span class='ocrx_word' id='word_1_584' title='bbox 1055 4237 1136 4301; x_wconf 88' lang='lat' dir='ltr'><strong>putat</strong></span> <span class='ocrx_word' id='word_1_585' title='bbox 1153 4231 1191 4283; x_wconf 80' lang='lat' dir='ltr'><strong>P·</strong></span> <span class='ocrx_word' id='word_1_586' title='bbox 1212 4233 1216 4298; x_wconf 84' lang='grc' dir='ltr'>Ι</span> <span class='ocrx_word' id='word_1_587' title='bbox 1236 4231 1348 4286; x_wconf 88' lang='lat' dir='ltr'><strong>uendite</strong></span> <span class='ocrx_word' id='word_1_588' title='bbox 1367 4231 1436 4300; x_wconf 88' lang='lat' dir='ltr'><strong>esse]</strong></span> <span class='ocrx_word' id='word_1_589' title='bbox 1457 4234 1484 4295; x_wconf 86' lang='lat' dir='ltr'><strong>F,</strong></span> <span class='ocrx_word' id='word_1_590' title='bbox 1503 4229 1614 4287; x_wconf 85' lang='lat' dir='ltr'><strong>uendite</strong></span> <span class='ocrx_word' id='word_1_591' title='bbox 1624 4233 1700 4308; x_wconf 88' lang='lat' dir='ltr'><strong>sPU</strong></span> 
     </span>
     <span class='ocr_line' id='line_1_47' title="bbox 258 4287 1696 4374; baseline 0.003 -23"><span class='ocrx_word' id='word_1_592' title='bbox 258 4297 372 4362; x_wconf 80' lang='lat' dir='ltr'><strong>om.1’⁰,</strong></span> <span class='ocrx_word' id='word_1_593' title='bbox 393 4287 476 4370; x_wconf 76' lang='lat' dir='ltr'><strong>suppl.</strong></span> <span class='ocrx_word' id='word_1_594' title='bbox 494 4300 557 4352; x_wconf 84' lang='lat' dir='ltr'><strong>m.1</strong></span> <span class='ocrx_word' id='word_1_595' title='bbox 624 4300 695 4354; x_wconf 86' lang='lat' dir='ltr'><strong>4ct</strong></span> <span class='ocrx_word' id='word_1_596' title='bbox 717 4299 750 4369; x_wconf 89' lang='lat' dir='ltr'><strong>si]</strong></span> <span class='ocrx_word' id='word_1_597' title='bbox 774 4300 797 4354; x_wconf 92' lang='lat' dir='ltr'><strong>si</strong></span> <span class='ocrx_word' id='word_1_598' title='bbox 821 4299 887 4368; x_wconf 88' lang='lat' dir='ltr'><strong>quid</strong></span> <span class='ocrx_word' id='word_1_599' title='bbox 910 4300 949 4355; x_wconf 68' lang='grc' dir='ltr'><strong>Ρ*</strong></span> <span class='ocrx_word' id='word_1_600' title='bbox 1003 4303 1038 4356; x_wconf 81' lang='lat'><strong>28</strong></span> <span class='ocrx_word' id='word_1_601' title='bbox 1047 4307 1079 4356; x_wconf 90' lang='lat' dir='ltr'><strong>ut</strong></span> <span class='ocrx_word' id='word_1_602' title='bbox 1088 4301 1131 4370; x_wconf 87' lang='lat' dir='ltr'><strong>ex]</strong></span> <span class='ocrx_word' id='word_1_603' title='bbox 1143 4302 1237 4366; x_wconf 76' lang='lat' dir='ltr'><strong>F1Pu,</strong></span> <span class='ocrx_word' id='word_1_604' title='bbox 1250 4303 1357 4356; x_wconf 86' lang='lat' dir='ltr'><strong>utisex</strong></span> <span class='ocrx_word' id='word_1_605' title='bbox 1368 4302 1417 4355; x_wconf 62' lang='grc' dir='ltr'><strong>ΓΝ</strong></span> <span class='ocrx_word' id='word_1_606' title='bbox 1457 4304 1629 4374; x_wconf 82' lang='lat' dir='ltr'><strong>30proptem</strong></span> <span class='ocrx_word' id='word_1_607' title='bbox 1638 4305 1677 4356; x_wconf 79' lang='lat' dir='ltr'><strong>F²</strong></span> <span class='ocrx_word' id='word_1_608' title='bbox 1690 4305 1696 4365; x_wconf 94' lang='grc' dir='ltr'>Ι</span> 
     </span>
     <span class='ocr_line' id='line_1_48' title="bbox 257 4367 1696 4445; baseline 0.006 -22"><span class='ocrx_word' id='word_1_609' title='bbox 257 4367 275 4423; x_wconf 86' lang='lat' dir='ltr'><strong>b</strong></span> <span class='ocrx_word' id='word_1_610' title='bbox 293 4368 434 4424; x_wconf 88' lang='lat' dir='ltr'><strong>curatione</strong></span> <span class='ocrx_word' id='word_1_611' title='bbox 452 4368 520 4422; x_wconf 79' lang='lat' dir='ltr'><strong>P⁶U</strong></span> <span class='ocrx_word' id='word_1_612' title='bbox 532 4370 537 4436; x_wconf 90' lang='grc' dir='ltr'>Ι</span> <span class='ocrx_word' id='word_1_613' title='bbox 552 4369 631 4438; x_wconf 87' lang='lat' dir='ltr'><strong>quas]</strong></span> <span class='ocrx_word' id='word_1_614' title='bbox 650 4385 721 4439; x_wconf 87' lang='lat' dir='ltr'><strong>quae</strong></span> <span class='ocrx_word' id='word_1_615' title='bbox 739 4378 894 4442; x_wconf 73' lang='lat' dir='ltr'><strong>requiritur:</strong></span> <span class='ocrx_word' id='word_1_616' title='bbox 912 4371 950 4426; x_wconf 80' lang='lat' dir='ltr'><strong>eie</strong></span> <span class='ocrx_word' id='word_1_617' title='bbox 1003 4372 1147 4442; x_wconf 89' lang='lat' dir='ltr'><strong>habentur]</strong></span> <span class='ocrx_word' id='word_1_618' title='bbox 1157 4372 1289 4428; x_wconf 89' lang='lat' dir='ltr'><strong>habentes</strong></span> <span class='ocrx_word' id='word_1_619' title='bbox 1300 4374 1337 4427; x_wconf 88' lang='lat' dir='ltr'><strong>P·</strong></span> <span class='ocrx_word' id='word_1_620' title='bbox 1353 4375 1357 4441; x_wconf 84' lang='grc' dir='ltr'>Ι</span> <span class='ocrx_word' id='word_1_621' title='bbox 1373 4374 1501 4444; x_wconf 89' lang='lat' dir='ltr'><strong>putealia]</strong></span> <span class='ocrx_word' id='word_1_622' title='bbox 1512 4375 1604 4445; x_wconf 90' lang='lat' dir='ltr'><strong>puteal</strong></span> <span class='ocrx_word' id='word_1_623' title='bbox 1615 4375 1696 4431; x_wconf 82' lang='lat' dir='ltr'><strong>Your.</strong></span> 
     </span>
     <span class='ocr_line' id='line_1_49' title="bbox 257 4437 1694 4518; baseline 0.006 -26"><span class='ocrx_word' id='word_1_624' title='bbox 257 4437 406 4504; x_wconf 69' lang='lat' dir='ltr'><strong>interisse,</strong></span> <span class='ocrx_word' id='word_1_625' title='bbox 421 4440 494 4494; x_wconf 67' lang='lat' dir='ltr'><strong>Krisa</strong></span> <span class='ocrx_word' id='word_1_626' title='bbox 508 4441 617 4496; x_wconf 74' lang='lat' dir='ltr'><strong>orbanda</strong></span> <span class='ocrx_word' id='word_1_627' title='bbox 632 4439 663 4495; x_wconf 80' lang='lat' dir='ltr'><strong>r&#39;ru</strong></span> <span class='ocrx_word' id='word_1_628' title='bbox 679 4443 815 4503; x_wconf 75' lang='lat' dir='ltr'><strong>Boitecear</strong></span> <span class='ocrx_word' id='word_1_629' title='bbox 827 4439 876 4495; x_wconf 80' lang='lat' dir='ltr'><strong>rba</strong></span> <span class='ocrx_word' id='word_1_630' title='bbox 888 4441 949 4508; x_wconf 73' lang='lat' dir='ltr'><strong>liro-</strong></span> <span class='ocrx_word' id='word_1_631' title='bbox 1003 4445 1037 4499; x_wconf 87' lang='lat'><strong>31</strong></span> <span class='ocrx_word' id='word_1_632' title='bbox 1056 4445 1179 4514; x_wconf 86' lang='lat' dir='ltr'><strong>puteum]</strong></span> <span class='ocrx_word' id='word_1_633' title='bbox 1198 4445 1222 4498; x_wconf 84' lang='lat' dir='ltr'><em>F</em></span> <span class='ocrx_word' id='word_1_634' title='bbox 1223 4454 1242 4508; x_wconf 85' lang='lat'><strong>⁰,</strong></span> <span class='ocrx_word' id='word_1_635' title='bbox 1261 4449 1360 4514; x_wconf 86' lang='lat' dir='ltr'><strong>puteus</strong></span> <span class='ocrx_word' id='word_1_636' title='bbox 1378 4447 1404 4498; x_wconf 87' lang='lat' dir='ltr'><em>F</em></span> <span class='ocrx_word' id='word_1_637' title='bbox 1406 4445 1513 4500; x_wconf 74' lang='lat' dir='ltr'>‘&#39;PVU</span> <span class='ocrx_word' id='word_1_638' title='bbox 1561 4447 1596 4501; x_wconf 89' lang='lat'><strong>33</strong></span> <span class='ocrx_word' id='word_1_639' title='bbox 1614 4445 1694 4518; x_wconf 83' lang='lat' dir='ltr'><strong>lines]</strong></span> 
     </span>
     <span class='ocr_line' id='line_1_50' title="bbox 258 4509 1696 4587; baseline 0.006 -23"><span class='ocrx_word' id='word_1_640' title='bbox 258 4509 354 4582; x_wconf 77' lang='lat' dir='ltr'><strong>poorr&#39;rrr</strong></span> <span class='ocrx_word' id='word_1_641' title='bbox 373 4511 591 4566; x_wconf 66' lang='lat' dir='ltr'><strong>bauauuorlsarB</strong></span> <span class='ocrx_word' id='word_1_642' title='bbox 636 4513 896 4582; x_wconf 76' lang='lat' dir='ltr'><strong>betium]eietiam</strong></span> <span class='ocrx_word' id='word_1_643' title='bbox 909 4513 949 4567; x_wconf 83' lang='lat' dir='ltr'><strong>P&#39;</strong></span> <span class='ocrx_word' id='word_1_644' title='bbox 1002 4516 1063 4569; x_wconf 82' lang='lat' dir='ltr'><strong>FP&#39;</strong></span> <span class='ocrx_word' id='word_1_645' title='bbox 1075 4515 1130 4582; x_wconf 76' lang='lat' dir='ltr'><strong>(ubi</strong></span> <span class='ocrx_word' id='word_1_646' title='bbox 1143 4523 1168 4568; x_wconf 83' lang='lat' dir='ltr'><strong>in</strong></span> <span class='ocrx_word' id='word_1_647' title='bbox 1181 4525 1310 4587; x_wconf 72' lang='lat' dir='ltr'><strong>resorptus:</strong></span> <span class='ocrx_word' id='word_1_648' title='bbox 1324 4516 1393 4570; x_wconf 80' lang='lat' dir='ltr'><strong>lines</strong></span> <span class='ocrx_word' id='word_1_649' title='bbox 1405 4515 1532 4572; x_wconf 82' lang='lat' dir='ltr'><strong>dicuntur</strong></span> <span class='ocrx_word' id='word_1_650' title='bbox 1544 4515 1623 4572; x_wconf 74' lang='lat' dir='ltr'><strong>funos</strong></span> <span class='ocrx_word' id='word_1_651' title='bbox 1635 4519 1696 4586; x_wconf 88' lang='lat' dir='ltr'><strong>qui·</strong></span> 
     </span>
     <span class='ocr_line' id='line_1_51' title="bbox 257 4582 1697 4658; baseline 0.003 -21"><span class='ocrx_word' id='word_1_652' title='bbox 257 4582 274 4637; x_wconf 90' lang='grc'>9</span> <span class='ocrx_word' id='word_1_653' title='bbox 291 4595 374 4651; x_wconf 87' lang='lat' dir='ltr'><strong>posse</strong></span> <span class='ocrx_word' id='word_1_654' title='bbox 392 4595 407 4635; x_wconf 90' lang='lat' dir='ltr'><strong>e</strong></span> <span class='ocrx_word' id='word_1_655' title='bbox 426 4583 466 4636; x_wconf 74' lang='lat'><strong>1²⁶</strong></span> <span class='ocrx_word' id='word_1_656' title='bbox 520 4583 555 4636; x_wconf 92' lang='lat'><strong>10</strong></span> <span class='ocrx_word' id='word_1_657' title='bbox 577 4586 609 4637; x_wconf 92' lang='lat' dir='ltr'><strong>ut</strong></span> <span class='ocrx_word' id='word_1_658' title='bbox 627 4603 675 4637; x_wconf 85' lang='lat' dir='ltr'><strong>om.</strong></span> <span class='ocrx_word' id='word_1_659' title='bbox 689 4583 771 4640; x_wconf 88' lang='lat' dir='ltr'><strong>PVU</strong></span> <span class='ocrx_word' id='word_1_660' title='bbox 790 4585 794 4652; x_wconf 92' lang='grc' dir='ltr'>Ι</span> <span class='ocrx_word' id='word_1_661' title='bbox 815 4585 950 4640; x_wconf 88' lang='lat' dir='ltr'><strong>uenditori</strong></span> <span class='ocrx_word' id='word_1_662' title='bbox 1001 4585 1054 4642; x_wconf 90' lang='lat' dir='ltr'><strong>bus</strong></span> <span class='ocrx_word' id='word_1_663' title='bbox 1072 4599 1145 4654; x_wconf 87' lang='lat' dir='ltr'><strong>aqua</strong></span> <span class='ocrx_word' id='word_1_664' title='bbox 1162 4585 1197 4640; x_wconf 92' lang='lat' dir='ltr'><strong>de</strong></span> <span class='ocrx_word' id='word_1_665' title='bbox 1215 4593 1298 4655; x_wconf 87' lang='lat' dir='ltr'><strong>puteo</strong></span> <span class='ocrx_word' id='word_1_666' title='bbox 1316 4587 1505 4658; x_wconf 84' lang='lat' dir='ltr'><strong>abstrahitur),</strong></span> <span class='ocrx_word' id='word_1_667' title='bbox 1523 4589 1602 4644; x_wconf 89' lang='lat' dir='ltr'><strong>limes</strong></span> <span class='ocrx_word' id='word_1_668' title='bbox 1625 4589 1697 4656; x_wconf 76' lang='lat' dir='ltr'><strong>V⁴U‚</strong></span> 
     </span>
     <span class='ocr_line' id='line_1_52' title="bbox 256 4653 1695 4731; baseline 0.008 -26"><span class='ocrx_word' id='word_1_669' title='bbox 256 4657 409 4722; x_wconf 82' lang='lat' dir='ltr'><strong>praestaret</strong></span> <span class='ocrx_word' id='word_1_670' title='bbox 426 4653 464 4722; x_wconf 89' lang='lat' dir='ltr'><strong>et]</strong></span> <span class='ocrx_word' id='word_1_671' title='bbox 481 4653 638 4708; x_wconf 81' lang='lat' dir='ltr'><strong>conditores</strong></span> <span class='ocrx_word' id='word_1_672' title='bbox 656 4659 796 4726; x_wconf 88' lang='lat' dir='ltr'><strong>praestare</strong></span> <span class='ocrx_word' id='word_1_673' title='bbox 813 4656 863 4720; x_wconf 74' lang='lat' dir='ltr'><strong>P0,</strong></span> <span class='ocrx_word' id='word_1_674' title='bbox 883 4671 949 4710; x_wconf 89' lang='lat' dir='ltr'><strong>uen-</strong></span> <span class='ocrx_word' id='word_1_675' title='bbox 1002 4665 1050 4712; x_wconf 78' lang='lat' dir='ltr'><strong>tna.</strong></span> <span class='ocrx_word' id='word_1_676' title='bbox 1067 4658 1101 4710; x_wconf 81' lang='lat' dir='ltr'><strong>V·</strong></span> <span class='ocrx_word' id='word_1_677' title='bbox 1117 4659 1122 4725; x_wconf 83' lang='grc' dir='ltr'>Ι</span> <span class='ocrx_word' id='word_1_678' title='bbox 1137 4657 1228 4712; x_wconf 86' lang='lat' dir='ltr'><strong>labrcs</strong></span> <span class='ocrx_word' id='word_1_679' title='bbox 1245 4676 1263 4729; x_wconf 93' lang='lat' dir='ltr'><strong>p</strong></span> <span class='ocrx_word' id='word_1_680' title='bbox 1282 4659 1410 4714; x_wconf 90' lang='lat' dir='ltr'><strong>salientes</strong></span> <span class='ocrx_word' id='word_1_681' title='bbox 1429 4659 1489 4714; x_wconf 67' lang='lat' dir='ltr'><strong>Pr?</strong></span> <span class='ocrx_word' id='word_1_682' title='bbox 1541 4661 1576 4716; x_wconf 82' lang='lat'><strong>36</strong></span> <span class='ocrx_word' id='word_1_683' title='bbox 1594 4662 1695 4731; x_wconf 85' lang='lat' dir='ltr'><strong>magis]</strong></span> 
     </span>
     <span class='ocr_line' id='line_1_53' title="bbox 257 4723 1697 4802; baseline 0.006 -25"><span class='ocrx_word' id='word_1_684' title='bbox 257 4723 338 4778; x_wconf 91' lang='lat' dir='ltr'><strong>ditori</strong></span> <span class='ocrx_word' id='word_1_685' title='bbox 364 4728 504 4792; x_wconf 86' lang='lat' dir='ltr'><strong>praestare</strong></span> <span class='ocrx_word' id='word_1_686' title='bbox 531 4727 560 4777; x_wconf 89' lang='lat' dir='ltr'><strong>et</strong></span> <span class='ocrx_word' id='word_1_687' title='bbox 590 4725 623 4778; x_wconf 80' lang='lat' dir='ltr'><strong>U·</strong></span> <span class='ocrx_word' id='word_1_688' title='bbox 689 4727 722 4780; x_wconf 87' lang='lat'><strong>13</strong></span> <span class='ocrx_word' id='word_1_689' title='bbox 750 4731 778 4780; x_wconf 88' lang='lat' dir='ltr'><strong>et</strong></span> <span class='ocrx_word' id='word_1_690' title='bbox 804 4745 853 4780; x_wconf 86' lang='lat' dir='ltr'><strong>om.</strong></span> <span class='ocrx_word' id='word_1_691' title='bbox 870 4727 952 4781; x_wconf 87' lang='lat' dir='ltr'><strong>PVU</strong></span> <span class='ocrx_word' id='word_1_692' title='bbox 1002 4729 1090 4797; x_wconf 84' lang='lat' dir='ltr'><strong>magis</strong></span> <span class='ocrx_word' id='word_1_693' title='bbox 1109 4733 1153 4783; x_wconf 91' lang='lat' dir='ltr'><strong>est</strong></span> <span class='ocrx_word' id='word_1_694' title='bbox 1169 4729 1208 4782; x_wconf 79' lang='lat' dir='ltr'><strong>P⁶</strong></span> <span class='ocrx_word' id='word_1_695' title='bbox 1262 4729 1697 4802; x_wconf 72' lang='lat' dir='ltr'><strong>arpu11i1sP⁸U,pnpil1iFP·</strong></span> 
     </span>
     <span class='ocr_line' id='line_1_54' title="bbox 258 4794 1696 4872; baseline 0.008 -24"><span class='ocrx_word' id='word_1_696' title='bbox 258 4794 293 4848; x_wconf 87' lang='lat'><strong>14</strong></span> <span class='ocrx_word' id='word_1_697' title='bbox 301 4809 336 4848; x_wconf 85' lang='lat' dir='ltr'><strong>ex</strong></span> <span class='ocrx_word' id='word_1_698' title='bbox 346 4794 448 4864; x_wconf 90' lang='lat' dir='ltr'><strong>erupto]</strong></span> <span class='ocrx_word' id='word_1_699' title='bbox 458 4799 573 4862; x_wconf 89' lang='lat' dir='ltr'><strong>excepto</strong></span> <span class='ocrx_word' id='word_1_700' title='bbox 586 4795 626 4848; x_wconf 81' lang='lat' dir='ltr'><strong>P·</strong></span> <span class='ocrx_word' id='word_1_701' title='bbox 659 4796 693 4852; x_wconf 84' lang='lat'><strong>15</strong></span> <span class='ocrx_word' id='word_1_702' title='bbox 703 4797 844 4852; x_wconf 87' lang='lat' dir='ltr'><strong>mandauit</strong></span> <span class='ocrx_word' id='word_1_703' title='bbox 852 4811 948 4867; x_wconf 83' lang='lat' dir='ltr'><strong>ersrgo</strong></span> <span class='ocrx_word' id='word_1_704' title='bbox 1000 4800 1036 4855; x_wconf 82' lang='lat'><strong>38</strong></span> <span class='ocrx_word' id='word_1_705' title='bbox 1054 4798 1131 4854; x_wconf 84' lang='lat' dir='ltr'><strong>fundi</strong></span> <span class='ocrx_word' id='word_1_706' title='bbox 1210 4802 1340 4872; x_wconf 74' lang='lat' dir='ltr'><strong>p.551,5</strong></span> <span class='ocrx_word' id='word_1_707' title='bbox 1362 4801 1476 4857; x_wconf 87' lang='lat' dir='ltr'><strong>uendite</strong></span> <span class='ocrx_word' id='word_1_708' title='bbox 1500 4811 1527 4857; x_wconf 82' lang='lat' dir='ltr'><strong>tn</strong></span> <span class='ocrx_word' id='word_1_709' title='bbox 1549 4805 1628 4858; x_wconf 74' lang='lat' dir='ltr'><strong>litero</strong></span> <span class='ocrx_word' id='word_1_710' title='bbox 1645 4803 1696 4871; x_wconf 66' lang='lat' dir='ltr'><strong>Pt,</strong></span> 
     </span>
    </p>
   </div>
   <div class='ocr_carea' id='block_1_5' title="bbox 257 4864 1441 4990">
    <p class='ocr_par' dir='ltr' id='par_1_21' title="bbox 257 4864 1441 4990">
     <span class='ocr_line' id='line_1_55' title="bbox 257 4864 1441 4990; baseline 0.008 -73"><span class='ocrx_word' id='word_1_711' title='bbox 257 4865 284 4917; x_wconf 80' lang='lat' dir='ltr'><em>F</em></span> <span class='ocrx_word' id='word_1_712' title='bbox 296 4867 413 4990; x_wconf 51' lang='grc' dir='ltr'><strong>(Ὗ),</strong></span> <span class='ocrx_word' id='word_1_713' title='bbox 432 4865 574 4918; x_wconf 89' lang='lat' dir='ltr'><strong>mandauit</strong></span> <span class='ocrx_word' id='word_1_714' title='bbox 590 4864 670 4920; x_wconf 89' lang='lat' dir='ltr'><strong>berea</strong></span> <span class='ocrx_word' id='word_1_715' title='bbox 687 4882 753 4936; x_wconf 86' lang='lat' dir='ltr'><strong>ergo</strong></span> <span class='ocrx_word' id='word_1_716' title='bbox 771 4869 812 4921; x_wconf 74' lang='lat' dir='ltr'><strong>P‘¹</strong></span> <span class='ocrx_word' id='word_1_717' title='bbox 867 4871 899 4924; x_wconf 84' lang='grc'><strong>17</strong></span> <span class='ocrx_word' id='word_1_718' title='bbox 917 4883 948 4924; x_wconf 88' lang='lat' dir='ltr'><strong>se</strong></span> <span class='ocrx_word' id='word_1_719' title='bbox 1002 4879 1049 4926; x_wconf 81' lang='lat' dir='ltr'><strong>tac.</strong></span> <span class='ocrx_word' id='word_1_720' title='bbox 1062 4871 1110 4935; x_wconf 86' lang='lat' dir='ltr'><strong>P·,</strong></span> <span class='ocrx_word' id='word_1_721' title='bbox 1128 4877 1187 4926; x_wconf 76' lang='lat' dir='ltr'><strong>item</strong></span> <span class='ocrx_word' id='word_1_722' title='bbox 1205 4878 1253 4926; x_wconf 83' lang='lat' dir='ltr'><strong>inc.</strong></span> <span class='ocrx_word' id='word_1_723' title='bbox 1272 4891 1301 4926; x_wconf 74' lang='lat' dir='ltr'><strong>ee</strong></span> <span class='ocrx_word' id='word_1_724' title='bbox 1317 4879 1392 4943; x_wconf 79' lang='lat' dir='ltr'><strong>parte</strong></span> <span class='ocrx_word' id='word_1_725' title='bbox 1407 4872 1441 4926; x_wconf 86' lang='lat' dir='ltr'><strong>V·</strong></span> 
     </span>
    </p>
   </div>
   <div class='ocr_carea' id='block_1_6' title="bbox 257 4933 948 5010">
    <p class='ocr_par' dir='ltr' id='par_1_22' title="bbox 257 4933 948 5010">
     <span class='ocr_line' id='line_1_56' title="bbox 257 4933 948 5010; baseline 0.009 -22"><span class='ocrx_word' id='word_1_726' title='bbox 257 4952 306 4989; x_wconf 86' lang='lat' dir='ltr'><strong>om.</strong></span> <span class='ocrx_word' id='word_1_727' title='bbox 318 4933 359 4990; x_wconf 86' lang='lat' dir='ltr'><strong>P·</strong></span> <span class='ocrx_word' id='word_1_728' title='bbox 427 4937 463 4990; x_wconf 77' lang='lat'><strong>20</strong></span> <span class='ocrx_word' id='word_1_729' title='bbox 480 4934 617 5006; x_wconf 89' lang='lat' dir='ltr'><strong>improbat</strong></span> <span class='ocrx_word' id='word_1_730' title='bbox 629 4937 772 4993; x_wconf 86' lang='lat' dir='ltr'><strong>addicetur</strong></span> <span class='ocrx_word' id='word_1_731' title='bbox 783 4939 831 5004; x_wconf 77' lang='lat'><strong>1²⁰,</strong></span> <span class='ocrx_word' id='word_1_732' title='bbox 849 4937 948 5010; x_wconf 82' lang='lat' dir='ltr'><strong>impro</strong></span> 
     </span>
    </p>
   </div>
   <div class='ocr_carea' id='block_1_7' title="bbox 0 0 1861 5370">
    <p class='ocr_par' dir='ltr' id='par_1_23' title="bbox 0 0 1861 5370">
     <span class='ocr_line' id='line_1_57' title="bbox 0 0 1861 5370; baseline 0 0"><span class='ocrx_word' id='word_1_733' title='bbox 0 0 1861 5370; x_wconf 95' lang='lat' dir='ltr'><strong> </strong></span> 
     </span>
    </p>
   </div>
  </div>
 </body>
</html>
