3570 5362
233 185 320 254 Vllll
340 190 361 254 4
379 193 479 251 4—10
906 181 993 262 298
1399 205 1445 252 οη
1468 204 1665 254 uoxsnrcus
1733 133 1734 137 Ἴ

233 346 357 401 deuecta
375 361 462 401 noxae
481 345 618 401 deditione
636 345 715 415 qussi
733 361 794 400 cum
813 345 923 400 conscio
941 345 1051 400 domine
1069 348 1160 399 ectum
1179 344 1223 413 sit,
1244 343 1291 413 qui
1309 357 1364 398 nou
1382 347 1441 398 eret
1458 343 1600 398 conscius:
1619 341 1665 398 sb

234 436 369 491 solutione
392 433 467 489 fectu
488 441 517 490 et
538 433 616 490 finito
638 435 738 490 iudicio
756 435 873 505 emplius
892 434 999 505 egendo
1017 450 1080 489 cum
1098 447 1186 489 nosce
1203 432 1342 488 deditione
1359 433 1520 502 exceptione
1537 432 1579 487 rei
1596 431 1666 486 indi·

235 530 313 580 calce
331 524 554 593 commonebitur,
572 525 637 593 quie
654 540 697 579 res
715 525 744 580 in
761 525 887 594 superine
905 524 1034 582 iudicium
1046 523 1206 579 deductuet
1217 521 1294 578 finite
1306 526 1357 576 cst.
1384 522 1472 577 donec
1484 525 1577 575 summ
1590 521 1665 590 prius
1706 561 1707 564 η

234 614 362 668 iudicium
383 614 514 683 agitetur,
532 614 641 668 licentis
659 613 752 683 egenti
770 617 824 682 cst,
844 614 867 668 si
886 610 948 668 eum
966 612 1000 667 de
1019 612 1133 668 scientis
1150 612 1252 667 domini
1271 611 1411 681 urguendo
1427 609 1581 680 poeniteret,
1599 615 1666 665 tunc

234 703 270 759 ed
289 703 413 758 noralem
432 715 542 762 ceussm
561 703 685 757 transire.
714 707 808 757 contm
825 716 934 771 queque
952 702 976 756 ei
994 717 1057 756 cum
1075 716 1108 757 eo
1126 701 1174 770 qui
1184 701 1311 756 ecitcum
1322 714 1411 756 noxse
1423 698 1562 754 deditione
1572 704 1665 754 sonum
1683 713 1696 755 s

234 793 283 862 sit,
302 792 417 862 amplius
435 792 463 846 in
481 790 620 847 dominnm
638 790 762 846 denseta
780 806 869 847 nosse
887 789 1025 846 deditione
1042 789 1135 844 dende
1151 790 1223 845 ectio
1241 805 1296 845 non
1313 794 1370 845 est:
1388 789 1416 844 in
1434 789 1496 858 ipso
1513 792 1608 843 sutem
1626 788 1666 843 in·

234 882 309 937 dicio
323 881 347 936 si
361 880 482 935 uoluerit
498 886 527 936 et
544 880 685 935 scientiam
704 879 806 935 domini
823 894 947 949 arguere,
965 893 1021 934 ηοη
1038 883 1082 933 est
1097 877 1290 948 prohibendus.

196 971 215 1029 b
287 969 436 1026 Unumuus
454 968 522 1024 libro
541 969 622 1024 tertio
640 968 676 1023 ud
694 969 823 1023 edictum.
850 967 880 1023 Si
897 968 1015 1037 plurium
1029 983 1126 1023 seruus
1137 967 1283 1037 deliquerit
1293 965 1421 1022 omnibns
1430 965 1508 1035 igno
1525 960 1666 1048 Q
1694 975 1718 1029 Ε

233 1058 370 1128 rentibus,
393 1060 491 1113 noxsle
508 1058 638 1113 iudicium
655 1058 685 1112 in
701 1058 826 1127 quemuis
846 1057 856 1126 ΙΙ
875 1055 998 1112 debitur:
1021 1056 1071 1111 sed
1088 1056 1112 1111 si
1130 1054 1256 1111 omnibus
1273 1054 1435 1123 scientibus,
1459 1055 1552 1124 quinis
1569 1070 1666 1111 eorum
1681 1065 1742 1113 llll

233 1148 370 1204 tenebitur
392 1147 516 1203 detractu
533 1161 621 1201 nosse
639 1146 791 1217 deditione,
815 1145 1045 1216 qnemedmodnm
1063 1145 1088 1200 si
1104 1145 1196 1215 plures
1214 1144 1404 1214 deliquissent,
1426 1159 1478 1200 nec
1496 1144 1584 1200 altero
1602 1157 1666 1200 eon·
1684 1160 1710 1198 ιο

233 1242 317 1293 uento
335 1237 403 1292 ulter
420 1235 591 1291 liberabitur:
610 1235 660 1290 sed
679 1236 702 1290 si
720 1236 788 1290 ulter
805 1236 870 1303 scit,
888 1235 957 1289 ulter
974 1234 1123 1303 ignorauit,
1141 1234 1188 1303 qui
1207 1234 1259 1289 ecit
1276 1233 1400 1290 detrecto
1417 1249 1506 1290 nosce
1524 1235 1666 1291 deditione

201 1333 213 1379 l
234 1327 402 1395 conuenitur,
422 1325 469 1394 qui
486 1325 583 1394 nescit,
600 1340 663 1380 cum
680 1339 768 1379 nerse
786 1323 933 1379 deditione.
960 1323 1122 1379 Differentie
1138 1327 1230 1378 sutem
1248 1321 1345 1378 burum
1357 1324 1494 1380 notionum
1507 1338 1564 1380 non
1575 1325 1665 1380 solum

233 1416 280 1471 ills
297 1420 347 1483 eet,
365 1414 440 1484 quod
458 1415 505 1484 qui
523 1414 575 1468 scit
592 1414 620 1469 in
639 1413 755 1468 solidum
773 1417 890 1483 tenetur,
908 1428 1005 1468 uerum
1018 1412 1065 1468 ills
1076 1426 1193 1482 qnoque,
1212 1412 1294 1482 quod,
1309 1412 1368 1467 siue
1380 1413 1542 1469 dicesserit
1551 1428 1664 1469 sernum

233 1505 280 1575 qui
297 1503 350 1559 scit
367 1504 426 1558 siue
444 1503 632 1559 menumieeuit
649 1503 709 1557 siue
725 1502 875 1558 decesserit
892 1517 996 1571 seruus,
1015 1501 1142 1557 dominus
1159 1504 1281 1556 tenetur:
1298 1501 1349 1556 sed
1365 1501 1389 1556 si
1405 1501 1465 1572 ipse
1476 1501 1607 1558 deminus
1618 1503 1664 1558 de·

232 1593 352 1662 cesserit,
370 1593 450 1648 heres
467 1592 528 1648 eius
545 1608 601 1647 non
617 1597 734 1647 tenetur.
1683 1605 1708 1646 rs

195 1677 213 1735 6
284 1683 362 1739 Iunn
379 1682 447 1738 libro
465 1686 564 1737 octsuo
582 1680 688 1736 decimo
701 1680 737 1735 sd
750 1679 877 1735 edietum.
905 1678 961 1735 Sed
972 1680 1072 1750 etipse
1083 1694 1180 1735 seruus
1191 1677 1375 1735 manumissus
1386 1682 1504 1735 tenetur.
1537 1682 1610 1740 Boe,
1619 1685 1666 1739 ue
1692 1678 1725 1733 ll·

195 1767 216 1825 Z
283 1771 362 1826 luen
379 1770 449 1826 libro
466 1771 547 1825 tertio
565 1770 601 1825 cd
619 1769 748 1825 edictum.
784 1769 897 1825 Noxalis
914 1774 1006 1824 entem
1024 1784 1079 1824 ηοη
1097 1769 1165 1824 elius
1182 1768 1277 1839 detur,
1299 1769 1352 1824 nisi
1369 1769 1444 1839 spnd
1461 1785 1506 1825 me
1524 1766 1664 1855 Q
1693 1775 1716 1831 ll

234 1859 271 1915 sit
286 1874 396 1914 seruus:
411 1865 444 1915 et
461 1861 485 1914 si
503 1859 577 1929 epud
595 1874 639 1914 me
657 1859 700 1928 eit,
719 1859 783 1913 licet
799 1871 833 1913 eo
850 1863 974 1927 tempore
991 1873 1046 1913 ηοη
1063 1855 1124 1926 init,
1142 1873 1197 1927 quo
1214 1857 1396 1928 delinquebst,
1414 1864 1518 1929 teneor,
1536 1866 1566 1915 et
1584 1860 1665 1916 beree

200 1958 213 2002 1
233 1964 310 2004 meus
327 1953 445 2018 tenetur,
461 1949 486 2003 si
505 1949 602 2004 noxius
619 1948 716 2002 uiuet¹
732 1947 898 2017 Pomponius
915 1947 963 2016 eit,
982 1947 1006 2002 si
1023 1950 1131 2016 emptor
1147 1945 1220 2001 senui
1237 1947 1329 2003 noneli
1341 1951 1492 2003 conuentum
1504 1949 1549 2018 eit,
1568 1949 1665 2005 nendi·

232 2043 327 2109 torem,
344 2053 398 2108 qno
417 2038 521 2093 sciente
538 2036 640 2092 lectum
658 2041 709 2105 est,
728 2037 867 2092 conueniri
883 2037 937 2091 iem
955 2046 1010 2092 non
1026 2050 1117 2105 posse.
1681 2051 1708 2092 se

195 2123 214 2182 8
285 2127 362 2183 luen
379 2125 449 2182 lubre
466 2127 625 2196 trigensimo
644 2126 760 2196 septimo
772 2125 808 2180 sd
819 2125 948 2180 edictum.
975 2123 1006 2180 si
1016 2139 1113 2180 semus
1124 2125 1276 2180 communis
1287 2123 1389 2181 inrtum
1400 2124 1505 2196 iecerit,
1524 2122 1664 2210 Q
1682 2134 1714 2189 's

232 2216 323 2286 quinis
346 2230 382 2271 ex
404 2215 522 2271 dominis
544 2215 573 2270 in
596 2215 713 2270 solidum
735 2214 826 2270 noxsli
849 2213 949 2269 iudicio
970 2217 1094 2269 tenetur:
1117 2227 1204 2283 ecque
1227 2214 1285 2269 iure
1307 2215 1416 2270 utimur.
1452 2215 1503 2271 sed
1520 2231 1577 2272 non
1595 2217 1663 2272 olim

232 2306 333 2376 poterit
350 2305 374 2361 ie
391 2304 438 2375 qui
454 2309 607 2361 conuentus
624 2308 668 2359 est
684 2303 802 2360 euadere
819 2304 875 2358 litis
894 2303 1120 2371 aestimationem,
1138 2303 1190 2358 nisi
1206 2303 1236 2358 in
1253 2303 1370 2359 solidum
1387 2320 1476 2360 uoxse
1487 2305 1597 2361 dederit
1607 2321 1663 2360 ser·

232 2410 311 2464 uum,
329 2409 380 2450 nec
397 2392 527 2448 terendus
543 2396 598 2462 est,
616 2393 641 2448 ei
658 2399 764 2463 purtem
782 2392 884 2447 dedere
901 2390 983 2448 inerit
1000 2397 1119 2463 perotus.
1151 2391 1232 2462 plnue
1249 2393 1274 2448 si
1290 2398 1402 2463 propter
1418 2393 1483 2464 boo,
1502 2394 1578 2465 quod
1596 2393 1664 2451 soen

232 2483 333 2540 dedere
349 2482 439 2553 pared
456 2497 511 2538 ηοη
528 2479 637 2552 fuerint,
655 2481 818 2537 insolidum
836 2479 918 2537 fuerit
933 2481 1139 2550 condemnatus,
1157 2483 1295 2538 communi
1312 2482 1462 2539 diuidundo
1479 2484 1524 2539 nel
1540 2481 1665 2540 familia
1681 2497 1709 2540 ss

232 2572 408 2629 erciscundse
431 2571 532 2627 iudicio
555 2570 688 2627 οᾶοοιηηο
711 2586 759 2627 eos
776 2571 939 2642 experietur.
972 2575 1036 2627 ente
1053 2571 1151 2627 noxule
1167 2586 1236 2627 sene
1252 2570 1382 2628 indicium
1400 2577 1544 2644 eocepmm
1561 2574 1666 2644 poturit

232 2677 283 2718 sus
300 2666 377 2732 purte
395 2660 518 2717 cedendo
536 2661 710 2716 securitatem
728 2661 867 2730 consequi,
885 2675 920 2717 ne
937 2674 1050 2716 necesse
1067 2659 1172 2716 bsbest'
1184 2661 1323 2730 suscipere
1333 2662 1477 2718 iudicium:
1494 2677 1663 2733 quemquem

162 2815 165 2821 .
232 2751 294 2821 quis
311 2750 399 2821 possit
415 2749 507 2806 dicere
524 2751 648 2821 euenire,
672 2753 715 2820 ut,
737 2749 803 2804 dum
820 2765 885 2820 pers
903 2750 965 2805 ciue
982 2749 1062 2804 dsts¹
1081 2750 1190 2806 emittet
1206 2750 1354 2806 aedonenn
1377 2751 1596 2808 dominns-enim
1612 2767 1665 2823 pro

233 2844 310 2910 purte
328 2837 417 2895 lectus
435 2855 490 2895 ηοη
508 2843 599 2910 potest
617 2854 679 2894 cum
697 2838 772 2893 socio
790 2839 881 2895 noxali
899 2838 1024 2909 experiri.
1039 2836 1175 2895 ,fortassis
1192 2854 1244 2895 nec
1261 2841 1397 2896 communi
1414 2840 1567 2897 diuidundo
1579 2856 1665 2912 egene

188 2941 190 2947 ’
232 2929 322 3000 possit
338 2928 397 2984 cius
413 2927 541 2985 maleficii
557 2928 679 2997 nomine,
698 2927 775 2996 quod
790 2932 854 2984 unte
872 2928 1089 2983 communionem
1108 2927 1257 2984 sdmieeum
1274 2933 1331 2984 eet:
1354 2929 1429 2999 qnod
1446 2929 1471 2985 ei
1487 2945 1543 2986 ηοη
1560 2934 1663 3001 potest,
1683 2944 1712 2987 ee

232 3017 354 3073 euidenti
371 3017 470 3073 iniuria
486 3016 637 3073 adiicietur.
664 3017 714 3073 sed
726 3018 823 3073 melium
835 3022 879 3073 est
889 3015 988 3085 dicere
1005 3021 1160 3088 competere
1171 3018 1198 3073 el
1209 3019 1347 3074 communi
1359 3017 1509 3075 diuidundo
1520 3019 1665 3075 iudicium.

185 3103 212 3162 ὲθ
285 3107 404 3162 Pennus
421 3105 491 3162 libro
508 3107 668 3177 uigensimo
685 3122 758 3163 nono
776 3107 812 3162 sd
826 3104 954 3162 edictum.
982 3104 1011 3162 Si
1023 3107 1174 3162 communis
1183 3105 1289 3162 semilis
1299 3107 1343 3162 uel
1355 3108 1505 3164 eommunis
1523 3104 1664 3194 Q
1682 3116 1720 3174 ’,ς

112 3190 116 3205 “
232 3210 330 3251 seruus
352 3193 455 3251 furtum
476 3194 573 3251 iecerit
595 3197 680 3252 cltero
703 3211 738 3250 ex
761 3195 878 3250 dominis
898 3195 1014 3264 sciente,
1037 3195 1062 3250 is
1079 3195 1127 3265 qui
1144 3196 1198 3251 scit
1214 3196 1334 3251 omnium
1352 3196 1461 3252 nomine
1477 3198 1619 3255 tenebltm
1634 3204 1666 3255 et

232 3288 384 3340 conuentus
407 3285 523 3341 ultumum
546 3300 656 3356 quoque
669 3283 772 3347 ,liberet
788 3295 840 3339 nee
857 3299 875 3338 s
892 3284 967 3339 socio
982 3284 1130 3354 quicquum
1148 3283 1260 3341 debebit
1277 3286 1420 3356 consequi:
1443 3287 1488 3341 sui
1504 3287 1579 3342 enim
1596 3286 1664 3344 ised

231 3374 342 3429 nomine
359 3387 476 3443 poenum
493 3375 601 3429 metuite
628 3373 702 3443 quod
720 3374 745 3429 si
761 3373 786 3428 is
803 3373 852 3443 qui
868 3373 1006 3443 ignorauit
1023 3372 1136 3444 duplum
1149 3375 1325 3445 praestiterit,
1342 3375 1446 3431 οοοοίο
1458 3375 1587 3447 simplum
1599 3393 1663 3434 con·
1681 3393 1710 3435 se

229 3467 367 3533 sequetur.
997 3492 998 3497 κ

176 3549 213 3608 lO
283 3550 361 3606 mun
383 3549 453 3606 libro
475 3551 625 3607 uicensimo
648 3551 768 3607 secundo
791 3551 977 3607 sdedictum.
1014 3549 1070 3606 Sed
1092 3556 1122 3606 et
1141 3565 1177 3624 eo
1193 3551 1307 3607 nomine
1324 3567 1408 3622 egere
1424 3569 1486 3608 cum
1504 3549 1664 3638 [We]
1692 3562 1724 3620 Β·

230 3639 306 3694 socio
322 3639 431 3709 poterit,
448 3640 523 3709 quod
541 3655 651 3696 sernum
669 3655 840 3696 communem
857 3640 1020 3696 deteriorem
1037 3638 1110 3709 fecit,
1129 3640 1359 3711 quemadmodum
1377 3657 1439 3697 cum
1457 3631 1664 3717 quolibet-ulio,

229 3727 277 3797 qul
294 3743 352 3783 rem
371 3742 543 3785 communem
561 3729 725 3786 deteriorem
741 3729 861 3785 iecisset
888 3732 1010 3786 ceterum
1029 3729 1052 3784 si
1069 3728 1140 3784 nibil
1152 3736 1296 3799 prseteree
1312 3735 1376 3801 post
1392 3747 1481 3789 noxse
1494 3733 1663 3793 deditionem

230 3830 374 3872 commune
392 3816 512 3888 hebebit,
530 3833 580 3888 pro
598 3819 673 3874 socio
690 3819 743 3888 uel,
762 3819 786 3874 si
803 3819 871 3875 socii
888 3834 943 3875 non
960 3817 1078 3888 fuerunt,
1096 3818 1127 3874 in
1142 3817 1247 3874 fectum
1263 3820 1310 3890 egi
1326 3821 1436 3891 messit
1680 3820 1705 3861 *θ

228 3914 411 3986 F[P(VLU)}

232 4060 238 4092 ²
258 4057 319 4112 eiue
337 4055 411 4127 dete]
431 4058 456 4112 ei
474 4057 589 4113 cedatur
605 4060 641 4125 (u.
653 4058 702 4125 ll?

229 4188 330 4244 brel’i
352 4190 388 4244 F*
442 4191 510 4245 bin
533 4191 658 4260 superins
678 4191 707 4246 in
729 4191 859 4248 indicium
878 4193 917 4247 P·
947 4192 1034 4248 -derc
1052 4191 1090 4246 Γ*
1144 4193 1178 4247 26
1201 4193 1292 4248 noxsli
1309 4194 1348 4248 F·
1398 4196 1433 4249 27
1457 4197 1667 4267 conseqn‘n‘ii'

228 4261 494 4331 buansire...qui
512 4262 564 4317 scit
581 4278 643 4317 cum
662 4263 767 4328 οἱὼς
786 4271 918 4335 cumpost
970 4265 1005 4319 28
1023 4265 1084 4319 eine
1102 4264 1178 4334 dots]
1195 4264 1223 4328 F,
1241 4265 1267 4319 ei
1286 4265 1367 4320 cedet
1384 4265 1469 4331 P·U·,
1488 4268 1514 4322 ei
1533 4269 1605 4325 ..det
1619 4270 1661 4335 11¹,
1707 4306 1709 4310 -

228 4333 421 4387 sciturnP⁶V
453 4333 592 4388 6domino
602 4334 643 4388 P·
658 4336 662 4401 Ι
678 4334 751 4408 ectio
762 4334 853 4390 dende
865 4335 922 4389 PV
970 4336 995 4391 ei
1013 4335 1126 4391 cedatur
1135 4338 1198 4409 fle.
1213 4335 1283 4402 XV)
1295 4335 1425 4392 P‘W:
1442 4336 1493 4392 iud
1516 4338 1564 4394 tle
1583 4341 1662 4403 reiro

229 4405 262 4458 ll
281 4403 328 4472 qui
346 4403 406 4473 scit]
425 4405 486 4473 quis
504 4405 614 4472 P01ne
633 4407 793 4461 conuenitur
810 4422 835 4476 q.
851 4423 878 4460 n.
892 4421 915 4460 c.
971 4407 1092 4472 eiumueu,
1106 4405 1247 4461 leubinus
1257 4406 1290 4461 rb
1298 4408 1377 4479 ndpoc
1386 4407 1434 4470 τοῨ
1443 4409 1546 4475 uixero*
1556 4412 1661 4484 diutp-

228 4492 254 4529 n.
278 4474 416 4530 deditione
446 4494 493 4528 om.
516 4475 588 4529 P·V
656 4479 689 4532 12
716 4479 849 4533 senonem
880 4479 916 4530 F¹
970 4480 1058 4533 rudeis
1076 4478 1196 4541 indibus·
1215 4478 1298 4534 uices
1317 4479 1450 4545 tersoria
1464 4482 1514 4536 BS
1549 4485 1587 4539 30
1604 4485 1662 4539 cilis

230 4547 262 4600 ll
275 4545 427 4616 niei⁴spud
440 4549 479 4600 F²
515 4548 549 4602 18
560 4562 605 4602 me
613 4548 650 4602 sit
659 4546 709 4602 'me
719 4549 762 4603 eit*
770 4550 853 4605 licet
861 4547 915 4618 F’l
968 4549 1126 4606 'i'msleficii
1145 4552 1183 4616 ΕΙ
1198 4552 1415 4606 communionem
1438 4552 1591 4610 admissum
1610 4555 1660 4625 esti

228 4615 464 4688 delibeut'quebct
485 4620 512 4671 F
568 4620 603 4674 22
627 4619 685 4690 sed]
710 4621 748 4673 roi
772 4622 798 4675 B
821 4629 844 4675 el
868 4621 917 4675 HS
970 4636 1058 4676 comm
1061 4654 1146 4675 ........
1146 4621 1155 4675 i
1157 4634 1221 4688 gere
1248 4636 1278 4677 re
1305 4652 1337 4674 ..-
1358 4623 1448 4693 possit
1479 4625 1523 4690 V·,
1555 4634 1605 4682 sne.
1625 4629 1662 4681 P·
1775 4649 1777 4652 ⁴

228 4688 352 4759 (διερὴν
375 4688 478 4744 scilicet
493 4707 542 4760 pro
561 4690 610 4745 sed
626 4700 761 4763 proposuit
781 4692 916 4747 esculus:
969 4694 1003 4747 31
1013 4691 1259 4758 *udflcie‘n‘turR
1270 4691 1661 4760 efficereturlfisfficisturbl

228 4767 256 4814 al
274 4761 346 4813 eliud
363 4767 400 4814 esi
417 4769 443 4813 in
456 4762 663 4825 soltdumteners,
681 4765 753 4816 uliud
769 4782 850 4817 norae
867 4764 915 4818 dn·
969 4764 1101 4818 columnis
1128 4764 1153 4817 F
1175 4767 1316 4890 “1er
1352 4767 1662 4895 ὃθδΐθηοοίιέιιῗξῐωῶμ

1441 4853 1474 4892 ιο
1627 4847 1662 4896 *o*

228 4900 351 4968 PVLUl
366 4902 434 4956 litim
452 4903 488 4955 F¹
542 4904 578 4958 24
595 4908 639 4958 eet
656 4903 688 4972 si]
708 4904 764 4959 PV
778 4926 834 4960 eum
853 4905 915 4959 BS:
969 4906 1015 4975 qui
1037 4907 1076 4959 F'
1128 4908 1163 4961 39
1186 4905 1371 4963 dete‘l'riorem
1396 4908 1434 4961 Ρ*
1485 4910 1524 4965 40
1540 4841 1661 4968 οοΙηηηο·

227 4970 290 5034 oili
305 4972 349 5044 [dp
362 4973 480 5045 coporos
491 4971 542 5028 eeu
557 4975 650 5038 bibon,
669 4976 722 5031 etsi
733 4974 825 5046 ezel
840 4973 915 5031 de‘r'·
968 4975 1046 5034 ue‘m'
1064 4978 1100 5031 Ii⁶
1116 4980 1121 5047 Ι
1137 4977 1212 5050 coeii}
1232 4979 1297 5034 sosii
1315 4980 1361 5045 Ρ,
1379 4980 1465 5035 inc-11

226 4837 320 4884 tionem
337 4848 387 4884 nors
404 4833 506 4886 adnuite·
522 4841 573 4887 niel
586 4835 731 4887 insolidum
776 4835 811 4888 23
828 4834 852 4888 is
867 4852 915 4888 om.
969 4836 1004 4890 85
1022 4839 1205 4904 consequntur
