3674 5362
247 168 307 237 llv
330 171 343 234 1
365 174 462 230 e-nn
918 155 1008 236 440
1637 177 1686 229 nn

249 324 447 382 condemnatus
465 326 516 392 est,
535 320 649 378 debebit
665 320 700 377 de
718 319 844 391 sequenti
861 319 969 376 eodone
987 318 1023 375 de
1039 319 1147 390 peculio
1165 317 1278 375 deduci:
1297 318 1389 390 coepit
1406 317 1478 375 enim
1496 317 1623 376 dominns
1640 319 1686 376 nel

249 419 328 485 pater
344 413 458 468 iudicati
475 411 575 466 teneri:
594 426 658 465 narn
676 415 705 466 et
719 411 743 465 si
761 408 827 480 quid
845 409 918 465 serui
935 409 1045 465 nomine
1063 422 1118 464 non
1136 407 1332 464 condemnatus
1349 409 1533 479 praestitisset
1550 408 1686 479 creditori,

249 505 332 560 etiam
352 502 404 557 hoe
421 502 577 557 deduceret.
606 507 609 516 “

194 594 233 654 10
304 591 398 648 eurus
416 590 484 646 libre
502 604 574 645 nono
587 588 622 643 ed
634 587 754 642 edictum
766 585 941 656 prouinciale.
969 583 998 641 Si
1016 600 1083 642 uero
1095 584 1185 642 adhuc
1196 586 1225 641 in
1236 601 1370 656 suspenso
1381 591 1425 641 ost
1435 586 1510 657 prius
1529 579 1726 671 [ᾗῇ-(1198

250 678 380 734 iudicium
408 679 443 734 de
465 679 573 748 peculio
597 682 683 732 etex
706 675 857 745 posteriore
879 674 980 730 iudicio
1003 689 1047 731 res
1069 675 1247 746 indicaretur,
1275 675 1350 732 nullo
1376 674 1458 730 modo
1482 675 1565 730 debet
1588 676 1719 745 prioriss

249 768 343 825 iudicii
366 769 436 823 ratio
459 767 553 822 haberi
575 767 603 820 in
625 765 776 834 posteriore
798 762 1038 833 condemnatione,
1064 764 1129 834 qula
1153 764 1183 819 in
1205 764 1313 820 actione
1340 763 1375 818 de
1396 764 1504 834 peculio
1527 764 1688 834 occupantis

251 858 347 913 melior
364 861 407 912 est
424 855 560 924 condicio,
584 868 719 923 occupare
737 857 830 908 autem
849 851 959 907 uidetur
981 867 1036 908 non
1057 853 1105 924 qui
1122 853 1196 924 prior
1213 853 1288 908 litem
1306 856 1476 908 contestatus
1494 857 1548 923 est,
1572 852 1623 907 ssd
1640 853 1688 923 qni

250 946 323 1016 prior
341 944 376 1000 ad
394 945 558 1000 sententiam
575 943 673 998 iudicis
690 941 824 1012 peruenit

194 1041 231 1098 11
305 1033 456 1090 emmens
477 1031 547 1110 libro
569 1031 719 1086 uicensimo
742 1045 814 1086 nono
838 1029 874 1084 ad
898 1028 1027 1085 edietum.
1069 1028 1099 1086 si
1120 1030 1213 1086 noxali
1234 1029 1335 1086 indicio
1359 1035 1511 1086 conuentus
1530 1023 1727 1116 Q&

251 1121 378 1178 dominus
390 1121 451 1188 litis
469 1121 685 1176 aestimationem
704 1118 846 1188 obtulerit,
858 1117 901 1172 de
918 1117 1025 1188 peculio
1043 1117 1235 1174 deducendum
1253 1124 1309 1174 est:
1332 1119 1407 1188 qnod
1424 1120 1448 1176 si
1465 1135 1555 1175 noxae
1573 1120 1688 1192 dederit,
1707 1133 1735 1173 no

219 1211 316 1268 nnihil
339 1215 382 1265 est
405 1209 604 1266 deducendum.
647 1208 703 1264 Sed
725 1213 754 1263 et
776 1207 801 1262 si
824 1206 890 1276 qnid
913 1205 1039 1262 dominns
1063 1208 1216 1262 soluturum
1243 1221 1273 1262 se
1296 1208 1369 1264 serui
1392 1207 1501 1263 nomine
1525 1211 1688 1280 repromisit,

251 1299 350 1355 deduci
367 1297 517 1369 oportebit,
542 1296 771 1368 quemadmodum
790 1295 814 1350 si
831 1294 898 1365 quid
916 1295 1026 1351 domino
1044 1311 1140 1351 seruus
1163 1309 1214 1366 pro
1237 1294 1361 1351 debitore
1381 1297 1587 1366 expromiserst.
1614 1299 1687 1354 idem

251 1395 294 1445 est
312 1392 341 1442 et
358 1388 382 1442 si
399 1402 448 1458 pro
466 1385 592 1442 libertate
609 1385 675 1455 qnid
693 1384 804 1440 domino
822 1384 994 1454 expromisit,
1018 1384 1097 1454 quasi
1114 1382 1222 1440 debitor
1239 1383 1349 1440 domino
1371 1385 1409 1440 sit
1430 1387 1557 1457 effectus,
1582 1387 1632 1443 sed
1648 1389 1689 1444 ita

218 1488 233 1534 ι
251 1479 376 1546 demum,
395 1476 419 1531 si
437 1475 604 1531 manumisso
622 1489 656 1530 eo
674 1478 780 1543 agatur.
817 1471 873 1527 Sed
891 1472 915 1526 si
933 1488 951 1527 a
968 1471 1090 1528 debitore
1108 1473 1245 1529 dominico
1262 1487 1359 1529 sensus
1377 1475 1513 1546 exegerit,
1532 1491 1567 1531 ιι
1585 1475 1688 1532 domini

251 1565 403 1622 debitorem
421 1579 452 1619 se
469 1562 572 1632 iecerit,
591 1563 745 1633 quaeritur:
763 1567 792 1616 et
808 1561 929 1616 lulianus
947 1559 1017 1617 libro
1035 1561 1198 1618 duodecimo
1210 1563 1379 1633 digemorum
1391 1578 1447 1618 non
1459 1565 1537 1620 aliter
1547 1565 1687 1622 dominum
1707 1574 1735 1616 re

251 1656 432 1712 deducturum
451 1654 503 1724 ait,
527 1667 610 1723 quam
629 1653 653 1707 si
670 1656 759 1706 ratum
776 1649 919 1704 habuisset
941 1649 1015 1720 quod
1037 1655 1164 1707 exactum
1188 1656 1245 1706 est:
1269 1651 1366 1707 eodem
1389 1657 1418 1707 et
1440 1653 1468 1708 in
1491 1651 1548 1709 lilio
1571 1652 1688 1711 familias

252 1743 369 1800 dicenda
386 1747 475 1797 erunt.
502 1747 531 1796 et
548 1746 615 1812 puto
634 1755 728 1796 ueram
746 1739 843 1794 iuliani
861 1740 1037 1795 sententiam:
1055 1740 1191 1795 naturalia
1209 1741 1281 1796 enim
1300 1741 1394 1796 debita
1407 1748 1563 1812 spectamus
1575 1743 1628 1816 inl
1642 1759 1688 1816 pe·
1705 1747 1783 1800 taas'

171 1847 172 1852 ¹
252 1833 315 1889 culii
333 1831 511 1887 deductione:
530 1835 573 1885 est
590 1833 682 1884 autem
700 1833 798 1883 natura
816 1841 934 1897 aequum
951 1827 1060 1883 liberari
1077 1827 1162 1884 filiurn
1180 1830 1225 1885 uel
1242 1843 1352 1885 seruum
1368 1829 1534 1901 obligatione
1558 1847 1592 1888 eo
1614 1833 1688 1903 quod

218 1932 233 1976 ι
251 1921 403 1977 1ιιᾱι111ιιιιι
426 1919 534 1975 uidetur
556 1919 691 1990 exegisse.
718 1917 770 1972 Est
792 1921 885 1972 autern
903 1917 1083 1987 quaestionis,
1108 1933 1144 1972 an
1166 1917 1208 1988 id,
1233 1919 1307 1988 quod
1328 1919 1454 1975 dominus
1473 1921 1557 1976 semel
1574 1920 1689 1977 deduxit

251 2026 313 2066 cum
332 2009 531 2078 conueniretur,
549 2022 643 2062 rursus
661 2006 685 2061 si
703 2005 890 2074 conueniatur,
909 2005 944 2060 do
961 2007 1069 2076 peculio
1087 2007 1206 2062 eximere
1219 2006 1326 2077 debeat,
1346 2024 1381 2064 an
1393 2024 1459 2064 uero
1471 2009 1557 2064 ueluti
1569 2010 1689 2066 solutum
1707 2021 1736 2062 so

251 2098 277 2154 ei
294 2098 422 2152 uideatur
439 2097 523 2152 semel
540 2094 615 2152 iacta
632 2095 804 2150 deductione.
831 2099 860 2149 et
877 2093 1005 2149 Neratius
1023 2099 1052 2149 et
1069 2094 1161 2151 Nerua
1178 2099 1289 2166 putant,
1312 2096 1377 2152 item
1396 2097 1517 2152 Iulianus
1534 2097 1603 2154 lrbro
1622 2099 1689 2155 duo·

251 2187 358 2242 decimo
377 2186 479 2255 scribit,
498 2186 522 2240 si
539 2183 650 2254 quidem
669 2183 782 2238 abstulit
799 2181 852 2238 hoe
869 2181 904 2238 ds
922 2183 1038 2252 peculio,
1057 2198 1113 2240 non
1130 2182 1231 2239 debere
1249 2184 1362 2254 deduci,
1381 2185 1405 2240 si
1422 2201 1489 2241 nero
1507 2185 1622 2241 eandm
1640 2201 1689 2257 po·

217 2281 234 2329 4
252 2275 378 2331 sitionem
395 2275 496 2344 peculii
512 2273 628 2343 reliquit,
647 2271 748 2328 debere
766 2286 829 2326 eum
847 2271 991 2326 deducere.
1018 2272 1143 2341 Denique
1161 2271 1263 2343 scribit,
1282 2273 1305 2328 si
1317 2287 1414 2329 semus
1426 2274 1557 2329 uicarium
1569 2275 1690 2346 quinque

251 2365 388 2419 ualentem
411 2363 440 2418 in
461 2362 597 2432 peculium
621 2361 718 2416 habuit
741 2366 770 2416 et
792 2359 902 2416 domino
925 2361 1046 2430 quinquo
1069 2359 1194 2430 deberet,
1218 2377 1268 2432 pro
1291 2361 1391 2431 quibus
1412 2363 1544 2418 uicarium
1563 2364 1690 2420 dominns

238 2451 420 2522 deduxisset,
439 2456 468 2506 et
485 2455 593 2506 mortuo
611 2455 708 2521 postea
725 2449 828 2505 uicario
840 2449 923 2504 alimn
935 2449 1058 2504 eiusdem
1069 2449 1150 2519 pretii
1162 2465 1259 2504 seruus
1271 2452 1479 2522 comparauerit,
1497 2467 1553 2508 non
1564 2453 1690 2510 desinere
1709 2467 1737 2509 ss

253 2541 355 2596 donnini
373 2556 435 2596 esse
453 2539 618 2609 debitorem,
642 2539 721 2608 quasi
739 2537 858 2594 uicarins
880 2537 926 2592 ills
947 2537 1058 2595 domino
1076 2539 1239 2595 decesserit:
1263 2540 1316 2594 nisi
1339 2538 1421 2610 lorte,
1446 2556 1509 2598 cum
1527 2557 1590 2598 eum
1609 2558 1690 2599 seruo

219 2634 234 2683 5
253 2631 403 2686 ademisset
420 2635 449 2685 et
467 2629 518 2684 eriri
536 2629 672 2698 soluisset,
690 2633 756 2683 tunc
773 2626 930 2682 decesserit.
965 2626 1042 2682 idem
1060 2632 1135 2683 reete
1147 2628 1194 2698 ait,
1212 2629 1244 2698 si,
1264 2643 1325 2684 cnm
1338 2630 1456 2685 aloarius
1467 2631 1573 2686 ualeret
1585 2631 1690 2702 decern,

254 2721 380 2776 dominus
405 2723 557 2775 conuentus
575 2717 610 2772 ds
628 2717 736 2788 peculio
753 2717 873 2786 quinque
895 2731 946 2786 pro
968 2731 1049 2772 seruo
1066 2716 1260 2787 praestitisset,
1284 2719 1412 2788 quoniam
1434 2720 1554 2790 quinque
1571 2720 1625 2790 ipsi
1643 2721 1690 2776 de·

253 2808 401 2879 bebantur,
424 2823 489 2863 mox
511 2807 630 2862 uicarius
648 2805 826 2874 decessisset,
851 2803 983 2860 adnemus
1004 2805 1088 2860 alium
1112 2809 1239 2874 egentem
1258 2805 1293 2860 de
1310 2807 1418 2877 peculio
1436 2807 1531 2864 decem
1550 2809 1690 2865 dominum

254 2897 447 2967 deducturum,
470 2896 535 2966 quie
553 2899 582 2950 et
599 2895 627 2951 in
645 2909 692 2966 eo,
715 2893 861 2965 quodiam
878 2907 928 2964 pro
946 2909 981 2949 eo
998 2893 1092 2962 soluit,
1117 2892 1268 2950 debitorem
1287 2909 1396 2951 seruum
1415 2896 1468 2952 sibi
1485 2895 1589 2952 lecerit
1619 2913 1691 2967 quae
1708 2911 1738 2954 so

221 2992 236 3038 s
254 2987 391 3042 sententia
407 3001 474 3040 uera
492 2988 548 3055 est,
570 2985 623 3039 nisi
641 2999 722 3040 seruo
740 2983 844 3038 sdemit
860 2981 1007 3052 uicarium,
1031 2987 1063 3038 nt
1087 2983 1138 3038 sibi
1157 2985 1284 3039 solueret
1320 2983 1399 3050 Quod
1417 2989 1509 3040 autem
1526 2985 1625 3041 deduci
1643 2986 1690 3042 de·

254 3074 320 3129 bere
338 3073 456 3128 diximus
474 3073 503 3128 id
521 3073 595 3143 quod
613 3071 728 3128 debetur
745 3072 771 3126 ei
793 3071 841 3140 qui
863 3070 899 3126 de
921 3071 1027 3142 peculio
1051 3073 1225 3143 conuenitur,
1248 3073 1288 3128 ita
1309 3073 1497 3143 accipiendum
1515 3079 1570 3144 est,
1595 3074 1691 3130 sinon

222 3169 236 3216 7
254 3161 307 3218 hoe
325 3161 434 3217 aliunde
453 3162 583 3230 consequi
600 3161 697 3230 potnit
732 3159 858 3228 Denique
875 3160 996 3214 Iulianus
1014 3160 1109 3217 scribit
1126 3163 1306 3232 uenditorem,
1324 3162 1371 3231 qui
1386 3169 1495 3217 seruum
1508 3177 1571 3218 cum
1582 3163 1692 3233 peculio

255 3250 391 3321 uendidit,
416 3250 440 3306 si
458 3249 493 3305 de
510 3250 618 3320 peculio
636 3249 828 3316 conueniatur,
852 3263 907 3303 non
924 3247 1026 3304 debere
1043 3249 1179 3306 deducere
1197 3250 1271 3321 quod
1288 3249 1341 3306 sibi
1358 3249 1486 3306 debetur:
1510 3251 1601 3320 potuit
1618 3252 1691 3307 enirn

254 3338 308 3396 hoc
325 3355 360 3395 ex
377 3339 482 3394 ratione
500 3338 599 3409 peculii
621 3337 764 3394 detrahere
786 3342 815 3392 et
837 3353 911 3393 nuno
935 3337 1078 3394 condicere
1101 3340 1180 3408 qnasi
1203 3337 1355 3394 indebitum
1374 3339 1512 3408 (quoniam
1530 3353 1585 3394 non
1603 3344 1647 3394 est
1663 3340 1692 3395 in
1710 3355 1739 3400 as

255 3429 362 3500 peculio
381 3427 454 3498 quod
472 3427 582 3484 domino
601 3426 735 3495 debetur).
763 3429 880 3496 poteet¹,
899 3427 995 3498 inquit,
1014 3427 1097 3482 etiam
1115 3443 1150 3482 ex
1167 3427 1279 3483 uendite
1298 3441 1388 3496 agere.
1415 3427 1489 3497 quod
1507 3429 1547 3483 ita
1561 3429 1614 3482 erit
1629 3443 1691 3498 pro·

255 3516 384 3587 bandum,
404 3517 427 3571 si
445 3520 552 3571 tanturn
570 3514 622 3572 fuit
639 3516 667 3570 in
684 3517 791 3586 peculio
809 3531 872 3572 cum
890 3516 1030 3586 uenderet,
1049 3522 1080 3571 ut
1098 3515 1256 3572 satisfacere
1274 3515 1368 3571 debito
1385 3515 1512 3571 dominus
1529 3517 1629 3587 possit:
1648 3531 1692 3572 os·

255 3611 344 3660 terum
364 3607 387 3660 si
404 3609 502 3676 postea
520 3605 586 3675 quid
605 3606 722 3660 accessit
739 3605 944 3661 condicionibus
962 3605 1048 3661 debiti
1061 3605 1251 3675 existentibus,
1269 3605 1343 3674 quod
1355 3603 1481 3660 dominus
1493 3619 1548 3660 non
1559 3603 1691 3660 distexe-

224 3703 238 3749 8
256 3696 323 3765 rat¹‚
343 3700 438 3750 contra
455 3694 507 3749 erit
524 3694 679 3750 dicendum.
716 3693 792 3749 Idem
811 3693 918 3764 scribit,
942 3695 965 3748 si
984 3695 1045 3764 quis
1063 3709 1186 3765 seruum,
1211 3694 1288 3748 cuius
1307 3693 1417 3749 nomine
1435 3693 1471 3748 ds
1488 3707 1535 3762 pe·
1554 3689 1692 3778 Q

256 3784 327 3838 sulio
345 3783 466 3838 habebat
482 3784 631 3852 actionem,
650 3788 848 3853 comparasset,
871 3799 905 3838 an
923 3783 1012 3853 possit
1029 3783 1165 3838 deducere
1183 3781 1257 3854 quod
1275 3781 1328 3837 sibi
1345 3780 1474 3850 debetur,
1498 3783 1626 3852 qnoniam
1644 3783 1691 3838 ad·
1710 3801 1740 3842 so

255 3888 353 3927 nereus
370 3872 541 3928 uenditorem
559 3871 660 3928 habeat
678 3872 813 3926 actionem
836 3871 871 3926 de
893 3870 1019 3941 peculio?
1046 3876 1075 3926 et
1097 3875 1172 3926 reete
1195 3872 1234 3926 ait
1255 3885 1350 3942 posse:
1374 3887 1437 3925 narn
1460 3875 1488 3926 et
1510 3871 1600 3940 quiuis
1623 3872 1692 3927 alius

255 3967 349 4031 potest
371 3961 485 4030 eligere,
512 3967 603 4016 utrum
628 3975 690 4015 oum
715 3965 837 4030 emptore
861 3975 897 4014 an
920 3974 982 4014 cum
1005 3959 1150 4016 conditore
1175 3965 1284 4030 ageret:
1312 3958 1384 4014 hune
1409 3959 1494 4029 igtur
1518 3959 1620 4029 eligere
1641 3975 1692 4030 pro

257 4050 364 4105 actione
382 4049 582 4105 deductionem.
609 4063 661 4104 nec
678 4047 760 4103 uideo
778 4047 844 4117 quid
861 4046 981 4103 babeant
998 4048 1146 4104 creditores
1164 4047 1238 4119 quod
1255 4053 1417 4119 querantur,
1436 4063 1498 4103 cum
1516 4048 1625 4118 possint
1640 4048 1693 4120 ipsi

256 4157 284 4210 F
288 4155 344 4225 [P(
346 4155 378 4221 V,
395 4163 468 4210 euius
485 4174 575 4210 mamae
592 4161 700 4226 asstiqua
717 4155 811 4210 dulcit
828 4175 851 4208 u.
863 4154 900 4209 24
916 4173 972 4211 (ιιι.
990 4153 1094 4225 habuit,
1112 4154 1188 4225 till]

259 4307 269 4342 ¹
287 4303 413 4372 debetur)
430 4307 536 4376 potest:
554 4305 665 4374 potest?
735 4306 748 4342 ¹
765 4306 922 4362 detraxerat
939 4305 974 4372 (ιι.
986 4304 1033 4373 ι’.)1

260 4438 421 4492 lduminus
440 4437 478 4492 Ρ1
532 4437 947 4507 211ιιι1111ιιι1ιιιᾱ11οιιιι·
1001 4445 1061 4492 nont
1075 4435 1178 4501 Graeci,
1197 4455 1255 4491 nam
1268 4436 1326 4526 εἶχε
1339 4455 1384 4508 rap
1393 4435 1515 4527 Usipetes&
1528 4437 1591 4524 pta
1603 4435 1635 4493 τὸ
1646 4457 1693 4492 ιιι

259 4508 338 4563 ditori
353 4508 432 4562 PVU
474 4507 714 4563 3deducerePV
753 4509 884 4564 sindico
897 4509 953 4564 PV
1003 4507 1107 4569 κογιιοι
1126 4505 1142 4562 ὃ
1160 4527 1208 4570 ογκ
1226 4505 1348 4564 tutulos
1361 4509 1399 4564 ssi
1412 4507 1495 4564 inite
1509 4527 1557 4572 ιιγι(
1570 4508 1585 4562 ι’(
1599 4509 1694 4580 aipscre

260 4580 295 4633 14
313 4577 483 4634 dominico''n
495 4581 534 4632 Ρ·
579 4581 611 4634 11
630 4580 747 4634 naturali
764 4580 805 4634 P·
851 4581 884 4635 18
902 4579 948 4634 de·
1003 4579 1100 4644 Belo
1156 4579 1456 4648 .q..dn.detraxeret
1469 4581 1524 4634 edd
1574 4580 1692 4650 eequis]

259 4649 415 4704 ductionem
428 4649 544 4704 F¹PLU
585 4651 619 4705 25
632 4665 741 4705 seruum
750 4653 778 4724 f
812 4652 847 4706 26
860 4651 947 4720 quasi]
938 4583 1162 4720 lquidsqqlk
1155 4651 1294 4705 ouiueom.
1307 4651 1347 4706 P·
1383 4654 1418 4707 41
1432 4651 1541 4722 hebeat]
1554 4652 1598 4716 Ρ,
1611 4597 1695 4706 habet

259 4720 325 4788 quia
347 4720 371 4774 ai
393 4719 434 4774 Ρ·
454 4721 579 4788 lnisi..
591 4722 650 4775 ,27
674 4721 824 4776 decesserit
845 4739 893 4776 om.
911 4722 950 4776 P·
1003 4721 1098 4785 F’PL,
1113 4719 1286 4789 habebatUl
1302 4723 1391 4792 quiuis
1414 4651 1541 4792 qnisP·,l
1545 4722 1704 4791 uisquiL·

212 4851 218 4860 p
259 4790 334 4859 28ip
335 4789 451 4844 seF¹P¹
486 4791 522 4845 30
534 4791 586 4846 srbr
597 4807 707 4847 seruum
719 4791 803 4847 PLU
830 4793 949 4848 blesim
1003 4793 1039 4847 42
1063 4807 1145 4862 agere
1169 4793 1223 4847 PU
1270 4794 1305 4848 43
1328 4793 1394 4863 quid
1428 4793 1502 4864 quod
1525 4793 1601 4848 ΡΨ
1622 4795 1626 4862 Ι
1646 4791 1694 4848 ha·

260 4879 308 4914 om.
321 4861 361 4914 Ρ·
414 4861 449 4915 31
468 4861 619 4919 conducere
637 4861 698 4927 Ρ·Ι
693 4863 801 4933 lquasi]
821 4879 899 4934 quen
891 4863 948 4917 Ρ·
1001 4861 1068 4919 beat
1085 4864 1126 4918 P·
1140 4865 1145 4933 Ι
1160 4870 1326 4934 quaerantur
1342 4865 1372 4930 F,
1389 4867 1520 4934 queretur
1537 4863 1578 4919 Ρ·

260 4929 295 4990 18
313 4930 386 5002 quod
404 4929 530 4988 dominus
541 4947 596 4990 nou
607 4933 780 5005 distraxerat]
799 4935 866 4992 iden
883 4937 949 5008 lepe-
