3668 5356
96 219 98 224 .
130 198 175 246 sn
195 197 332 246 burnan
353 197 600 246 srmdnsrroun
800 172 887 254 625
1310 174 1386 243 XXI
1407 177 1426 242 2
1448 181 1563 237 38-41

132 336 276 406 actionem,
295 351 355 391 eam
373 339 507 406 praestet:
526 334 720 390 hebetantem
739 335 902 390 contrariam
918 335 1125 406 pignoraticiam
1143 333 1287 390 actionem.
1321 337 1350 388 et
1368 333 1455 402 magis
1473 335 1565 387 estut

131 430 267 495 praestet:
290 426 334 480 cui
358 426 430 480 enim
453 439 508 480 non
531 439 649 494 aequum
673 423 810 479 uidebitur
832 424 877 478 uel
895 423 947 479 boc
963 423 1061 478 saltem
1079 424 1209 494 consequi
1226 427 1390 494 emptorem,
1414 421 1488 492 quod
1505 421 1565 476 sine

132 513 275 584 dispendio
294 513 435 569 creditoris
453 511 573 568 futurum
593 512 657 568 est?

75 603 113 663 39
184 603 326 658 lucrosus
347 601 417 658 libro
439 602 665 672 quinquagesimo
684 601 800 672 septimo
819 601 996 672 digestorum.
1033 601 1121 656 Minor
1139 599 1235 671 uiginti
1253 600 1373 670 quinque
1391 593 1565 683 Q
1597 606 1619 660 S

132 691 210 745 annis
232 689 346 746 fundum
365 691 489 746 uendidit
506 691 592 760 Titio,
616 706 679 746 eum
697 692 786 746 Titius
805 689 881 746 Seio:
905 691 993 746 minor
1011 704 1041 744 se
1058 689 1087 744 in
1105 705 1139 745 ea
1156 690 1312 745 uenditione
1330 690 1564 759 circumscriptum
1583 699 1597 741 u

132 777 200 834 dicit
217 783 246 834 et
262 780 381 850 inpetrat
399 780 580 850 cognitionem
598 795 654 835 non
665 784 772 835 tantum
785 779 918 835 aduersum
930 779 1041 848 litium,
1060 778 1203 834 sedetiam
1216 779 1349 834 aduersus
1361 777 1466 834 Seium:
1485 776 1565 833 Seius

131 867 288 938 postulabat
306 868 380 939 apud
396 873 550 938 praetorem
569 870 663 924 utilem
682 869 734 924 sibi
752 869 787 923 da
805 869 940 924 edictione
959 869 1161 939 stipulationem
1179 869 1207 924 in
1218 869 1321 922 Titium
1339 867 1412 922 dari:
1431 882 1484 936 ego
1498 867 1564 922 dan-

132 956 195 1012 dam
214 957 353 1028 putabam.
380 957 522 1028 respondi:
541 959 641 1013 iustam
659 973 716 1014 rem
735 957 814 1013 Seius
831 958 966 1028 postulat:
985 974 1048 1013 nam
1067 958 1091 1012 si
1108 958 1134 1012 ei
1148 955 1249 1012 fundus
1261 957 1398 1026 praetoria
1409 956 1564 1025 cognitione

99 1059 112 1103 1
132 1043 240 1102 ablatus
258 1045 353 1116 luerit,
379 1061 496 1116 aequum
515 1047 567 1101 erit
583 1061 633 1118 per
650 1045 767 1102 eundem
785 1051 939 1118 praetorem
957 1051 986 1102 et
1003 1047 1166 1102 edictionem
1184 1045 1299 1100 restitui.
1337 1043 1367 1100 Si
1385 1059 1482 1099 seruus
1498 1049 1564 1099 tuus
1583 1053 1596 1095 ι

132 1136 228 1190 emerit
250 1134 387 1190 hominem
411 1141 439 1190 et
461 1135 592 1207 eunlldenr
617 1135 770 1192 condiderit
787 1137 862 1192 Titio
885 1136 998 1206 eiusque
1020 1135 1129 1190 ιιοιιίιιι
1152 1134 1264 1204 duplam
1281 1133 1437 1204 promiserit
1453 1139 1482 1188 et
1499 1137 1529 1188 tu
1548 1148 1565 1187 a
1583 1143 1647 1202 (ιιι
1668 1141 1741 1190 teos

131 1223 274 1280 uenditore
292 1225 365 1279 serui
383 1225 529 1294 stipulatus
546 1223 644 1280 fueris:
663 1225 687 1280 si
705 1226 794 1280 Titius
812 1241 922 1280 seruum
940 1225 1050 1295 petierit
1068 1230 1096 1278 et
1113 1223 1175 1279 ideo
1194 1223 1283 1278 uictus
1301 1223 1351 1293 sit,
1375 1221 1449 1292 qnod
1467 1235 1564 1278 seruus

132 1318 196 1368 tuus
214 1314 242 1368 in
260 1312 394 1368 tredendo
411 1313 470 1368 aine
488 1315 629 1370 uoluntate
647 1319 696 1370 tua
708 1315 902 1385 proprietatem
916 1313 1032 1368 bominis
1043 1310 1190 1368 transferre
1202 1327 1257 1368 non
1268 1313 1411 1382 potuisset,
1431 1311 1565 1381 supererit

131 1401 290 1458 Publiciana
307 1403 379 1458 actio
398 1407 427 1457 et
443 1409 553 1472 propter
570 1402 623 1458 hoc
640 1403 739 1473 duplae
758 1402 898 1474 stipulatio
916 1403 941 1456 ei
959 1417 1014 1457 non
1032 1402 1228 1457 committetur:
1252 1415 1336 1471 quare
1354 1400 1481 1456 uenditor
1498 1415 1563 1470 quo-

131 1505 185 1560 que
203 1495 268 1546 tuus
286 1497 413 1561 agentem
431 1497 459 1548 te
478 1508 513 1548 ox
530 1493 662 1563 etipulatu
680 1493 782 1563 poterit
799 1491 855 1548 doli
873 1490 937 1546 mali
955 1491 1114 1562 exceptione
1132 1505 1314 1546 summouere.
1345 1490 1412 1544 alias
1431 1494 1521 1544 autem
1540 1489 1564 1544 si

132 1593 229 1634 seruus
246 1579 382 1636 hominem
401 1582 498 1636 emerit
515 1587 544 1636 et
560 1581 671 1651 duplam
689 1583 843 1652 stipuletur,
862 1580 961 1636 deinde
979 1595 1041 1635 eum
1059 1579 1214 1635 uendiderit
1231 1584 1260 1635 et
1276 1579 1311 1635 ab
1323 1581 1446 1648 emptore
1458 1579 1564 1634 euictus
1584 1590 1612 1632 ιο

132 1666 228 1724 inerit:
252 1668 362 1724 domino
386 1670 495 1740 quidem
517 1670 650 1726 aduersus
674 1671 842 1726 uenditorem
860 1671 889 1724 in
907 1669 1022 1726 solidum
1041 1669 1172 1740 competit
1190 1670 1274 1739 actio,
1298 1668 1415 1739 emptori
1433 1682 1498 1724 uero
1517 1666 1564 1722 ad·

133 1773 229 1813 uersus
252 1757 390 1814 dominum
414 1759 557 1815 dumtaxat
579 1760 613 1814 de
635 1761 750 1830 peculio.
783 1759 944 1815 denuntiare
968 1773 1034 1815 uero
1057 1759 1092 1814 de
1114 1758 1251 1814 edictione
1268 1761 1375 1827 emptor
1391 1771 1486 1826 seruo,
1510 1770 1564 1811 non

133 1845 242 1903 domino
261 1847 356 1903 debet:
379 1848 419 1902 ita
436 1849 508 1904 enim
527 1849 618 1904 euicto
636 1849 745 1904 homine
763 1849 865 1904 utiliter
882 1848 917 1903 de
935 1849 1042 1918 peculio
1060 1863 1142 1918 agere
1160 1848 1275 1917 poterit:
1296 1847 1339 1902 sin
1357 1851 1450 1901 autem
1468 1860 1564 1901 seruus

100 1936 289 2006 admonuerit,
308 1942 373 1992 tunc
392 1936 501 1992 domino
519 1936 735 1993 denuntiandum
754 1942 804 1993 est
833 1936 862 1993 Si
880 1953 898 1992 a
915 1953 959 1992 me
978 1937 1086 1992 bessem
1101 1935 1178 1992 iundi
1190 1937 1297 2006 emeris,
1316 1935 1417 1990 aTitio
1428 1935 1564 2005 trientem,

132 2025 231 2080 deinde
249 2031 356 2096 partem
374 2025 513 2081 dimidiam
532 2025 610 2081 fundi
628 2044 646 2081 a
663 2033 691 2082 te
708 2029 770 2097 quis
787 2027 909 2097 petierit:
929 2026 953 2080 si
970 2025 1080 2095 quidem
1099 2041 1133 2080 ex
1147 2024 1228 2081 besse
1240 2039 1321 2095 quern
1334 2041 1351 2080 a
1362 2039 1406 2080 me
1419 2039 1565 2095 acceperas
1584 2036 1613 2077 ιο

132 2115 215 2169 semis
233 2115 337 2185 petitus
355 2113 445 2184 fuerit,
464 2115 554 2170 Titius
572 2130 626 2171 non
643 2116 788 2186 tenebitur,
807 2117 830 2171 si
848 2131 914 2171 uero
932 2115 1017 2170 miens
1035 2129 1115 2185 quem
1128 2115 1217 2170 Titius
1234 2114 1285 2170 tibi
1301 2113 1452 2170 tradiderat
1463 2119 1492 2168 et
1503 2129 1564 2169 sex·

131 2209 194 2258 tans
218 2219 253 2258 ex
275 2203 355 2258 besse
378 2219 460 2272 quem
484 2219 511 2258 a
524 2221 568 2260 me
591 2219 737 2275 acceperas
760 2206 863 2276 petitus
887 2203 981 2274 luerit,
1005 2204 1094 2260 Titius
1111 2205 1223 2274 quidem
1240 2220 1291 2274 pro
1308 2205 1420 2274 triente,
1443 2217 1496 2274 ego
1514 2217 1564 2273 pro

100 2301 114 2347 u
132 2297 258 2348 sextante
276 2292 440 2347 edictionem
458 2293 509 2348 tibi
526 2295 734 2364 praestabimus.
762 2295 844 2350 Pater
861 2295 951 2350 sciens
968 2293 1053 2349 lilium
1072 2309 1151 2350 suurn
1164 2309 1244 2363 quern
1257 2294 1285 2348 in
1296 2298 1434 2364 potestate
1445 2291 1565 2348 habebat

132 2381 268 2451 ignoranti
285 2381 401 2450 emptori
419 2382 556 2438 uendidit:
581 2385 734 2454 quaesitum
753 2388 809 2453 est,
834 2400 870 2438 an
887 2383 1030 2439 edictionis
1048 2383 1156 2438 nomine
1173 2386 1307 2437 teneatur.
1340 2382 1495 2453 respondit:
1517 2383 1564 2453 qui

131 2469 247 2526 liberum
265 2469 400 2526 hominem
419 2471 509 2525 sciens
528 2472 571 2526 uel
590 2474 718 2542 ignorans
736 2478 875 2542 mmquem
894 2487 1004 2528 seruum
1023 2471 1133 2542 uendat,
1152 2471 1296 2526 edictionis
1314 2472 1423 2527 nomine
1440 2475 1562 2526 tenetur:
1583 2482 1612 2524 au

132 2573 216 2628 quare
235 2560 316 2614 etiarn
335 2563 421 2630 pater,
440 2561 464 2614 si
482 2558 566 2616 lilium
584 2577 665 2618 suum
682 2566 822 2632 tamquam
841 2577 950 2617 seruum
962 2561 1124 2630 reddiderit,
1142 2561 1285 2616 edictionis
1297 2561 1406 2616 nomine
1418 2559 1562 2630 obligetur.

31 2715 33 2722 y
98 2657 114 2703 4
133 2648 184 2714 Qui
203 2647 391 2704 statuliberum
411 2648 502 2719 tradit,
520 2651 572 2706 nisi
590 2651 690 2706 dixerit
707 2666 770 2706 eum
787 2651 976 2706 stamliberum
994 2665 1063 2719 esse,
1082 2650 1225 2706 edictionis
1243 2649 1352 2706 nomine
1369 2655 1503 2720 perpetuo
1515 2649 1562 2706 ob·

99 2745 114 2794 t
131 2738 240 2807 ligatur.
272 2738 323 2804 Qui
341 2753 451 2794 seruum
469 2739 611 2794 uenditum
628 2739 713 2794 tradit
729 2745 757 2795 et
776 2739 842 2795 dicit
859 2756 940 2795 ιιιιιιιι
957 2738 1076 2795 fructum
1093 2739 1121 2794 in
1139 2753 1173 2794 ιο
1191 2737 1247 2794 Seii
1264 2753 1333 2810 esse,
1352 2755 1414 2794 cum
1432 2738 1468 2794 ad
1486 2737 1562 2794 Sem·

131 2826 256 2896 prdninm
278 2828 426 2898 pertineat,
450 2827 610 2898 Sempronio
633 2845 712 2884 dsurn
736 2828 854 2884 fructum
876 2834 985 2898 petente
1007 2827 1121 2898 perinde
1144 2832 1265 2898 tenetur,
1289 2843 1323 2883 ac
1341 2829 1364 2882 si
1381 2828 1410 2882 in
1427 2827 1562 2884 tradendo

132 2913 248 2970 dixisset
269 2931 337 2970 usus
359 2914 464 2972 fructus
487 2917 595 2973 nomine
619 2918 751 2974 aduersus
770 2917 861 2974 Seium
880 2933 935 2973 non
951 2917 1048 2973 teneri.
1080 2917 1150 2972 etsi
1168 2933 1197 2972 re
1215 2917 1354 2973 ueraSeii
1372 2916 1562 2973 ususfructus
1581 2927 1610 2970 tu

132 3001 223 3073 luerit,
241 3005 350 3074 legatus
368 3011 460 3060 autern
479 3006 525 3076 ita,
544 3013 584 3075 ut,
603 3023 665 3062 cum
684 3007 719 3062 ad
738 3006 830 3063 Seium
844 3007 980 3076 pertinere
992 3006 1118 3076 desisset,
1136 3005 1289 3076 Sempronii
1301 3009 1382 3075 essm,
1402 3005 1561 3076 Sempronio
1583 3033 1584 3036 ι

132 3107 212 3148 usum
230 3091 348 3148 fructum
367 3098 478 3164 petente
495 3095 641 3165 tenebitur,
661 3095 724 3152 Seio
742 3099 841 3166 agente
858 3101 933 3150 recte
951 3093 1082 3164 defugiet

73 3178 115 3238 40
185 3182 263 3236 Indu
284 3182 353 3238 libro
377 3184 604 3254 quinquagesimo
627 3191 727 3240 οοοιιιο
749 3184 926 3254 digestorum.
963 3183 992 3239 Si
1014 3184 1038 3238 ls
1060 3183 1108 3253 qui
1130 3183 1197 3240 satis
1221 3200 1238 3239 a
1261 3198 1305 3239 ιιιι
1328 3183 1363 3238 de
1388 3180 1562 3268 [istil—53⁰
1595 3192 1616 3247 s

53 3285 59 3298 ’
132 3271 267 3326 edictione
285 3272 391 3342 aceepit
408 3270 523 3328 fundum
541 3290 559 3329 a
576 3289 620 3329 ms
638 3273 738 3329 herede
755 3274 902 3344 legauerit,
924 3271 1066 3329 confestim
1084 3271 1259 3328 fideiussores
1276 3271 1471 3343 liberabuntur,
1489 3274 1561 3344 quia,

132 3359 240 3414 etiamsi
257 3360 363 3415 edictus
381 3359 463 3416 luerit
481 3361 516 3418 ab
534 3377 568 3418 eo
586 3364 631 3418 cni
647 3363 755 3432 legatus
772 3360 870 3432 luerat,
889 3362 963 3416 nulla
980 3361 1112 3417 aduersus
1129 3359 1304 3417 fideiussores
1322 3361 1394 3418 actio
1412 3367 1463 3416 est.
1581 3376 1610 3417 ar

73 3445 112 3504 41
184 3449 303 3504 Faunus
321 3448 389 3504 libro
407 3450 528 3506 secundo
546 3451 582 3506 ad
599 3451 718 3506 edietum
737 3450 864 3506 aedilium
882 3451 1024 3506 curulium.
1061 3450 1090 3506 si
1108 3451 1134 3512 ei
1151 3451 1196 3506 cui
1213 3449 1325 3506 uendidi
1341 3455 1370 3506 et
1388 3447 1562 3535 [Βὲοριρ
1580 3459 1622 3514 Ἐ

132 3536 242 3606 duplam
260 3538 395 3607 promissi,
414 3553 476 3594 cum
493 3541 552 3610 ipse
565 3539 661 3595 eadem
674 3540 848 3610 stipulatione
859 3539 925 3594 mihi
937 3539 1065 3610 cadisset,
1082 3539 1161 3595 heres
1173 3539 1331 3608 exstiterim,
1350 3541 1441 3596 euicto
1453 3539 1561 3596 homine

131 3626 206 3680 nulla
223 3633 301 3696 parte
319 3627 458 3696 stipulatio
476 3629 667 3684 committitur:
690 3643 779 3698 neque
798 3629 870 3684 enim
888 3627 954 3682 mihi
972 3628 1061 3684 euinci
1078 3628 1200 3698 uidetur,
1223 3643 1286 3684 cum
1303 3629 1472 3684 uendiderim
1491 3645 1562 3701 eum,

131 3729 220 3784 neque
243 3715 269 3769 ei
291 3716 335 3770 cui
359 3731 402 3771 me
425 3718 616 3786 promissorem
634 3721 816 3788 praestarem,
840 3716 968 3787 quoniam
985 3733 1082 3787 parum
1101 3717 1243 3774 commode
1261 3717 1336 3773 dicar
1353 3719 1412 3789 ipse
1430 3719 1496 3774 mibi
1514 3719 1562 3775 du·

100 3811 113 3859 1
131 3804 204 3872 plum
227 3809 366 3873 praestare
390 3803 498 3860 debere.
534 3807 603 3862 Item
628 3807 652 3861 si
673 3807 783 3862 domino
801 3807 874 3862 serui
892 3806 970 3862 heres
988 3807 1123 3862 exstiterit
1140 3811 1259 3876 emptor,
1284 3809 1412 3876 quoniam
1430 3809 1519 3864 euinci
1537 3809 1562 3863 ei
1580 3821 1609 3862 ιο

131 3907 185 3946 non
208 3899 301 3961 potest
325 3909 376 3948 nec
399 3894 458 3963 ipae
481 3893 533 3949 sibi
556 3895 665 3950 uidetur
689 3896 829 3965 euincere,
854 3910 908 3951 non
926 3897 1104 3952 committitur
1122 3895 1221 3966 duplae
1239 3896 1386 3965 stipulatio.
1419 3897 1461 3952 his
1479 3899 1563 3966 igitur

99 3981 241 4037 tcaeibds
260 3997 294 4037 ex
313 3987 403 4052 empto
422 3982 559 4051 agendum
578 3984 638 4038 erit.
671 3983 701 4038 Si
719 3985 756 4054 is,
775 3984 821 4054 qui
838 3982 953 4040 fundum
972 3985 1069 4040 emerit
1085 3989 1114 4039 et
1132 3985 1199 4040 satis
1217 3984 1252 4039 de
1270 3985 1405 4040 edictione
1424 3987 1562 4056 acceperit

131 4073 159 4125 et
177 4071 294 4126 eundem
312 4069 426 4126 fundum
444 4071 611 4142 uendiderit,
635 4074 750 4144 emptori
769 4089 819 4130 suo
838 4073 916 4130 heres
935 4074 1081 4144 exstiterit,
1104 4073 1149 4129 uel
1167 4089 1201 4128 ex
1218 4074 1353 4130 contrario
1372 4081 1478 4146 emptor
1495 4089 1561 4130 uen-

42 4217 46 4224 ,
130 4158 213 4214 ditori
230 4159 309 4214 berea
327 4160 475 4216 exstiterit:
494 4177 529 4216 an
547 4162 637 4218 euicto
655 4160 740 4218 fundo
759 4178 821 4218 curn
834 4161 1040 4220 fideiussoribus
1052 4177 1134 4234 agere
1145 4163 1241 4234 possit,
1261 4163 1407 4234 quaeritur.
1435 4164 1561 4220 existimo
1580 4177 1610 4220 ιι

131 4283 157 4336 F
161 4281 218 4352 [P(
220 4283 250 4348 V,
269 4291 314 4357 qui
331 4285 416 4358 deficit
433 4306 457 4339 ιι.
470 4285 505 4340 16
524 4293 550 4340 in
567 4287 636 4342 derb.
649 4287 729 4357 aetio,
752 4287 799 4358 U)]

131 4460 303 4515 bs*e⁴inF‘
344 4461 575 4518 iloblatusP⁶V⁶
618 4465 650 4518 11
663 4461 745 4519 inerit
758 4463 817 4535 Ρ·Ι
870 4466 958 4522 tinent
987 4465 1141 4536 sempronio
1177 4485 1226 4520 om.
1250 4465 1290 4519 P·
1319 4465 1324 4532 1
1352 4469 1489 4535 petentem
1522 4467 1562 4520 P⁰

129 4531 201 4600 ideo]
227 4532 262 4586 de
287 4547 320 4588 ιο
344 4533 452 4588 P⁰V⁶U
514 4535 548 4588 14
571 4535 643 4604 tuus]
671 4535 752 4590 titius
778 4537 818 4590 P·
871 4535 1560 4608 31tuone]nomineiueutPetlegaturP,le-

131 4603 165 4657 19
174 4602 382 4672 decesseratPl
399 4604 603 4660 denuntiandus
612 4606 691 4660 P⁰U⁶
712 4606 817 4662 soboa-
871 4611 921 4678 gat
938 4609 978 4663 P·
994 4611 998 4678 Ι
1015 4608 1177 4678 sempronio]
1196 4609 1379 4677 sempronium
1398 4609 1438 4662 P‘·
1455 4616 1561 4679 unoque

130 4688 189 4728 sem
209 4675 254 4739 P⁶,
279 4684 326 4730 tac.
342 4675 375 4729 θ’
427 4677 817 4746 etsemis10misl²⁶ttra
871 4683 926 4735 loco
984 4681 1020 4735 32
1042 4679 1164 4750 petente]
1185 4685 1296 4750 petente
1318 4679 1430 4749 perinde
1454 4683 1562 4746 tenetur
1675 4697 1677 4702 ’

130 4743 231 4801 diderit
253 4745 292 4799 P·
354 4747 388 4800 22
410 4745 519 4802 bessem
537 4749 578 4802 P·
602 4751 606 4816 Ι
630 4749 755 4804 trientem
778 4749 819 4803 P·
872 4767 906 4806 ac
929 4751 953 4806 si
977 4752 1004 4806 in
1027 4751 1161 4806 tradendo
1184 4751 1299 4806 dixisset
1322 4752 1468 4820 sempronii
1487 4756 1561 4805 esset

131 4817 166 4870 26
184 4816 216 4884 sl]
237 4836 285 4869 om.
299 4817 345 4882 P·,
364 4818 410 4886 qui
429 4819 495 4873 Pu]
547 4821 580 4874 27
599 4820 647 4889 qui
716 4819 818 4890 obliga·
872 4824 1056 4892 sempronium
1066 4838 1144 4877 usum
1154 4820 1272 4877 fructum
1282 4825 1392 4892 petente
1401 4823 1441 4876 P⁰
1470 4824 1504 4877 37
1515 4837 1560 4877 ex·

130 4891 175 4940 tur
191 4891 272 4960 suppl.
286 4889 335 4941 F':
354 4887 482 4950 Ῡπὸιιειτιι
500 4890 531 4960 τῇ
549 4888 819 4954 ἒκιιικὴιει,..ὁῩτιὸ
872 4895 961 4950 tileris
973 4895 1014 4948 P·
1060 4895 1096 4950 43
1114 4894 1157 4949 uel
1170 4893 1561 4950 ex...4401⁸tileritontP⁶

130 4955 195 5028 ὅρογ
207 4956 430 5031 ἒΛεγθιροῩιιειιοο
443 4961 541 5016 umidis
552 4963 579 5017 B
588 4962 668 5036 (rep.)
713 4964 747 5018 29
759 4978 818 5034 pur·

1312 5054 1349 5110 40
