<?xml version="1.0" encoding="UTF-8"?>
<!DOCTYPE html PUBLIC "-//W3C//DTD XHTML 1.0 Transitional//EN"
    "http://www.w3.org/TR/xhtml1/DTD/xhtml1-transitional.dtd">
<html xmlns="http://www.w3.org/1999/xhtml" xml:lang="en" lang="en">
 <head>
  <title>
</title>
<meta http-equiv="Content-Type" content="text/html;charset=utf-8" />
  <meta name='ocr-system' content='tesseract 3.04.00' />
  <meta name='ocr-capabilities' content='ocr_page ocr_carea ocr_par ocr_line ocrx_word'/>
</head>
<body>
  <div class='ocr_page' id='page_1' title='image "./digestaiustinia01kruegoog/digestaiustinia01kruegoog_0305.png"; bbox 0 0 3600 5354; ppageno 0'>
   <div class='ocr_carea' id='block_1_1' title="bbox 258 159 1689 241">
    <p class='ocr_par' dir='ltr' id='par_1_1' title="bbox 258 159 1689 241">
     <span class='ocr_line' id='line_1_1' title="bbox 258 159 1689 241; baseline -0.003 -6"><span class='ocrx_word' id='word_1_1' title='bbox 258 171 317 240; x_wconf 89' lang='lat' dir='ltr'>IIII</span> <span class='ocrx_word' id='word_1_2' title='bbox 339 172 359 238; x_wconf 88' lang='lat'>8</span> <span class='ocrx_word' id='word_1_3' title='bbox 381 177 495 233; x_wconf 84' lang='lat'><strong>16-19</strong></span> <span class='ocrx_word' id='word_1_4' title='bbox 930 159 1015 241; x_wconf 82' lang='grc'><strong>152</strong></span> <span class='ocrx_word' id='word_1_5' title='bbox 1359 186 1406 232; x_wconf 85' lang='lat' dir='ltr'><strong>nu</strong></span> <span class='ocrx_word' id='word_1_6' title='bbox 1427 183 1605 232; x_wconf 65' lang='lat' dir='ltr'><strong>aucuerre:</strong></span> <span class='ocrx_word' id='word_1_7' title='bbox 1629 183 1689 241; x_wconf 83' lang='lat' dir='ltr'><strong>our</strong></span> 
     </span>
    </p>
   </div>
   <div class='ocr_carea' id='block_1_2' title="bbox 204 321 1773 2088">
    <p class='ocr_par' dir='ltr' id='par_1_2' title="bbox 204 321 1773 931">
     <span class='ocr_line' id='line_1_2' title="bbox 259 321 1688 399; baseline -0.006 -12"><span class='ocrx_word' id='word_1_8' title='bbox 259 347 315 387; x_wconf 90' lang='lat' dir='ltr'><strong>non</strong></span> <span class='ocrx_word' id='word_1_9' title='bbox 332 333 414 399; x_wconf 81' lang='lat' dir='ltr'><strong>cogat</strong></span> <span class='ocrx_word' id='word_1_10' title='bbox 431 343 502 396; x_wconf 85' lang='lat' dir='ltr'><strong>curn,</strong></span> <span class='ocrx_word' id='word_1_11' title='bbox 521 341 583 381; x_wconf 92' lang='lat' dir='ltr'><strong>cum</strong></span> <span class='ocrx_word' id='word_1_12' title='bbox 600 330 700 396; x_wconf 83' lang='lat' dir='ltr'><strong>potest,</strong></span> <span class='ocrx_word' id='word_1_13' title='bbox 717 321 859 394; x_wconf 77' lang='lat' dir='ltr'><strong>proferre?</strong></span> <span class='ocrx_word' id='word_1_14' title='bbox 875 324 948 393; x_wconf 91' lang='lat' dir='ltr'><strong>quod</strong></span> <span class='ocrx_word' id='word_1_15' title='bbox 966 325 1025 379; x_wconf 86' lang='lat' dir='ltr'><strong>aine</strong></span> <span class='ocrx_word' id='word_1_16' title='bbox 1043 325 1099 379; x_wconf 90' lang='lat' dir='ltr'><strong>nlla</strong></span> <span class='ocrx_word' id='word_1_17' title='bbox 1115 323 1304 379; x_wconf 73' lang='lat' dir='ltr'><strong>distinctionel</strong></span> <span class='ocrx_word' id='word_1_18' title='bbox 1317 323 1404 393; x_wconf 86' lang='lat' dir='ltr'><strong>ipsius</strong></span> <span class='ocrx_word' id='word_1_19' title='bbox 1415 323 1551 379; x_wconf 87' lang='lat' dir='ltr'><strong>interdum</strong></span> <span class='ocrx_word' id='word_1_20' title='bbox 1568 321 1688 378; x_wconf 75' lang='lat' dir='ltr'><strong>iumrum</strong></span> 
     </span>
     <span class='ocr_line' id='line_1_3' title="bbox 260 412 1689 484; baseline -0.004 -10"><span class='ocrx_word' id='word_1_21' title='bbox 260 424 310 475; x_wconf 91' lang='lat' dir='ltr'><strong>est.</strong></span> <span class='ocrx_word' id='word_1_22' title='bbox 338 418 361 473; x_wconf 90' lang='lat' dir='ltr'><strong>si</strong></span> <span class='ocrx_word' id='word_1_23' title='bbox 379 422 472 472; x_wconf 89' lang='lat' dir='ltr'><strong>tamen</strong></span> <span class='ocrx_word' id='word_1_24' title='bbox 488 419 603 484; x_wconf 84' lang='lat' dir='ltr'><strong>uterque</strong></span> <span class='ocrx_word' id='word_1_25' title='bbox 620 414 688 469; x_wconf 90' lang='lat' dir='ltr'><strong>uelit</strong></span> <span class='ocrx_word' id='word_1_26' title='bbox 704 428 767 469; x_wconf 89' lang='lat' dir='ltr'><strong>enm</strong></span> <span class='ocrx_word' id='word_1_27' title='bbox 785 414 949 469; x_wconf 70' lang='lat' dir='ltr'><strong>sententiam</strong></span> <span class='ocrx_word' id='word_1_28' title='bbox 966 412 1065 482; x_wconf 89' lang='lat' dir='ltr'><strong>dicere,</strong></span> <span class='ocrx_word' id='word_1_29' title='bbox 1083 429 1128 482; x_wconf 86' lang='lat' dir='ltr'><strong>an,</strong></span> <span class='ocrx_word' id='word_1_30' title='bbox 1146 413 1271 483; x_wconf 86' lang='lat' dir='ltr'><strong>quamuis</strong></span> <span class='ocrx_word' id='word_1_31' title='bbox 1286 417 1397 468; x_wconf 88' lang='lat' dir='ltr'><strong>cautum</strong></span> <span class='ocrx_word' id='word_1_32' title='bbox 1409 429 1464 468; x_wconf 92' lang='lat' dir='ltr'><strong>non</strong></span> <span class='ocrx_word' id='word_1_33' title='bbox 1478 413 1514 468; x_wconf 90' lang='lat' dir='ltr'><strong>eit</strong></span> <span class='ocrx_word' id='word_1_34' title='bbox 1524 412 1560 468; x_wconf 89' lang='lat' dir='ltr'><strong>de</strong></span> <span class='ocrx_word' id='word_1_35' title='bbox 1572 412 1617 467; x_wconf 89' lang='lat' dir='ltr'><strong>die</strong></span> <span class='ocrx_word' id='word_1_36' title='bbox 1628 428 1689 482; x_wconf 88' lang='lat' dir='ltr'><strong>pro·</strong></span> 
     </span>
     <span class='ocr_line' id='line_1_4' title="bbox 259 501 1690 576; baseline -0.003 -13"><span class='ocrx_word' id='word_1_37' title='bbox 259 507 378 576; x_wconf 81' lang='lat' dir='ltr'><strong>ferenda,</strong></span> <span class='ocrx_word' id='word_1_38' title='bbox 397 521 453 560; x_wconf 91' lang='lat' dir='ltr'><strong>non</strong></span> <span class='ocrx_word' id='word_1_39' title='bbox 470 505 537 559; x_wconf 87' lang='lat' dir='ltr'><strong>alias</strong></span> <span class='ocrx_word' id='word_1_40' title='bbox 555 504 690 574; x_wconf 82' lang='lat' dir='ltr'>impetret,</span> <span class='ocrx_word' id='word_1_41' title='bbox 709 503 774 573; x_wconf 91' lang='lat' dir='ltr'><strong>quia</strong></span> <span class='ocrx_word' id='word_1_42' title='bbox 790 502 922 559; x_wconf 86' lang='lat' dir='ltr'><strong>iudicium</strong></span> <span class='ocrx_word' id='word_1_43' title='bbox 940 501 1030 573; x_wconf 89' lang='lat' dir='ltr'><strong>habet,</strong></span> <span class='ocrx_word' id='word_1_44' title='bbox 1048 517 1083 557; x_wconf 92' lang='lat' dir='ltr'><strong>ne</strong></span> <span class='ocrx_word' id='word_1_45' title='bbox 1101 507 1224 572; x_wconf 81' lang='lat' dir='ltr'><strong>cogatur,</strong></span> <span class='ocrx_word' id='word_1_46' title='bbox 1242 517 1324 571; x_wconf 87' lang='lat' dir='ltr'><strong>quam</strong></span> <span class='ocrx_word' id='word_1_47' title='bbox 1342 501 1365 556; x_wconf 89' lang='lat' dir='ltr'><strong>si</strong></span> <span class='ocrx_word' id='word_1_48' title='bbox 1384 503 1537 558; x_wconf 71' lang='lat' dir='ltr'><strong>consentiat</strong></span> <span class='ocrx_word' id='word_1_49' title='bbox 1553 501 1644 558; x_wconf 88' lang='lat' dir='ltr'><strong>denuo</strong></span> <span class='ocrx_word' id='word_1_50' title='bbox 1662 502 1690 558; x_wconf 91' lang='lat' dir='ltr'><strong>in</strong></span> 
     </span>
     <span class='ocr_line' id='line_1_5' title="bbox 260 592 1722 665; baseline -0.007 -13"><span class='ocrx_word' id='word_1_51' title='bbox 260 611 290 652; x_wconf 88' lang='lat' dir='ltr'><strong>se</strong></span> <span class='ocrx_word' id='word_1_52' title='bbox 309 594 509 665; x_wconf 79' lang='lat' dir='ltr'><strong>compromitti?</strong></span> <span class='ocrx_word' id='word_1_53' title='bbox 534 593 603 648; x_wconf 89' lang='lat' dir='ltr'><strong>haec</strong></span> <span class='ocrx_word' id='word_1_54' title='bbox 621 592 725 647; x_wconf 87' lang='lat' dir='ltr'><strong>scilicet</strong></span> <span class='ocrx_word' id='word_1_55' title='bbox 742 592 766 646; x_wconf 88' lang='lat' dir='ltr'><strong>si</strong></span> <span class='ocrx_word' id='word_1_56' title='bbox 784 592 843 646; x_wconf 91' lang='lat' dir='ltr'><strong>dies</strong></span> <span class='ocrx_word' id='word_1_57' title='bbox 861 593 968 647; x_wconf 83' lang='lat' dir='ltr'><strong>exitura</strong></span> <span class='ocrx_word' id='word_1_58' title='bbox 985 596 1035 646; x_wconf 86' lang='lat' dir='ltr'><strong>eet</strong></span> <span class='ocrx_word' id='word_1_59' title='bbox 1707 603 1722 642; x_wconf 86' lang='lat' dir='ltr'><strong>s</strong></span> 
     </span>
     <span class='ocr_line' id='line_1_6' title="bbox 204 671 1733 764; baseline -0.003 -25"><span class='ocrx_word' id='word_1_60' title='bbox 204 687 242 746; x_wconf 84' lang='grc'><strong>17</strong></span> <span class='ocrx_word' id='word_1_61' title='bbox 313 682 548 739; x_wconf 79' lang='lat' dir='ltr'><strong>Unrrnrruelibro</strong></span> <span class='ocrx_word' id='word_1_62' title='bbox 566 680 771 736; x_wconf 90' lang='lat' dir='ltr'><strong>tertiodecimo</strong></span> <span class='ocrx_word' id='word_1_63' title='bbox 790 680 826 735; x_wconf 77' lang='lat' dir='ltr'><strong>ud</strong></span> <span class='ocrx_word' id='word_1_64' title='bbox 843 680 972 736; x_wconf 84' lang='lat' dir='ltr'><strong>edictum.</strong></span> <span class='ocrx_word' id='word_1_65' title='bbox 1000 671 1069 736; x_wconf 84' lang='lat' dir='ltr'><strong>item</strong></span> <span class='ocrx_word' id='word_1_66' title='bbox 1088 680 1112 735; x_wconf 87' lang='lat' dir='ltr'><strong>ei</strong></span> <span class='ocrx_word' id='word_1_67' title='bbox 1129 695 1200 735; x_wconf 91' lang='lat' dir='ltr'><strong>unns</strong></span> <span class='ocrx_word' id='word_1_68' title='bbox 1216 694 1251 734; x_wconf 86' lang='lat' dir='ltr'><strong>ex</strong></span> <span class='ocrx_word' id='word_1_69' title='bbox 1262 678 1444 750; x_wconf 77' lang='lat' dir='ltr'><strong>litigatoribus</strong></span> <span class='ocrx_word' id='word_1_70' title='bbox 1455 680 1534 736; x_wconf 87' lang='lat' dir='ltr'><strong>bonis</strong></span> <span class='ocrx_word' id='word_1_71' title='bbox 1552 676 1688 764; x_wconf 54' lang='lat' dir='ltr'><strong>[rs—sn}</strong></span> <span class='ocrx_word' id='word_1_72' title='bbox 1706 687 1733 741; x_wconf 82' lang='grc' dir='ltr'><em>Ε</em></span> 
     </span>
     <span class='ocr_line' id='line_1_7' title="bbox 260 769 1688 841; baseline -0.001 -14"><span class='ocrx_word' id='word_1_73' title='bbox 260 773 317 828; x_wconf 89' lang='lat' dir='ltr'><strong>suis</strong></span> <span class='ocrx_word' id='word_1_74' title='bbox 335 772 423 841; x_wconf 86' lang='lat' dir='ltr'><strong>cedat,</strong></span> <span class='ocrx_word' id='word_1_75' title='bbox 442 772 562 827; x_wconf 87' lang='lat' dir='ltr'><strong>Iulianus</strong></span> <span class='ocrx_word' id='word_1_76' title='bbox 580 770 648 826; x_wconf 83' lang='lat' dir='ltr'><strong>lrbro</strong></span> <span class='ocrx_word' id='word_1_77' title='bbox 666 775 763 840; x_wconf 85' lang='lat' dir='ltr'><strong>quarto</strong></span> <span class='ocrx_word' id='word_1_78' title='bbox 781 769 950 839; x_wconf 82' lang='lat' dir='ltr'><strong>digestorum</strong></span> <span class='ocrx_word' id='word_1_79' title='bbox 969 769 1062 825; x_wconf 86' lang='lat' dir='ltr'><strong>scribit</strong></span> <span class='ocrx_word' id='word_1_80' title='bbox 1080 784 1135 824; x_wconf 92' lang='lat' dir='ltr'><strong>non</strong></span> <span class='ocrx_word' id='word_1_81' title='bbox 1146 784 1208 824; x_wconf 90' lang='lat' dir='ltr'><strong>esse</strong></span> <span class='ocrx_word' id='word_1_82' title='bbox 1220 770 1373 838; x_wconf 78' lang='lat' dir='ltr'><strong>cogendum</strong></span> <span class='ocrx_word' id='word_1_83' title='bbox 1386 769 1516 824; x_wconf 87' lang='lat' dir='ltr'><strong>arbitrum</strong></span> <span class='ocrx_word' id='word_1_84' title='bbox 1527 771 1688 826; x_wconf 85' lang='lat' dir='ltr'><strong>sententiam</strong></span> 
     </span>
     <span class='ocr_line' id='line_1_8' title="bbox 229 857 1773 931; baseline -0.002 -15"><span class='ocrx_word' id='word_1_85' title='bbox 229 857 364 930; x_wconf 75' lang='lat' dir='ltr'><strong>liltore,</strong></span> <span class='ocrx_word' id='word_1_86' title='bbox 388 876 450 916; x_wconf 92' lang='lat' dir='ltr'><strong>cum</strong></span> <span class='ocrx_word' id='word_1_87' title='bbox 473 875 562 931; x_wconf 85' lang='lat' dir='ltr'><strong>neque</strong></span> <span class='ocrx_word' id='word_1_88' title='bbox 585 875 668 930; x_wconf 78' lang='lat' dir='ltr'><strong>agane</strong></span> <span class='ocrx_word' id='word_1_89' title='bbox 691 874 779 930; x_wconf 90' lang='lat' dir='ltr'><strong>neque</strong></span> <span class='ocrx_word' id='word_1_90' title='bbox 798 860 937 915; x_wconf 87' lang='lat' dir='ltr'><strong>conueniri</strong></span> <span class='ocrx_word' id='word_1_91' title='bbox 954 859 1050 929; x_wconf 84' lang='lat' dir='ltr'><strong>possit</strong></span> <span class='ocrx_word' id='word_1_92' title='bbox 1087 857 1219 914; x_wconf 64' lang='lat' dir='ltr'><strong>Si‘multo</strong></span> <span class='ocrx_word' id='word_1_93' title='bbox 1237 863 1301 928; x_wconf 89' lang='lat' dir='ltr'><strong>post</strong></span> <span class='ocrx_word' id='word_1_94' title='bbox 1317 864 1489 921; x_wconf 70' lang='lat' dir='ltr'><strong>redonantur</strong></span> <span class='ocrx_word' id='word_1_95' title='bbox 1505 857 1542 913; x_wconf 86' lang='lat' dir='ltr'><strong>ad</strong></span> <span class='ocrx_word' id='word_1_96' title='bbox 1559 859 1688 914; x_wconf 87' lang='lat' dir='ltr'><strong>arbitrum</strong></span> <span class='ocrx_word' id='word_1_97' title='bbox 1766 873 1773 887; x_wconf 85' lang='lat'><strong>·</strong></span> 
     </span>
    </p>

    <p class='ocr_par' dir='ltr' id='par_1_3' title="bbox 227 936 1689 1110">
     <span class='ocr_line' id='line_1_9' title="bbox 227 936 1689 1020; baseline -0.001 -16"><span class='ocrx_word' id='word_1_98' title='bbox 227 960 242 1004; x_wconf 80' lang='lat' dir='ltr'><strong>t</strong></span> <span class='ocrx_word' id='word_1_99' title='bbox 260 950 424 1020; x_wconf 80' lang='lat' dir='ltr'><strong>litigatores,</strong></span> <span class='ocrx_word' id='word_1_100' title='bbox 449 965 504 1005; x_wconf 91' lang='lat' dir='ltr'><strong>non</strong></span> <span class='ocrx_word' id='word_1_101' title='bbox 528 965 589 1006; x_wconf 87' lang='lat' dir='ltr'><strong>esse</strong></span> <span class='ocrx_word' id='word_1_102' title='bbox 613 949 767 1020; x_wconf 84' lang='lat' dir='ltr'><strong>cogendum</strong></span> <span class='ocrx_word' id='word_1_103' title='bbox 786 949 947 1004; x_wconf 86' lang='lat' dir='ltr'><strong>sententiam</strong></span> <span class='ocrx_word' id='word_1_104' title='bbox 967 948 1058 1004; x_wconf 88' lang='lat' dir='ltr'><strong>dicere</strong></span> <span class='ocrx_word' id='word_1_105' title='bbox 1075 947 1168 1003; x_wconf 88' lang='lat' dir='ltr'><strong>Labeo</strong></span> <span class='ocrx_word' id='word_1_106' title='bbox 1186 946 1288 1002; x_wconf 87' lang='lat' dir='ltr'><strong>scribit</strong></span> <span class='ocrx_word' id='word_1_107' title='bbox 1324 936 1394 1002; x_wconf 87' lang='lat' dir='ltr'><strong>Item</strong></span> <span class='ocrx_word' id='word_1_108' title='bbox 1413 948 1436 1002; x_wconf 91' lang='lat' dir='ltr'><strong>si</strong></span> <span class='ocrx_word' id='word_1_109' title='bbox 1453 948 1545 1017; x_wconf 88' lang='lat' dir='ltr'><strong>plures</strong></span> <span class='ocrx_word' id='word_1_110' title='bbox 1562 952 1627 1002; x_wconf 90' lang='lat' dir='ltr'><strong>sunt</strong></span> <span class='ocrx_word' id='word_1_111' title='bbox 1643 948 1689 1019; x_wconf 91' lang='lat' dir='ltr'><strong>qui</strong></span> 
     </span>
     <span class='ocr_line' id='line_1_10' title="bbox 261 1025 1688 1110; baseline -0.002 -16"><span class='ocrx_word' id='word_1_112' title='bbox 261 1039 400 1094; x_wconf 75' lang='lat' dir='ltr'><strong>arbitrium</strong></span> <span class='ocrx_word' id='word_1_113' title='bbox 419 1044 588 1110; x_wconf 85' lang='lat' dir='ltr'><strong>receperunt,</strong></span> <span class='ocrx_word' id='word_1_114' title='bbox 606 1053 687 1094; x_wconf 90' lang='lat' dir='ltr'><strong>nemo</strong></span> <span class='ocrx_word' id='word_1_115' title='bbox 705 1053 777 1093; x_wconf 86' lang='lat' dir='ltr'><strong>unus</strong></span> <span class='ocrx_word' id='word_1_116' title='bbox 796 1038 936 1108; x_wconf 85' lang='lat' dir='ltr'><strong>cogendus</strong></span> <span class='ocrx_word' id='word_1_117' title='bbox 950 1038 1002 1092; x_wconf 87' lang='lat' dir='ltr'><strong>erit</strong></span> <span class='ocrx_word' id='word_1_118' title='bbox 1013 1036 1175 1092; x_wconf 85' lang='lat' dir='ltr'><strong>sententiam</strong></span> <span class='ocrx_word' id='word_1_119' title='bbox 1187 1036 1285 1106; x_wconf 87' lang='lat' dir='ltr'><strong>dicere,</strong></span> <span class='ocrx_word' id='word_1_120' title='bbox 1305 1036 1353 1090; x_wconf 90' lang='lat' dir='ltr'><strong>sed</strong></span> <span class='ocrx_word' id='word_1_121' title='bbox 1366 1041 1414 1090; x_wconf 89' lang='lat' dir='ltr'><strong>aut</strong></span> <span class='ocrx_word' id='word_1_122' title='bbox 1426 1025 1580 1091; x_wconf 65' lang='lat' dir='ltr'><strong>omncs&#39;ant</strong></span> <span class='ocrx_word' id='word_1_123' title='bbox 1591 1038 1688 1092; x_wconf 89' lang='lat' dir='ltr'><strong>nullus.</strong></span> 
     </span>
    </p>

    <p class='ocr_par' dir='ltr' id='par_1_4' title="bbox 227 1125 1737 1288">
     <span class='ocr_line' id='line_1_11' title="bbox 227 1125 1737 1198; baseline -0.004 -14"><span class='ocrx_word' id='word_1_124' title='bbox 227 1129 327 1184; x_wconf 84' lang='lat' dir='ltr'><strong>tInde</strong></span> <span class='ocrx_word' id='word_1_125' title='bbox 344 1129 512 1198; x_wconf 75' lang='lat' dir='ltr'><strong>Pomponius</strong></span> <span class='ocrx_word' id='word_1_126' title='bbox 534 1127 603 1183; x_wconf 91' lang='lat' dir='ltr'><strong>libro</strong></span> <span class='ocrx_word' id='word_1_127' title='bbox 625 1128 786 1198; x_wconf 81' lang='lat' dir='ltr'><strong>trigensimo</strong></span> <span class='ocrx_word' id='word_1_128' title='bbox 809 1127 889 1182; x_wconf 87' lang='lat' dir='ltr'><strong>tertio</strong></span> <span class='ocrx_word' id='word_1_129' title='bbox 912 1126 1030 1196; x_wconf 77' lang='lat' dir='ltr'><strong>queunt,</strong></span> <span class='ocrx_word' id='word_1_130' title='bbox 1055 1126 1078 1180; x_wconf 92' lang='lat' dir='ltr'><strong>si</strong></span> <span class='ocrx_word' id='word_1_131' title='bbox 1099 1125 1140 1180; x_wconf 87' lang='lat' dir='ltr'><strong>ita</strong></span> <span class='ocrx_word' id='word_1_132' title='bbox 1162 1126 1199 1180; x_wconf 88' lang='lat' dir='ltr'><strong>sit</strong></span> <span class='ocrx_word' id='word_1_133' title='bbox 1216 1125 1454 1195; x_wconf 86' lang='lat' dir='ltr'><strong>compromissum,</strong></span> <span class='ocrx_word' id='word_1_134' title='bbox 1478 1130 1509 1180; x_wconf 90' lang='lat' dir='ltr'><strong>ut</strong></span> <span class='ocrx_word' id='word_1_135' title='bbox 1526 1126 1599 1196; x_wconf 91' lang='lat' dir='ltr'><strong>quod</strong></span> <span class='ocrx_word' id='word_1_136' title='bbox 1617 1127 1689 1182; x_wconf 86' lang='lat' dir='ltr'><strong>&#39;litio</strong></span> <span class='ocrx_word' id='word_1_137' title='bbox 1710 1139 1737 1178; x_wconf 89' lang='lat' dir='ltr'><strong>ro</strong></span> 
     </span>
     <span class='ocr_line' id='line_1_12' title="bbox 260 1213 1689 1288; baseline -0.001 -15"><span class='ocrx_word' id='word_1_138' title='bbox 260 1218 437 1288; x_wconf 84' lang='lat' dir='ltr'><strong>disceptatori</strong></span> <span class='ocrx_word' id='word_1_139' title='bbox 454 1218 551 1288; x_wconf 86' lang='lat' dir='ltr'><strong>placet,</strong></span> <span class='ocrx_word' id='word_1_140' title='bbox 570 1217 599 1271; x_wconf 88' lang='lat' dir='ltr'><strong>id</strong></span> <span class='ocrx_word' id='word_1_141' title='bbox 611 1215 691 1271; x_wconf 85' lang='lat' dir='ltr'><strong>Seius</strong></span> <span class='ocrx_word' id='word_1_142' title='bbox 709 1216 872 1286; x_wconf 82' lang='lat' dir='ltr'><strong>pronuntiet,</strong></span> <span class='ocrx_word' id='word_1_143' title='bbox 891 1216 952 1285; x_wconf 87' lang='lat' dir='ltr'><strong>quis</strong></span> <span class='ocrx_word' id='word_1_144' title='bbox 970 1216 1007 1270; x_wconf 90' lang='lat' dir='ltr'><strong>sit</strong></span> <span class='ocrx_word' id='word_1_145' title='bbox 1024 1214 1183 1283; x_wconf 84' lang='lat' dir='ltr'><strong>cogendus?</strong></span> <span class='ocrx_word' id='word_1_146' title='bbox 1208 1218 1237 1268; x_wconf 91' lang='lat' dir='ltr'><strong>et</strong></span> <span class='ocrx_word' id='word_1_147' title='bbox 1254 1219 1321 1284; x_wconf 92' lang='lat' dir='ltr'><strong>puto</strong></span> <span class='ocrx_word' id='word_1_148' title='bbox 1338 1214 1393 1268; x_wconf 86' lang='lat' dir='ltr'><strong>tale</strong></span> <span class='ocrx_word' id='word_1_149' title='bbox 1412 1213 1552 1270; x_wconf 81' lang='lat' dir='ltr'><strong>arbitrium</strong></span> <span class='ocrx_word' id='word_1_150' title='bbox 1571 1232 1625 1272; x_wconf 93' lang='lat' dir='ltr'><strong>non</strong></span> <span class='ocrx_word' id='word_1_151' title='bbox 1643 1233 1689 1272; x_wconf 86' lang='lat' dir='ltr'><strong>ua·</strong></span> 
     </span>
    </p>

    <p class='ocr_par' dir='ltr' id='par_1_5' title="bbox 226 1300 1692 1464">
     <span class='ocr_line' id='line_1_13' title="bbox 226 1300 1690 1376; baseline -0.002 -13"><span class='ocrx_word' id='word_1_152' title='bbox 226 1308 329 1376; x_wconf 74' lang='lat' dir='ltr'><strong>llere,</strong></span> <span class='ocrx_word' id='word_1_153' title='bbox 348 1308 376 1362; x_wconf 91' lang='lat' dir='ltr'><strong>in</strong></span> <span class='ocrx_word' id='word_1_154' title='bbox 394 1322 448 1376; x_wconf 85' lang='lat' dir='ltr'><strong>quo</strong></span> <span class='ocrx_word' id='word_1_155' title='bbox 465 1304 552 1361; x_wconf 87' lang='lat' dir='ltr'><strong>libera</strong></span> <span class='ocrx_word' id='word_1_156' title='bbox 569 1304 685 1360; x_wconf 76' lang='lat' dir='ltr'><strong>facultas</strong></span> <span class='ocrx_word' id='word_1_157' title='bbox 703 1304 796 1359; x_wconf 82' lang='lat' dir='ltr'><strong>arbitri</strong></span> <span class='ocrx_word' id='word_1_158' title='bbox 814 1305 966 1359; x_wconf 84' lang='lat' dir='ltr'><strong>sententiae</strong></span> <span class='ocrx_word' id='word_1_159' title='bbox 984 1319 1038 1359; x_wconf 95' lang='lat' dir='ltr'><strong>non</strong></span> <span class='ocrx_word' id='word_1_160' title='bbox 1057 1307 1100 1358; x_wconf 88' lang='lat' dir='ltr'><strong>est</strong></span> <span class='ocrx_word' id='word_1_161' title='bbox 1117 1301 1215 1358; x_wconf 81' lang='lat' dir='ltr'><strong>frrurra.</strong></span> <span class='ocrx_word' id='word_1_162' title='bbox 1243 1300 1298 1357; x_wconf 85' lang='lat' dir='ltr'><strong>Sed</strong></span> <span class='ocrx_word' id='word_1_163' title='bbox 1316 1303 1340 1357; x_wconf 89' lang='lat' dir='ltr'><strong>ai</strong></span> <span class='ocrx_word' id='word_1_164' title='bbox 1357 1303 1397 1357; x_wconf 82' lang='lat' dir='ltr'><strong>ita</strong></span> <span class='ocrx_word' id='word_1_165' title='bbox 1414 1303 1450 1358; x_wconf 90' lang='lat' dir='ltr'><strong>sit</strong></span> <span class='ocrx_word' id='word_1_166' title='bbox 1466 1306 1690 1374; x_wconf 86' lang='lat' dir='ltr'><strong>compromissum</strong></span> 
     </span>
     <span class='ocr_line' id='line_1_14' title="bbox 260 1391 1692 1464; baseline -0.001 -13"><span class='ocrx_word' id='word_1_167' title='bbox 260 1396 393 1452; x_wconf 87' lang='lat' dir='ltr'><strong>arbitratu</strong></span> <span class='ocrx_word' id='word_1_168' title='bbox 410 1395 476 1450; x_wconf 83' lang='lat' dir='ltr'><strong>Titii</strong></span> <span class='ocrx_word' id='word_1_169' title='bbox 494 1399 543 1449; x_wconf 89' lang='lat' dir='ltr'><strong>aut</strong></span> <span class='ocrx_word' id='word_1_170' title='bbox 559 1393 615 1450; x_wconf 85' lang='lat' dir='ltr'><strong>Seii</strong></span> <span class='ocrx_word' id='word_1_171' title='bbox 633 1392 699 1463; x_wconf 89' lang='lat' dir='ltr'><strong>fieri,</strong></span> <span class='ocrx_word' id='word_1_172' title='bbox 718 1394 883 1464; x_wconf 90' lang='lat' dir='ltr'><strong>Pomponius</strong></span> <span class='ocrx_word' id='word_1_173' title='bbox 901 1391 996 1447; x_wconf 86' lang='lat' dir='ltr'><strong>eonbit</strong></span> <span class='ocrx_word' id='word_1_174' title='bbox 1013 1397 1042 1446; x_wconf 91' lang='lat' dir='ltr'><strong>et</strong></span> <span class='ocrx_word' id='word_1_175' title='bbox 1061 1407 1111 1447; x_wconf 90' lang='lat' dir='ltr'><strong>nos</strong></span> <span class='ocrx_word' id='word_1_176' title='bbox 1128 1396 1258 1461; x_wconf 85' lang='lat' dir='ltr'><strong>putamus</strong></span> <span class='ocrx_word' id='word_1_177' title='bbox 1275 1393 1499 1461; x_wconf 85' lang='lat' dir='ltr'><strong>compromissum</strong></span> <span class='ocrx_word' id='word_1_178' title='bbox 1518 1394 1623 1449; x_wconf 90' lang='lat' dir='ltr'><strong>ualere:</strong></span> <span class='ocrx_word' id='word_1_179' title='bbox 1642 1395 1692 1450; x_wconf 83' lang='lat' dir='ltr'><strong>sed</strong></span> 
     </span>
    </p>

    <p class='ocr_par' dir='ltr' id='par_1_6' title="bbox 227 1478 1738 1732">
     <span class='ocr_line' id='line_1_15' title="bbox 227 1478 1692 1554; baseline -0.001 -14"><span class='ocrx_word' id='word_1_180' title='bbox 227 1493 242 1540; x_wconf 78' lang='lat' dir='ltr'><strong>t</strong></span> <span class='ocrx_word' id='word_1_181' title='bbox 260 1486 284 1540; x_wconf 90' lang='lat' dir='ltr'><strong>is</strong></span> <span class='ocrx_word' id='word_1_182' title='bbox 304 1485 356 1540; x_wconf 88' lang='lat' dir='ltr'><strong>erit</strong></span> <span class='ocrx_word' id='word_1_183' title='bbox 374 1483 513 1554; x_wconf 79' lang='lat' dir='ltr'><strong>cogendus</strong></span> <span class='ocrx_word' id='word_1_184' title='bbox 532 1484 694 1538; x_wconf 83' lang='lat' dir='ltr'><strong>sententiam</strong></span> <span class='ocrx_word' id='word_1_185' title='bbox 712 1483 812 1552; x_wconf 87' lang='lat' dir='ltr'><strong>dicere,</strong></span> <span class='ocrx_word' id='word_1_186' title='bbox 830 1484 957 1552; x_wconf 84' lang='lat' dir='ltr'><strong>inquom</strong></span> <span class='ocrx_word' id='word_1_187' title='bbox 975 1481 1125 1550; x_wconf 77' lang='lat' dir='ltr'><strong>litigatores</strong></span> <span class='ocrx_word' id='word_1_188' title='bbox 1143 1480 1338 1536; x_wconf 88' lang='lat' dir='ltr'><strong>consenserint.</strong></span> <span class='ocrx_word' id='word_1_189' title='bbox 1374 1478 1403 1536; x_wconf 85' lang='lat' dir='ltr'><strong>Si</strong></span> <span class='ocrx_word' id='word_1_190' title='bbox 1421 1481 1449 1536; x_wconf 92' lang='lat' dir='ltr'><strong>in</strong></span> <span class='ocrx_word' id='word_1_191' title='bbox 1466 1481 1536 1537; x_wconf 86' lang='lat' dir='ltr'><strong>duos</strong></span> <span class='ocrx_word' id='word_1_192' title='bbox 1553 1481 1636 1538; x_wconf 83' lang='lat' dir='ltr'><strong>fuerit</strong></span> <span class='ocrx_word' id='word_1_193' title='bbox 1652 1484 1692 1538; x_wconf 88' lang='lat' dir='ltr'><strong>sie</strong></span> 
     </span>
     <span class='ocr_line' id='line_1_16' title="bbox 261 1569 1738 1644; baseline -0.005 -15"><span class='ocrx_word' id='word_1_194' title='bbox 261 1573 498 1644; x_wconf 88' lang='lat' dir='ltr'><strong>compromissum,</strong></span> <span class='ocrx_word' id='word_1_195' title='bbox 518 1577 549 1627; x_wconf 91' lang='lat' dir='ltr'><strong>ut</strong></span> <span class='ocrx_word' id='word_1_196' title='bbox 566 1573 589 1627; x_wconf 89' lang='lat' dir='ltr'><strong>sl</strong></span> <span class='ocrx_word' id='word_1_197' title='bbox 608 1571 796 1641; x_wconf 69' lang='lat' dir='ltr'><strong>dissentient,</strong></span> <span class='ocrx_word' id='word_1_198' title='bbox 814 1571 925 1627; x_wconf 90' lang='lat' dir='ltr'><strong>tertium</strong></span> <span class='ocrx_word' id='word_1_199' title='bbox 943 1570 1096 1638; x_wconf 82' lang='lat' dir='ltr'><strong>adsumant,</strong></span> <span class='ocrx_word' id='word_1_200' title='bbox 1114 1574 1181 1639; x_wconf 89' lang='lat' dir='ltr'><strong>puto</strong></span> <span class='ocrx_word' id='word_1_201' title='bbox 1199 1569 1253 1624; x_wconf 84' lang='lat' dir='ltr'><strong>tale</strong></span> <span class='ocrx_word' id='word_1_202' title='bbox 1272 1570 1494 1640; x_wconf 87' lang='lat' dir='ltr'><strong>compromissum</strong></span> <span class='ocrx_word' id='word_1_203' title='bbox 1513 1587 1567 1626; x_wconf 93' lang='lat' dir='ltr'><strong>non</strong></span> <span class='ocrx_word' id='word_1_204' title='bbox 1585 1574 1691 1628; x_wconf 66' lang='lat' dir='ltr'><strong>ussere:</strong></span> <span class='ocrx_word' id='word_1_205' title='bbox 1712 1584 1738 1623; x_wconf 82' lang='lat' dir='ltr'><strong>rs</strong></span> 
     </span>
     <span class='ocr_line' id='line_1_17' title="bbox 261 1658 1691 1732; baseline 0 -15"><span class='ocrx_word' id='word_1_206' title='bbox 261 1679 324 1718; x_wconf 88' lang='lat' dir='ltr'><strong>nam</strong></span> <span class='ocrx_word' id='word_1_207' title='bbox 342 1663 370 1717; x_wconf 90' lang='lat' dir='ltr'><strong>in</strong></span> <span class='ocrx_word' id='word_1_208' title='bbox 388 1661 558 1717; x_wconf 89' lang='lat' dir='ltr'><strong>adsumendo</strong></span> <span class='ocrx_word' id='word_1_209' title='bbox 574 1666 692 1732; x_wconf 85' lang='lat' dir='ltr'><strong>possunt</strong></span> <span class='ocrx_word' id='word_1_210' title='bbox 709 1661 863 1716; x_wconf 79' lang='lat' dir='ltr'><strong>dissentire</strong></span> <span class='ocrx_word' id='word_1_211' title='bbox 890 1659 939 1714; x_wconf 89' lang='lat' dir='ltr'><strong>sed</strong></span> <span class='ocrx_word' id='word_1_212' title='bbox 958 1659 981 1714; x_wconf 91' lang='lat' dir='ltr'><strong>si</strong></span> <span class='ocrx_word' id='word_1_213' title='bbox 993 1658 1032 1713; x_wconf 87' lang='lat' dir='ltr'><strong>ita</strong></span> <span class='ocrx_word' id='word_1_214' title='bbox 1044 1659 1087 1727; x_wconf 87' lang='lat' dir='ltr'><strong>sit,</strong></span> <span class='ocrx_word' id='word_1_215' title='bbox 1106 1659 1188 1712; x_wconf 89' lang='lat' dir='ltr'><strong>uteie</strong></span> <span class='ocrx_word' id='word_1_216' title='bbox 1200 1658 1297 1714; x_wconf 86' lang='lat' dir='ltr'><strong>tertius</strong></span> <span class='ocrx_word' id='word_1_217' title='bbox 1309 1659 1497 1715; x_wconf 53' lang='lat' dir='ltr'><strong>&amp;sumeretur</strong></span> <span class='ocrx_word' id='word_1_218' title='bbox 1508 1659 1691 1732; x_wconf 80' lang='lat' dir='ltr'><strong>Sempronius,</strong></span> 
     </span>
    </p>

    <p class='ocr_par' dir='ltr' id='par_1_7' title="bbox 227 1747 1740 2088">
     <span class='ocr_line' id='line_1_18' title="bbox 227 1747 1693 1821; baseline -0.001 -13"><span class='ocrx_word' id='word_1_219' title='bbox 227 1762 242 1808; x_wconf 83' lang='lat' dir='ltr'><strong>o</strong></span> <span class='ocrx_word' id='word_1_220' title='bbox 261 1750 595 1820; x_wconf 84' lang='lat' dir='ltr'><strong>ualetcompromlssum‚</strong></span> <span class='ocrx_word' id='word_1_221' title='bbox 618 1751 746 1821; x_wconf 88' lang='lat' dir='ltr'><strong>qnoniam</strong></span> <span class='ocrx_word' id='word_1_222' title='bbox 770 1750 798 1805; x_wconf 93' lang='lat' dir='ltr'><strong>in</strong></span> <span class='ocrx_word' id='word_1_223' title='bbox 816 1748 985 1804; x_wconf 85' lang='lat' dir='ltr'><strong>adsumendo</strong></span> <span class='ocrx_word' id='word_1_224' title='bbox 1004 1747 1221 1802; x_wconf 75' lang='lat' dir='ltr'><strong>ffinnnumnon</strong></span> <span class='ocrx_word' id='word_1_225' title='bbox 1238 1753 1361 1818; x_wconf 88' lang='lat' dir='ltr'><strong>possunt</strong></span> <span class='ocrx_word' id='word_1_226' title='bbox 1396 1749 1584 1819; x_wconf 86' lang='lat' dir='ltr'><strong>Principaliter</strong></span> <span class='ocrx_word' id='word_1_227' title='bbox 1601 1756 1693 1806; x_wconf 89' lang='lat' dir='ltr'><strong>tamen</strong></span> 
     </span>
     <span class='ocr_line' id='line_1_19' title="bbox 261 1837 1693 1910; baseline 0.001 -16"><span class='ocrx_word' id='word_1_228' title='bbox 261 1854 432 1910; x_wconf 75' lang='lat' dir='ltr'><strong>quaeramus,</strong></span> <span class='ocrx_word' id='word_1_229' title='bbox 452 1839 475 1894; x_wconf 90' lang='lat' dir='ltr'><strong>si</strong></span> <span class='ocrx_word' id='word_1_230' title='bbox 493 1840 521 1894; x_wconf 90' lang='lat' dir='ltr'><strong>in</strong></span> <span class='ocrx_word' id='word_1_231' title='bbox 539 1839 609 1894; x_wconf 91' lang='lat' dir='ltr'><strong>duos</strong></span> <span class='ocrx_word' id='word_1_232' title='bbox 627 1839 743 1895; x_wconf 84' lang='lat' dir='ltr'><strong>arbitros</strong></span> <span class='ocrx_word' id='word_1_233' title='bbox 761 1839 799 1893; x_wconf 89' lang='lat' dir='ltr'><strong>sit</strong></span> <span class='ocrx_word' id='word_1_234' title='bbox 816 1838 1050 1908; x_wconf 88' lang='lat' dir='ltr'><strong>compromissum,</strong></span> <span class='ocrx_word' id='word_1_235' title='bbox 1069 1852 1105 1891; x_wconf 91' lang='lat' dir='ltr'><strong>an</strong></span> <span class='ocrx_word' id='word_1_236' title='bbox 1123 1851 1221 1906; x_wconf 84' lang='lat' dir='ltr'><strong>cogere</strong></span> <span class='ocrx_word' id='word_1_237' title='bbox 1235 1851 1284 1892; x_wconf 89' lang='lat' dir='ltr'><strong>eos</strong></span> <span class='ocrx_word' id='word_1_238' title='bbox 1296 1841 1406 1907; x_wconf 85' lang='lat' dir='ltr'><strong>praetor</strong></span> <span class='ocrx_word' id='word_1_239' title='bbox 1417 1837 1518 1893; x_wconf 88' lang='lat' dir='ltr'><strong>debeat</strong></span> <span class='ocrx_word' id='word_1_240' title='bbox 1529 1841 1693 1895; x_wconf 87' lang='lat' dir='ltr'><strong>sententiam</strong></span> 
     </span>
     <span class='ocr_line' id='line_1_20' title="bbox 260 1925 1693 1998; baseline 0.001 -14"><span class='ocrx_word' id='word_1_241' title='bbox 260 1929 365 1998; x_wconf 84' lang='lat' dir='ltr'><strong>dicere,</strong></span> <span class='ocrx_word' id='word_1_242' title='bbox 389 1929 453 1998; x_wconf 89' lang='lat' dir='ltr'><strong>quia</strong></span> <span class='ocrx_word' id='word_1_243' title='bbox 475 1943 519 1984; x_wconf 89' lang='lat' dir='ltr'><strong>res</strong></span> <span class='ocrx_word' id='word_1_244' title='bbox 542 1927 599 1983; x_wconf 82' lang='lat' dir='ltr'><strong>fere</strong></span> <span class='ocrx_word' id='word_1_245' title='bbox 624 1929 683 1983; x_wconf 87' lang='lat' dir='ltr'><strong>sine</strong></span> <span class='ocrx_word' id='word_1_246' title='bbox 707 1929 782 1983; x_wconf 84' lang='lat' dir='ltr'><strong>exitu</strong></span> <span class='ocrx_word' id='word_1_247' title='bbox 800 1925 893 1982; x_wconf 79' lang='lat' dir='ltr'><strong>futura</strong></span> <span class='ocrx_word' id='word_1_248' title='bbox 910 1931 953 1980; x_wconf 87' lang='lat' dir='ltr'><strong>eat</strong></span> <span class='ocrx_word' id='word_1_249' title='bbox 970 1930 1081 1995; x_wconf 86' lang='lat' dir='ltr'><strong>propter</strong></span> <span class='ocrx_word' id='word_1_250' title='bbox 1098 1927 1248 1981; x_wconf 72' lang='lat' dir='ltr'><strong>namralem</strong></span> <span class='ocrx_word' id='word_1_251' title='bbox 1266 1925 1406 1981; x_wconf 90' lang='lat' dir='ltr'><strong>hominum</strong></span> <span class='ocrx_word' id='word_1_252' title='bbox 1424 1926 1460 1982; x_wconf 84' lang='lat' dir='ltr'><strong>ad</strong></span> <span class='ocrx_word' id='word_1_253' title='bbox 1478 1927 1693 1985; x_wconf 74' lang='lat' dir='ltr'><strong>daanuendnm</strong></span> 
     </span>
     <span class='ocr_line' id='line_1_21' title="bbox 260 2015 1740 2088; baseline -0.002 -15"><span class='ocrx_word' id='word_1_254' title='bbox 260 2017 426 2073; x_wconf 80' lang='lat' dir='ltr'><strong>facilitatem.</strong></span> <span class='ocrx_word' id='word_1_255' title='bbox 464 2018 491 2073; x_wconf 88' lang='lat' dir='ltr'><strong>in</strong></span> <span class='ocrx_word' id='word_1_256' title='bbox 515 2018 610 2088; x_wconf 81' lang='lat' dir='ltr'><strong>impari</strong></span> <span class='ocrx_word' id='word_1_257' title='bbox 633 2017 705 2072; x_wconf 91' lang='lat' dir='ltr'><strong>enirn</strong></span> <span class='ocrx_word' id='word_1_258' title='bbox 730 2031 842 2071; x_wconf 89' lang='lat' dir='ltr'><strong>numero</strong></span> <span class='ocrx_word' id='word_1_259' title='bbox 860 2015 962 2070; x_wconf 89' lang='lat' dir='ltr'><strong>idcirco</strong></span> <span class='ocrx_word' id='word_1_260' title='bbox 980 2015 1204 2084; x_wconf 85' lang='lat' dir='ltr'><strong>compromissum</strong></span> <span class='ocrx_word' id='word_1_261' title='bbox 1223 2015 1387 2084; x_wconf 85' lang='lat' dir='ltr'><strong>admittitur,</strong></span> <span class='ocrx_word' id='word_1_262' title='bbox 1411 2031 1466 2071; x_wconf 91' lang='lat' dir='ltr'><strong>non</strong></span> <span class='ocrx_word' id='word_1_263' title='bbox 1484 2018 1611 2086; x_wconf 88' lang='lat' dir='ltr'><strong>quoniam</strong></span> <span class='ocrx_word' id='word_1_264' title='bbox 1630 2034 1693 2074; x_wconf 92' lang='lat' dir='ltr'><strong>con·</strong></span> <span class='ocrx_word' id='word_1_265' title='bbox 1712 2032 1740 2072; x_wconf 83' lang='lat' dir='ltr'><strong>ao</strong></span> 
     </span>
    </p>
   </div>
   <div class='ocr_carea' id='block_1_3' title="bbox 206 2184 1774 3689">
    <p class='ocr_par' dir='ltr' id='par_1_8' title="bbox 260 2184 1695 2264">
     <span class='ocr_line' id='line_1_22' title="bbox 260 2184 1695 2264; baseline 0.001 -14"><span class='ocrx_word' id='word_1_266' title='bbox 260 2193 341 2251; x_wconf 89' lang='lat' dir='ltr'><strong>bitur.</strong></span> <span class='ocrx_word' id='word_1_267' title='bbox 369 2195 419 2250; x_wconf 90' lang='lat' dir='ltr'><strong>sed</strong></span> <span class='ocrx_word' id='word_1_268' title='bbox 437 2196 567 2250; x_wconf 85' lang='lat' dir='ltr'><strong>usitatum</strong></span> <span class='ocrx_word' id='word_1_269' title='bbox 586 2200 630 2250; x_wconf 89' lang='lat' dir='ltr'><strong>est</strong></span> <span class='ocrx_word' id='word_1_270' title='bbox 646 2195 729 2250; x_wconf 88' lang='lat' dir='ltr'><strong>etiam</strong></span> <span class='ocrx_word' id='word_1_271' title='bbox 747 2195 775 2249; x_wconf 93' lang='lat' dir='ltr'><strong>in</strong></span> <span class='ocrx_word' id='word_1_272' title='bbox 794 2184 863 2249; x_wconf 84' lang='lat' dir='ltr'><strong>duos</strong></span> <span class='ocrx_word' id='word_1_273' title='bbox 881 2193 1071 2263; x_wconf 88' lang='lat' dir='ltr'><strong>compromitti,</strong></span> <span class='ocrx_word' id='word_1_274' title='bbox 1090 2198 1119 2247; x_wconf 90' lang='lat' dir='ltr'><strong>et</strong></span> <span class='ocrx_word' id='word_1_275' title='bbox 1136 2191 1339 2262; x_wconf 89' lang='lat' dir='ltr'><strong>debetpraetor</strong></span> <span class='ocrx_word' id='word_1_276' title='bbox 1350 2209 1448 2263; x_wconf 82' lang='lat' dir='ltr'><strong>cogere</strong></span> <span class='ocrx_word' id='word_1_277' title='bbox 1460 2193 1585 2264; x_wconf 86' lang='lat' dir='ltr'><strong>arbitros,</strong></span> <span class='ocrx_word' id='word_1_278' title='bbox 1604 2197 1695 2252; x_wconf 87' lang='lat' dir='ltr'><strong>sinon</strong></span> 
     </span>
    </p>

    <p class='ocr_par' dir='ltr' id='par_1_9' title="bbox 229 2272 1742 2697">
     <span class='ocr_line' id='line_1_23' title="bbox 229 2272 1694 2353; baseline -0.001 -12"><span class='ocrx_word' id='word_1_279' title='bbox 229 2299 243 2345; x_wconf 79' lang='grc' dir='ltr'>ι</span> <span class='ocrx_word' id='word_1_280' title='bbox 261 2285 445 2353; x_wconf 75' lang='grc' dir='ltr'>οοιοοο1ἰιιο1,</span> <span class='ocrx_word' id='word_1_281' title='bbox 464 2284 572 2339; x_wconf 86' lang='lat' dir='ltr'><strong>tertiam</strong></span> <span class='ocrx_word' id='word_1_282' title='bbox 591 2289 692 2338; x_wconf 87' lang='lat' dir='ltr'><strong>certam</strong></span> <span class='ocrx_word' id='word_1_283' title='bbox 712 2284 812 2353; x_wconf 82' lang='lat' dir='ltr'><strong>eligere</strong></span> <span class='ocrx_word' id='word_1_284' title='bbox 831 2296 988 2353; x_wconf 87' lang='lat' dir='ltr'><strong>personam,</strong></span> <span class='ocrx_word' id='word_1_285' title='bbox 1007 2282 1085 2336; x_wconf 89' lang='lat' dir='ltr'><strong>ouius</strong></span> <span class='ocrx_word' id='word_1_286' title='bbox 1103 2282 1258 2337; x_wconf 64' lang='lat' dir='ltr'><strong>audontuti</strong></span> <span class='ocrx_word' id='word_1_287' title='bbox 1276 2272 1413 2352; x_wconf 84' lang='lat' dir='ltr'><strong>pareatur.</strong></span> <span class='ocrx_word' id='word_1_288' title='bbox 1451 2282 1547 2338; x_wconf 83' lang='lat' dir='ltr'><strong>Celsus</strong></span> <span class='ocrx_word' id='word_1_289' title='bbox 1565 2283 1634 2339; x_wconf 89' lang='lat' dir='ltr'><strong>libro</strong></span> <span class='ocrx_word' id='word_1_290' title='bbox 1652 2300 1694 2340; x_wconf 91' lang='lat' dir='ltr'><strong>se·</strong></span> 
     </span>
     <span class='ocr_line' id='line_1_24' title="bbox 261 2369 1696 2444; baseline 0.001 -16"><span class='ocrx_word' id='word_1_291' title='bbox 261 2373 351 2429; x_wconf 90' lang='lat' dir='ltr'><strong>cundo</strong></span> <span class='ocrx_word' id='word_1_292' title='bbox 375 2373 543 2443; x_wconf 75' lang='lat' dir='ltr'><strong>digestorum</strong></span> <span class='ocrx_word' id='word_1_293' title='bbox 568 2373 674 2444; x_wconf 85' lang='lat' dir='ltr'><strong>scribit,</strong></span> <span class='ocrx_word' id='word_1_294' title='bbox 700 2374 723 2428; x_wconf 90' lang='lat' dir='ltr'><strong>sl</strong></span> <span class='ocrx_word' id='word_1_295' title='bbox 746 2373 774 2429; x_wconf 91' lang='lat' dir='ltr'><strong>iu</strong></span> <span class='ocrx_word' id='word_1_296' title='bbox 792 2378 848 2427; x_wconf 88' lang='lat' dir='ltr'><strong>tres</strong></span> <span class='ocrx_word' id='word_1_297' title='bbox 866 2370 948 2427; x_wconf 85' lang='lat' dir='ltr'><strong>fuerit</strong></span> <span class='ocrx_word' id='word_1_298' title='bbox 966 2371 1203 2441; x_wconf 88' lang='lat' dir='ltr'><strong>compromissum,</strong></span> <span class='ocrx_word' id='word_1_299' title='bbox 1226 2369 1351 2426; x_wconf 86' lang='lat' dir='ltr'><strong>sufficere</strong></span> <span class='ocrx_word' id='word_1_300' title='bbox 1369 2372 1479 2442; x_wconf 88' lang='lat' dir='ltr'><strong>quidem</strong></span> <span class='ocrx_word' id='word_1_301' title='bbox 1497 2372 1612 2428; x_wconf 90' lang='lat' dir='ltr'><strong>duorum</strong></span> <span class='ocrx_word' id='word_1_302' title='bbox 1630 2389 1696 2430; x_wconf 84' lang='lat' dir='ltr'><strong>eon·</strong></span> 
     </span>
     <span class='ocr_line' id='line_1_25' title="bbox 261 2459 1742 2534; baseline -0.001 -17"><span class='ocrx_word' id='word_1_303' title='bbox 261 2477 385 2531; x_wconf 92' lang='lat' dir='ltr'><strong>sensum,</strong></span> <span class='ocrx_word' id='word_1_304' title='bbox 409 2463 459 2517; x_wconf 81' lang='lat' dir='ltr'><strong>sed</strong></span> <span class='ocrx_word' id='word_1_305' title='bbox 475 2471 499 2518; x_wconf 82' lang='lat' dir='ltr'><strong>n·</strong></span> <span class='ocrx_word' id='word_1_306' title='bbox 516 2477 646 2534; x_wconf 87' lang='lat' dir='ltr'><strong>praesens</strong></span> <span class='ocrx_word' id='word_1_307' title='bbox 664 2461 747 2517; x_wconf 76' lang='lat' dir='ltr'><strong>inerit</strong></span> <span class='ocrx_word' id='word_1_308' title='bbox 765 2467 794 2517; x_wconf 90' lang='lat' dir='ltr'><strong>et</strong></span> <span class='ocrx_word' id='word_1_309' title='bbox 811 2461 921 2517; x_wconf 86' lang='lat' dir='ltr'><strong>tertius:</strong></span> <span class='ocrx_word' id='word_1_310' title='bbox 945 2461 1066 2530; x_wconf 89' lang='lat' dir='ltr'><strong>alioquin</strong></span> <span class='ocrx_word' id='word_1_311' title='bbox 1082 2459 1198 2515; x_wconf 89' lang='lat' dir='ltr'><strong>absente</strong></span> <span class='ocrx_word' id='word_1_312' title='bbox 1216 2475 1249 2515; x_wconf 92' lang='lat' dir='ltr'><strong>eo</strong></span> <span class='ocrx_word' id='word_1_313' title='bbox 1266 2460 1331 2515; x_wconf 91' lang='lat' dir='ltr'><strong>licet</strong></span> <span class='ocrx_word' id='word_1_314' title='bbox 1347 2460 1402 2516; x_wconf 91' lang='lat' dir='ltr'><strong>dno</strong></span> <span class='ocrx_word' id='word_1_315' title='bbox 1420 2463 1605 2531; x_wconf 86' lang='lat' dir='ltr'><strong>consentiant,</strong></span> <span class='ocrx_word' id='word_1_316' title='bbox 1624 2463 1694 2519; x_wconf 86' lang='lat' dir='ltr'><strong>arbi·</strong></span> <span class='ocrx_word' id='word_1_317' title='bbox 1713 2476 1742 2517; x_wconf 87' lang='lat' dir='ltr'><strong>ss</strong></span> 
     </span>
     <span class='ocr_line' id='line_1_26' title="bbox 260 2548 1695 2622; baseline 0.001 -16"><span class='ocrx_word' id='word_1_318' title='bbox 260 2552 341 2606; x_wconf 89' lang='lat' dir='ltr'><strong>trium</strong></span> <span class='ocrx_word' id='word_1_319' title='bbox 366 2565 421 2607; x_wconf 92' lang='lat' dir='ltr'><strong>nou</strong></span> <span class='ocrx_word' id='word_1_320' title='bbox 438 2551 543 2620; x_wconf 86' lang='lat' dir='ltr'><strong>ualere,</strong></span> <span class='ocrx_word' id='word_1_321' title='bbox 567 2551 632 2621; x_wconf 88' lang='lat' dir='ltr'><strong>quia</strong></span> <span class='ocrx_word' id='word_1_322' title='bbox 648 2551 676 2605; x_wconf 91' lang='lat' dir='ltr'><strong>in</strong></span> <span class='ocrx_word' id='word_1_323' title='bbox 694 2550 786 2622; x_wconf 89' lang='lat' dir='ltr'><strong>pluras</strong></span> <span class='ocrx_word' id='word_1_324' title='bbox 805 2548 856 2605; x_wconf 83' lang='lat' dir='ltr'><strong>fuit</strong></span> <span class='ocrx_word' id='word_1_325' title='bbox 875 2551 1102 2620; x_wconf 82' lang='lat' dir='ltr'><strong>compromissum</strong></span> <span class='ocrx_word' id='word_1_326' title='bbox 1120 2556 1149 2604; x_wconf 93' lang='lat' dir='ltr'><strong>et</strong></span> <span class='ocrx_word' id='word_1_327' title='bbox 1165 2550 1255 2619; x_wconf 88' lang='lat' dir='ltr'><strong>potuit</strong></span> <span class='ocrx_word' id='word_1_328' title='bbox 1272 2550 1427 2620; x_wconf 87' lang='lat' dir='ltr'><strong>praesentia</strong></span> <span class='ocrx_word' id='word_1_329' title='bbox 1443 2551 1503 2605; x_wconf 88' lang='lat' dir='ltr'><strong>eine</strong></span> <span class='ocrx_word' id='word_1_330' title='bbox 1520 2549 1629 2606; x_wconf 70' lang='lat' dir='ltr'><strong>uehere</strong></span> <span class='ocrx_word' id='word_1_331' title='bbox 1647 2567 1695 2609; x_wconf 89' lang='lat' dir='ltr'><strong>eos</strong></span> 
     </span>
     <span class='ocr_line' id='line_1_27' title="bbox 260 2640 1134 2697; baseline 0 -2"><span class='ocrx_word' id='word_1_332' title='bbox 260 2640 288 2696; x_wconf 93' lang='lat' dir='ltr'><strong>ln</strong></span> <span class='ocrx_word' id='word_1_333' title='bbox 306 2640 364 2697; x_wconf 88' lang='lat' dir='ltr'><strong>eius</strong></span> <span class='ocrx_word' id='word_1_334' title='bbox 382 2640 558 2695; x_wconf 86' lang='lat' dir='ltr'><strong>sententiam:</strong></span> <span class='ocrx_word' id='word_1_335' title='bbox 1133 2692 1134 2695; x_wconf 74' lang='grc'>,</span> 
     </span>
    </p>

    <p class='ocr_par' dir='ltr' id='par_1_10' title="bbox 206 2724 1774 3068">
     <span class='ocr_line' id='line_1_28' title="bbox 206 2724 1751 2812; baseline 0.003 -27"><span class='ocrx_word' id='word_1_336' title='bbox 206 2734 243 2794; x_wconf 83' lang='grc'><strong>18</strong></span> <span class='ocrx_word' id='word_1_337' title='bbox 313 2729 486 2785; x_wconf 75' lang='lat' dir='ltr'><strong>Pounourns</strong></span> <span class='ocrx_word' id='word_1_338' title='bbox 502 2728 572 2784; x_wconf 90' lang='lat' dir='ltr'><strong>llbro</strong></span> <span class='ocrx_word' id='word_1_339' title='bbox 590 2728 706 2800; x_wconf 88' lang='lat' dir='ltr'><strong>septimo</strong></span> <span class='ocrx_word' id='word_1_340' title='bbox 725 2728 832 2783; x_wconf 87' lang='lat' dir='ltr'><strong>decimo</strong></span> <span class='ocrx_word' id='word_1_341' title='bbox 850 2729 1027 2799; x_wconf 87' lang='lat' dir='ltr'><strong>epistularum</strong></span> <span class='ocrx_word' id='word_1_342' title='bbox 1046 2732 1074 2782; x_wconf 91' lang='lat' dir='ltr'><strong>et</strong></span> <span class='ocrx_word' id='word_1_343' title='bbox 1091 2727 1228 2782; x_wconf 84' lang='lat' dir='ltr'><strong>uariarum</strong></span> <span class='ocrx_word' id='word_1_344' title='bbox 1240 2727 1394 2783; x_wconf 89' lang='lat' dir='ltr'><strong>lectionum.</strong></span> <span class='ocrx_word' id='word_1_345' title='bbox 1414 2724 1556 2812; x_wconf 64' lang='lat' dir='ltr'><strong>[Q.</strong></span> <span class='ocrx_word' id='word_1_346' title='bbox 1569 2739 1611 2801; x_wconf 76' lang='lat' dir='ltr'><strong>Ep.</strong></span> <span class='ocrx_word' id='word_1_347' title='bbox 1619 2742 1695 2798; x_wconf 64' lang='lat' dir='ltr'><strong>14,ss</strong></span> <span class='ocrx_word' id='word_1_348' title='bbox 1714 2739 1751 2795; x_wconf 73' lang='lat' dir='ltr'><strong>E*</strong></span> 
     </span>
     <span class='ocr_line' id='line_1_29' title="bbox 261 2816 1742 2888; baseline -0.001 -14"><span class='ocrx_word' id='word_1_349' title='bbox 261 2819 342 2874; x_wconf 87' lang='lat' dir='ltr'><strong>sicuti</strong></span> <span class='ocrx_word' id='word_1_350' title='bbox 359 2817 447 2874; x_wconf 90' lang='lat' dir='ltr'><strong>tribus</strong></span> <span class='ocrx_word' id='word_1_351' title='bbox 465 2817 601 2874; x_wconf 86' lang='lat' dir='ltr'><strong>indicibus</strong></span> <span class='ocrx_word' id='word_1_352' title='bbox 624 2818 696 2872; x_wconf 90' lang='lat' dir='ltr'><strong>datis</strong></span> <span class='ocrx_word' id='word_1_353' title='bbox 714 2818 788 2888; x_wconf 86' lang='lat' dir='ltr'><strong>quod</strong></span> <span class='ocrx_word' id='word_1_354' title='bbox 806 2817 862 2874; x_wconf 88' lang='lat' dir='ltr'><strong>duo</strong></span> <span class='ocrx_word' id='word_1_355' title='bbox 880 2833 915 2872; x_wconf 86' lang='lat' dir='ltr'><strong>ex</strong></span> <span class='ocrx_word' id='word_1_356' title='bbox 933 2833 1069 2873; x_wconf 88' lang='lat' dir='ltr'><strong>consensu</strong></span> <span class='ocrx_word' id='word_1_357' title='bbox 1087 2816 1202 2871; x_wconf 89' lang='lat' dir='ltr'><strong>absente</strong></span> <span class='ocrx_word' id='word_1_358' title='bbox 1219 2817 1299 2872; x_wconf 74' lang='lat' dir='ltr'><strong>terno</strong></span> <span class='ocrx_word' id='word_1_359' title='bbox 1317 2817 1514 2887; x_wconf 87' lang='lat' dir='ltr'><strong>indicauerunt,</strong></span> <span class='ocrx_word' id='word_1_360' title='bbox 1532 2817 1599 2873; x_wconf 90' lang='lat' dir='ltr'><strong>nihil</strong></span> <span class='ocrx_word' id='word_1_361' title='bbox 1612 2820 1695 2888; x_wconf 77' lang='lat' dir='ltr'><strong>nolet,</strong></span> <span class='ocrx_word' id='word_1_362' title='bbox 1715 2833 1742 2874; x_wconf 88' lang='lat' dir='ltr'><strong>ae</strong></span> 
     </span>
     <span class='ocr_line' id='line_1_30' title="bbox 262 2906 1774 2978; baseline 0.003 -15"><span class='ocrx_word' id='word_1_363' title='bbox 262 2908 326 2978; x_wconf 90' lang='lat' dir='ltr'><strong>quia</strong></span> <span class='ocrx_word' id='word_1_364' title='bbox 345 2908 373 2962; x_wconf 89' lang='lat' dir='ltr'><strong>id</strong></span> <span class='ocrx_word' id='word_1_365' title='bbox 391 2907 514 2977; x_wconf 89' lang='lat' dir='ltr'><strong>demum,</strong></span> <span class='ocrx_word' id='word_1_366' title='bbox 533 2907 607 2978; x_wconf 86' lang='lat' dir='ltr'><strong>qnod</strong></span> <span class='ocrx_word' id='word_1_367' title='bbox 627 2906 637 2977; x_wconf 74' lang='lat' dir='ltr'><strong>l</strong></span> <span class='ocrx_word' id='word_1_368' title='bbox 657 2907 743 2962; x_wconf 90' lang='lat' dir='ltr'><strong>maior</strong></span> <span class='ocrx_word' id='word_1_369' title='bbox 760 2923 824 2977; x_wconf 87' lang='lat' dir='ltr'><strong>pura</strong></span> <span class='ocrx_word' id='word_1_370' title='bbox 842 2907 962 2964; x_wconf 89' lang='lat' dir='ltr'><strong>omnium</strong></span> <span class='ocrx_word' id='word_1_371' title='bbox 981 2906 1125 2976; x_wconf 85' lang='lat' dir='ltr'><strong>iudicauit,</strong></span> <span class='ocrx_word' id='word_1_372' title='bbox 1143 2911 1232 2961; x_wconf 82' lang='lat' dir='ltr'><strong>return</strong></span> <span class='ocrx_word' id='word_1_373' title='bbox 1251 2911 1300 2975; x_wconf 86' lang='lat' dir='ltr'><strong>est,</strong></span> <span class='ocrx_word' id='word_1_374' title='bbox 1320 2921 1381 2961; x_wconf 89' lang='lat' dir='ltr'><strong>cnm</strong></span> <span class='ocrx_word' id='word_1_375' title='bbox 1400 2912 1429 2961; x_wconf 91' lang='lat' dir='ltr'><strong>et</strong></span> <span class='ocrx_word' id='word_1_376' title='bbox 1446 2921 1541 2962; x_wconf 87' lang='lat' dir='ltr'><strong>omnes</strong></span> <span class='ocrx_word' id='word_1_377' title='bbox 1558 2907 1696 2964; x_wconf 84' lang='lat' dir='ltr'><strong>iudicasse</strong></span> <span class='ocrx_word' id='word_1_378' title='bbox 1713 2919 1729 2965; x_wconf 84' lang='grc'><strong>1.</strong></span> <span class='ocrx_word' id='word_1_379' title='bbox 1740 2913 1774 2967; x_wconf 73' lang='lat'><strong>90¹</strong></span> 
     </span>
     <span class='ocr_line' id='line_1_31' title="bbox 261 2998 421 3068; baseline -0.013 -16"><span class='ocrx_word' id='word_1_380' title='bbox 261 2998 350 3068; x_wconf 86' lang='lat' dir='ltr'><strong>palarn</strong></span> <span class='ocrx_word' id='word_1_381' title='bbox 369 3001 421 3051; x_wconf 92' lang='lat' dir='ltr'><strong>eat.</strong></span> 
     </span>
    </p>

    <p class='ocr_par' dir='ltr' id='par_1_11' title="bbox 208 3081 1740 3333">
     <span class='ocr_line' id='line_1_32' title="bbox 208 3081 1740 3154; baseline -0.001 -13"><span class='ocrx_word' id='word_1_382' title='bbox 208 3094 243 3153; x_wconf 83' lang='lat'><strong>19</strong></span> <span class='ocrx_word' id='word_1_383' title='bbox 315 3085 434 3141; x_wconf 72' lang='lat' dir='ltr'><strong>Pennus</strong></span> <span class='ocrx_word' id='word_1_384' title='bbox 454 3083 523 3140; x_wconf 90' lang='lat' dir='ltr'><strong>libro</strong></span> <span class='ocrx_word' id='word_1_385' title='bbox 540 3085 622 3140; x_wconf 88' lang='lat' dir='ltr'><strong>tertio</strong></span> <span class='ocrx_word' id='word_1_386' title='bbox 640 3084 746 3140; x_wconf 88' lang='lat' dir='ltr'><strong>decimo</strong></span> <span class='ocrx_word' id='word_1_387' title='bbox 765 3085 800 3139; x_wconf 84' lang='lat' dir='ltr'><strong>ad</strong></span> <span class='ocrx_word' id='word_1_388' title='bbox 819 3084 946 3140; x_wconf 85' lang='lat' dir='ltr'><strong>edietrrm.</strong></span> <span class='ocrx_word' id='word_1_389' title='bbox 983 3083 1096 3150; x_wconf 77' lang='lat' dir='ltr'><strong>Qualem</strong></span> <span class='ocrx_word' id='word_1_390' title='bbox 1115 3089 1206 3138; x_wconf 86' lang='lat' dir='ltr'><strong>autem</strong></span> <span class='ocrx_word' id='word_1_391' title='bbox 1225 3084 1387 3139; x_wconf 85' lang='lat' dir='ltr'><strong>sententiam</strong></span> <span class='ocrx_word' id='word_1_392' title='bbox 1406 3084 1480 3140; x_wconf 86' lang='lat' dir='ltr'><strong>dicat</strong></span> <span class='ocrx_word' id='word_1_393' title='bbox 1497 3101 1538 3140; x_wconf 88' lang='lat' dir='ltr'><strong>ar·</strong></span> <span class='ocrx_word' id='word_1_394' title='bbox 1571 3081 1695 3154; x_wconf 54' lang='lat' dir='ltr'><strong>{sa-13</strong></span> <span class='ocrx_word' id='word_1_395' title='bbox 1714 3095 1740 3149; x_wconf 78' lang='grc' dir='ltr'><em>Ε</em></span> 
     </span>
     <span class='ocr_line' id='line_1_33' title="bbox 262 3163 1696 3244; baseline 0 -15"><span class='ocrx_word' id='word_1_396' title='bbox 262 3173 341 3243; x_wconf 88' lang='lat' dir='ltr'><strong>biter,</strong></span> <span class='ocrx_word' id='word_1_397' title='bbox 359 3174 395 3229; x_wconf 90' lang='lat' dir='ltr'><strong>ad</strong></span> <span class='ocrx_word' id='word_1_398' title='bbox 412 3178 566 3244; x_wconf 85' lang='lat' dir='ltr'><strong>praetorem</strong></span> <span class='ocrx_word' id='word_1_399' title='bbox 585 3189 639 3229; x_wconf 92' lang='lat' dir='ltr'><strong>non</strong></span> <span class='ocrx_word' id='word_1_400' title='bbox 656 3174 792 3244; x_wconf 89' lang='lat' dir='ltr'><strong>pertinere</strong></span> <span class='ocrx_word' id='word_1_401' title='bbox 806 3173 900 3229; x_wconf 87' lang='lat' dir='ltr'><strong>Labeo</strong></span> <span class='ocrx_word' id='word_1_402' title='bbox 917 3175 964 3243; x_wconf 89' lang='lat' dir='ltr'><strong>ait,</strong></span> <span class='ocrx_word' id='word_1_403' title='bbox 983 3173 1131 3228; x_wconf 90' lang='lat' dir='ltr'><strong>dummodo</strong></span> <span class='ocrx_word' id='word_1_404' title='bbox 1150 3173 1224 3227; x_wconf 88' lang='lat' dir='ltr'><strong>dicat</strong></span> <span class='ocrx_word' id='word_1_405' title='bbox 1240 3172 1314 3242; x_wconf 85' lang='lat' dir='ltr'><strong>quod</strong></span> <span class='ocrx_word' id='word_1_406' title='bbox 1332 3173 1385 3242; x_wconf 90' lang='lat' dir='ltr'><strong>ipsi</strong></span> <span class='ocrx_word' id='word_1_407' title='bbox 1402 3173 1517 3229; x_wconf 88' lang='lat' dir='ltr'><strong>uidetur.</strong></span> <span class='ocrx_word' id='word_1_408' title='bbox 1545 3179 1574 3229; x_wconf 90' lang='lat' dir='ltr'><strong>et</strong></span> <span class='ocrx_word' id='word_1_409' title='bbox 1591 3163 1696 3229; x_wconf 79' lang='lat' dir='ltr'><strong>ideosi</strong></span> 
     </span>
     <span class='ocr_line' id='line_1_34' title="bbox 262 3261 1696 3333; baseline 0 -15"><span class='ocrx_word' id='word_1_410' title='bbox 262 3265 303 3318; x_wconf 91' lang='lat' dir='ltr'><strong>sic</strong></span> <span class='ocrx_word' id='word_1_411' title='bbox 319 3261 372 3318; x_wconf 83' lang='lat' dir='ltr'><strong>init</strong></span> <span class='ocrx_word' id='word_1_412' title='bbox 389 3263 417 3318; x_wconf 91' lang='lat' dir='ltr'><strong>in</strong></span> <span class='ocrx_word' id='word_1_413' title='bbox 435 3262 566 3318; x_wconf 86' lang='lat' dir='ltr'><strong>arbitrum</strong></span> <span class='ocrx_word' id='word_1_414' title='bbox 585 3263 817 3333; x_wconf 84' lang='lat' dir='ltr'><strong>compromissum,</strong></span> <span class='ocrx_word' id='word_1_415' title='bbox 836 3270 868 3319; x_wconf 93' lang='lat' dir='ltr'><strong>ut</strong></span> <span class='ocrx_word' id='word_1_416' title='bbox 885 3268 987 3319; x_wconf 89' lang='lat' dir='ltr'><strong>certam</strong></span> <span class='ocrx_word' id='word_1_417' title='bbox 1006 3263 1168 3318; x_wconf 89' lang='lat' dir='ltr'><strong>sententiam</strong></span> <span class='ocrx_word' id='word_1_418' title='bbox 1188 3263 1270 3331; x_wconf 88' lang='lat' dir='ltr'><strong>dicat,</strong></span> <span class='ocrx_word' id='word_1_419' title='bbox 1288 3264 1390 3317; x_wconf 87' lang='lat' dir='ltr'><strong>nullum</strong></span> <span class='ocrx_word' id='word_1_420' title='bbox 1403 3278 1463 3318; x_wconf 88' lang='lat' dir='ltr'><strong>esse</strong></span> <span class='ocrx_word' id='word_1_421' title='bbox 1475 3262 1625 3333; x_wconf 82' lang='lat' dir='ltr'><strong>arbitrium,</strong></span> <span class='ocrx_word' id='word_1_422' title='bbox 1644 3279 1696 3318; x_wconf 90' lang='lat' dir='ltr'><strong>nec</strong></span> 
     </span>
    </p>

    <p class='ocr_par' dir='ltr' id='par_1_12' title="bbox 231 3350 1741 3601">
     <span class='ocr_line' id='line_1_35' title="bbox 231 3350 1741 3422; baseline 0.001 -13"><span class='ocrx_word' id='word_1_423' title='bbox 231 3363 243 3409; x_wconf 86' lang='lat'>1</span> <span class='ocrx_word' id='word_1_424' title='bbox 263 3352 416 3422; x_wconf 81' lang='lat' dir='ltr'><strong>cogendum</strong></span> <span class='ocrx_word' id='word_1_425' title='bbox 438 3352 601 3407; x_wconf 86' lang='lat' dir='ltr'><strong>sententiam</strong></span> <span class='ocrx_word' id='word_1_426' title='bbox 624 3351 715 3408; x_wconf 83' lang='lat' dir='ltr'><strong>dicere</strong></span> <span class='ocrx_word' id='word_1_427' title='bbox 738 3353 860 3408; x_wconf 85' lang='lat' dir='ltr'><strong>Iulianus</strong></span> <span class='ocrx_word' id='word_1_428' title='bbox 883 3351 976 3407; x_wconf 88' lang='lat' dir='ltr'><strong>scribit</strong></span> <span class='ocrx_word' id='word_1_429' title='bbox 993 3352 1061 3407; x_wconf 90' lang='lat' dir='ltr'><strong>libro</strong></span> <span class='ocrx_word' id='word_1_430' title='bbox 1079 3358 1176 3422; x_wconf 84' lang='lat' dir='ltr'><strong>quarto</strong></span> <span class='ocrx_word' id='word_1_431' title='bbox 1195 3350 1371 3421; x_wconf 82' lang='lat' dir='ltr'><strong>digestorum.</strong></span> <span class='ocrx_word' id='word_1_432' title='bbox 1408 3353 1506 3407; x_wconf 88' lang='lat' dir='ltr'><strong>Dicere</strong></span> <span class='ocrx_word' id='word_1_433' title='bbox 1524 3357 1616 3407; x_wconf 86' lang='lat' dir='ltr'><strong>autem</strong></span> <span class='ocrx_word' id='word_1_434' title='bbox 1635 3369 1695 3408; x_wconf 89' lang='lat' dir='ltr'><strong>sen·</strong></span> <span class='ocrx_word' id='word_1_435' title='bbox 1713 3369 1741 3411; x_wconf 78' lang='lat' dir='ltr'><strong>se</strong></span> 
     </span>
     <span class='ocr_line' id='line_1_36' title="bbox 263 3439 1696 3512; baseline 0.001 -16"><span class='ocrx_word' id='word_1_436' title='bbox 263 3442 376 3496; x_wconf 88' lang='lat' dir='ltr'><strong>tentiam</strong></span> <span class='ocrx_word' id='word_1_437' title='bbox 395 3441 582 3496; x_wconf 83' lang='lat' dir='ltr'><strong>existimamus</strong></span> <span class='ocrx_word' id='word_1_438' title='bbox 600 3456 676 3510; x_wconf 89' lang='lat' dir='ltr'><strong>enm,</strong></span> <span class='ocrx_word' id='word_1_439' title='bbox 695 3443 794 3512; x_wconf 87' lang='lat' dir='ltr'><strong>quiea</strong></span> <span class='ocrx_word' id='word_1_440' title='bbox 812 3447 902 3498; x_wconf 87' lang='lat' dir='ltr'><strong>mente</strong></span> <span class='ocrx_word' id='word_1_441' title='bbox 920 3440 986 3511; x_wconf 88' lang='lat' dir='ltr'><strong>quid</strong></span> <span class='ocrx_word' id='word_1_442' title='bbox 1003 3442 1174 3511; x_wconf 87' lang='lat' dir='ltr'><strong>pronuntiat,</strong></span> <span class='ocrx_word' id='word_1_443' title='bbox 1192 3445 1224 3496; x_wconf 91' lang='lat' dir='ltr'><strong>ut</strong></span> <span class='ocrx_word' id='word_1_444' title='bbox 1241 3439 1390 3496; x_wconf 90' lang='lat' dir='ltr'><strong>secundum</strong></span> <span class='ocrx_word' id='word_1_445' title='bbox 1409 3441 1436 3495; x_wconf 92' lang='lat' dir='ltr'><strong>id</strong></span> <span class='ocrx_word' id='word_1_446' title='bbox 1454 3440 1594 3496; x_wconf 84' lang='lat' dir='ltr'><strong>discedere</strong></span> <span class='ocrx_word' id='word_1_447' title='bbox 1613 3457 1661 3497; x_wconf 87' lang='lat' dir='ltr'><strong>eos</strong></span> <span class='ocrx_word' id='word_1_448' title='bbox 1679 3460 1696 3496; x_wconf 86' lang='lat' dir='ltr'><strong>a</strong></span> 
     </span>
     <span class='ocr_line' id='line_1_37' title="bbox 263 3529 1694 3601; baseline -0.001 -15"><span class='ocrx_word' id='word_1_449' title='bbox 263 3535 322 3586; x_wconf 88' lang='lat' dir='ltr'><strong>tota</strong></span> <span class='ocrx_word' id='word_1_450' title='bbox 339 3531 526 3586; x_wconf 85' lang='lat' dir='ltr'><strong>controuersia</strong></span> <span class='ocrx_word' id='word_1_451' title='bbox 542 3531 616 3586; x_wconf 87' lang='lat' dir='ltr'><strong>uelit</strong></span> <span class='ocrx_word' id='word_1_452' title='bbox 647 3530 697 3585; x_wconf 90' lang='lat' dir='ltr'><strong>sed</strong></span> <span class='ocrx_word' id='word_1_453' title='bbox 715 3531 739 3584; x_wconf 91' lang='lat' dir='ltr'><strong>si</strong></span> <span class='ocrx_word' id='word_1_454' title='bbox 757 3530 792 3585; x_wconf 90' lang='lat' dir='ltr'><strong>de</strong></span> <span class='ocrx_word' id='word_1_455' title='bbox 809 3529 932 3601; x_wconf 88' lang='lat' dir='ltr'><strong>pluribus</strong></span> <span class='ocrx_word' id='word_1_456' title='bbox 950 3529 1032 3585; x_wconf 90' lang='lat' dir='ltr'><strong>rebus</strong></span> <span class='ocrx_word' id='word_1_457' title='bbox 1050 3531 1086 3585; x_wconf 90' lang='lat' dir='ltr'><strong>ait</strong></span> <span class='ocrx_word' id='word_1_458' title='bbox 1104 3530 1261 3586; x_wconf 89' lang='lat' dir='ltr'><strong>arbitorium</strong></span> <span class='ocrx_word' id='word_1_459' title='bbox 1279 3535 1431 3599; x_wconf 88' lang='lat' dir='ltr'><strong>receptum,</strong></span> <span class='ocrx_word' id='word_1_460' title='bbox 1450 3531 1502 3585; x_wconf 90' lang='lat' dir='ltr'><strong>nisi</strong></span> <span class='ocrx_word' id='word_1_461' title='bbox 1518 3545 1614 3585; x_wconf 86' lang='lat' dir='ltr'><strong>omncs</strong></span> <span class='ocrx_word' id='word_1_462' title='bbox 1632 3546 1694 3585; x_wconf 91' lang='lat' dir='ltr'><strong>con·</strong></span> 
     </span>
    </p>

    <p class='ocr_par' dir='ltr' id='par_1_13' title="bbox 231 3617 1696 3689">
     <span class='ocr_line' id='line_1_38' title="bbox 231 3617 1696 3689; baseline 0 -14"><span class='ocrx_word' id='word_1_463' title='bbox 231 3619 411 3675; x_wconf 75' lang='lat' dir='ltr'><strong>nuouersias</strong></span> <span class='ocrx_word' id='word_1_464' title='bbox 428 3618 536 3688; x_wconf 73' lang='lat' dir='ltr'><strong>finient,</strong></span> <span class='ocrx_word' id='word_1_465' title='bbox 556 3634 611 3674; x_wconf 91' lang='lat' dir='ltr'><strong>non</strong></span> <span class='ocrx_word' id='word_1_466' title='bbox 629 3619 739 3674; x_wconf 74' lang='lat' dir='ltr'><strong>uidebar</strong></span> <span class='ocrx_word' id='word_1_467' title='bbox 755 3619 830 3674; x_wconf 87' lang='lat' dir='ltr'><strong>diota</strong></span> <span class='ocrx_word' id='word_1_468' title='bbox 847 3619 990 3688; x_wconf 80' lang='lat' dir='ltr'><strong>sententia,</strong></span> <span class='ocrx_word' id='word_1_469' title='bbox 1012 3618 1061 3674; x_wconf 92' lang='lat' dir='ltr'><strong>sed</strong></span> <span class='ocrx_word' id='word_1_470' title='bbox 1080 3617 1168 3674; x_wconf 89' lang='lat' dir='ltr'><strong>adhuc</strong></span> <span class='ocrx_word' id='word_1_471' title='bbox 1186 3620 1237 3674; x_wconf 91' lang='lat' dir='ltr'><strong>erit</strong></span> <span class='ocrx_word' id='word_1_472' title='bbox 1255 3635 1272 3673; x_wconf 89' lang='lat' dir='ltr'><strong>a</strong></span> <span class='ocrx_word' id='word_1_473' title='bbox 1288 3624 1413 3689; x_wconf 86' lang='lat' dir='ltr'><strong>praetore</strong></span> <span class='ocrx_word' id='word_1_474' title='bbox 1431 3620 1578 3689; x_wconf 79' lang='lat' dir='ltr'><strong>cogendus.</strong></span> <span class='ocrx_word' id='word_1_475' title='bbox 1617 3619 1696 3675; x_wconf 86' lang='lat' dir='ltr'><strong>Unde</strong></span> 
     </span>
    </p>
   </div>
   <div class='ocr_carea' id='block_1_4' title="bbox 262 3707 1696 4011">
    <p class='ocr_par' dir='ltr' id='par_1_14' title="bbox 262 3707 1696 4011">
     <span class='ocr_line' id='line_1_39' title="bbox 263 3707 1696 3778; baseline 0.001 -16"><span class='ocrx_word' id='word_1_476' title='bbox 263 3707 414 3763; x_wconf 86' lang='lat' dir='ltr'><strong>uidendum</strong></span> <span class='ocrx_word' id='word_1_477' title='bbox 431 3709 491 3778; x_wconf 89' lang='lat' dir='ltr'><strong>erit,</strong></span> <span class='ocrx_word' id='word_1_478' title='bbox 510 3725 545 3764; x_wconf 93' lang='lat' dir='ltr'><strong>an</strong></span> <span class='ocrx_word' id='word_1_479' title='bbox 564 3714 670 3763; x_wconf 88' lang='lat' dir='ltr'><strong>mutare</strong></span> <span class='ocrx_word' id='word_1_480' title='bbox 688 3708 851 3764; x_wconf 87' lang='lat' dir='ltr'><strong>sententiam</strong></span> <span class='ocrx_word' id='word_1_481' title='bbox 869 3708 965 3778; x_wconf 86' lang='lat' dir='ltr'><strong>possit</strong></span> <span class='ocrx_word' id='word_1_482' title='bbox 993 3714 1021 3762; x_wconf 89' lang='lat' dir='ltr'><strong>et</strong></span> <span class='ocrx_word' id='word_1_483' title='bbox 1039 3708 1106 3762; x_wconf 85' lang='lat' dir='ltr'><strong>alias</strong></span> <span class='ocrx_word' id='word_1_484' title='bbox 1124 3708 1234 3777; x_wconf 86' lang='lat' dir='ltr'><strong>quldem</strong></span> <span class='ocrx_word' id='word_1_485' title='bbox 1254 3714 1297 3762; x_wconf 88' lang='lat' dir='ltr'><strong>est</strong></span> <span class='ocrx_word' id='word_1_486' title='bbox 1308 3708 1450 3778; x_wconf 83' lang='lat' dir='ltr'><strong>agitatum,</strong></span> <span class='ocrx_word' id='word_1_487' title='bbox 1468 3709 1492 3763; x_wconf 90' lang='lat' dir='ltr'><strong>ei</strong></span> <span class='ocrx_word' id='word_1_488' title='bbox 1503 3708 1605 3764; x_wconf 84' lang='lat' dir='ltr'><strong>arbiter</strong></span> <span class='ocrx_word' id='word_1_489' title='bbox 1616 3709 1696 3764; x_wconf 86' lang='lat' dir='ltr'><strong>iussit</strong></span> 
     </span>
     <span class='ocr_line' id='line_1_40' title="bbox 262 3796 524 3868; baseline 0.008 -2"><span class='ocrx_word' id='word_1_490' title='bbox 262 3796 442 3868; x_wconf 69' lang='lat' dir='ltr'><strong>Flfll&#39;fflll</strong></span> <span class='ocrx_word' id='word_1_491' title='bbox 522 3830 524 3833; x_wconf 90' lang='lat'>·</span> 
     </span>
     <span class='ocr_line' id='line_1_41' title="bbox 265 3920 687 4011; baseline -0.007 -35"><span class='ocrx_word' id='word_1_492' title='bbox 265 3924 274 3957; x_wconf 83' lang='lat'><em>¹</em></span> <span class='ocrx_word' id='word_1_493' title='bbox 293 3920 460 3976; x_wconf 88' lang='lat' dir='ltr'><strong>districtione</strong></span> <span class='ocrx_word' id='word_1_494' title='bbox 478 3920 687 4011; x_wconf 48' lang='lat' dir='ltr'><strong>(dulim</strong></span> 
     </span>
    </p>
   </div>
   <div class='ocr_carea' id='block_1_5' title="bbox 263 4026 1698 5020">
    <p class='ocr_par' dir='ltr' id='par_1_15' title="bbox 263 4026 1698 5020">
     <span class='ocr_line' id='line_1_42' title="bbox 265 4026 1695 4098; baseline -0.001 -14"><span class='ocrx_word' id='word_1_495' title='bbox 265 4031 280 4084; x_wconf 99' lang='grc'><strong>1</strong></span> <span class='ocrx_word' id='word_1_496' title='bbox 300 4044 362 4083; x_wconf 92' lang='lat' dir='ltr'><strong>cum</strong></span> <span class='ocrx_word' id='word_1_497' title='bbox 380 4027 480 4098; x_wconf 88' lang='lat' dir='ltr'><strong>potest]</strong></span> <span class='ocrx_word' id='word_1_498' title='bbox 499 4027 565 4082; x_wconf 90' lang='lat' dir='ltr'><strong>dum</strong></span> <span class='ocrx_word' id='word_1_499' title='bbox 579 4031 671 4096; x_wconf 83' lang='lat' dir='ltr'><strong>potest</strong></span> <span class='ocrx_word' id='word_1_500' title='bbox 683 4027 754 4095; x_wconf 77' lang='lat' dir='ltr'><strong>PU!</strong></span> <span class='ocrx_word' id='word_1_501' title='bbox 769 4026 942 4083; x_wconf 88' lang='lat' dir='ltr'><strong>distinctione</strong></span> <span class='ocrx_word' id='word_1_502' title='bbox 1007 4028 1040 4082; x_wconf 78' lang='lat'><strong>21</strong></span> <span class='ocrx_word' id='word_1_503' title='bbox 1060 4026 1179 4082; x_wconf 78' lang='lat' dir='ltr'><strong>arbitrio</strong></span> <span class='ocrx_word' id='word_1_504' title='bbox 1198 4026 1323 4082; x_wconf 83' lang='lat' dir='ltr'><strong>stabitur</strong></span> <span class='ocrx_word' id='word_1_505' title='bbox 1341 4027 1379 4080; x_wconf 60' lang='grc' dir='ltr'><strong>Ρ·</strong></span> <span class='ocrx_word' id='word_1_506' title='bbox 1431 4028 1467 4082; x_wconf 70' lang='grc'><strong>22</strong></span> <span class='ocrx_word' id='word_1_507' title='bbox 1483 4027 1641 4083; x_wconf 80' lang='lat' dir='ltr'><strong>usitandum</strong></span> <span class='ocrx_word' id='word_1_508' title='bbox 1655 4029 1695 4083; x_wconf 88' lang='lat' dir='ltr'><strong>P·</strong></span> 
     </span>
     <span class='ocr_line' id='line_1_43' title="bbox 263 4097 1698 4164; baseline -0.003 -10"><span class='ocrx_word' id='word_1_509' title='bbox 263 4099 408 4164; x_wconf 58' lang='lat' dir='ltr'><strong>FP‘VW,</strong></span> <span class='ocrx_word' id='word_1_510' title='bbox 426 4098 602 4154; x_wconf 71' lang='lat' dir='ltr'><strong>inunctione</strong></span> <span class='ocrx_word' id='word_1_511' title='bbox 619 4097 666 4162; x_wconf 83' lang='lat' dir='ltr'><strong>P·‚</strong></span> <span class='ocrx_word' id='word_1_512' title='bbox 690 4098 858 4154; x_wconf 88' lang='lat' dir='ltr'><strong>districtione</strong></span> <span class='ocrx_word' id='word_1_513' title='bbox 876 4100 914 4154; x_wconf 85' lang='lat' dir='ltr'><strong>P·</strong></span> <span class='ocrx_word' id='word_1_514' title='bbox 1006 4100 1041 4153; x_wconf 81' lang='lat'><strong>23</strong></span> <span class='ocrx_word' id='word_1_515' title='bbox 1067 4099 1229 4154; x_wconf 86' lang='lat' dir='ltr'><strong>auctoritate</strong></span> <span class='ocrx_word' id='word_1_516' title='bbox 1251 4099 1291 4152; x_wconf 82' lang='lat' dir='ltr'><strong>P·</strong></span> <span class='ocrx_word' id='word_1_517' title='bbox 1314 4101 1318 4164; x_wconf 93' lang='grc' dir='ltr'>Ι</span> <span class='ocrx_word' id='word_1_518' title='bbox 1343 4119 1360 4152; x_wconf 81' lang='grc' dir='ltr'><em>α</em></span> <span class='ocrx_word' id='word_1_519' title='bbox 1387 4099 1477 4154; x_wconf 89' lang='lat' dir='ltr'><strong>celsus</strong></span> <span class='ocrx_word' id='word_1_520' title='bbox 1509 4102 1525 4153; x_wconf 85' lang='lat' dir='ltr'><strong>l</strong></span> <span class='ocrx_word' id='word_1_521' title='bbox 1551 4107 1599 4155; x_wconf 74' lang='lat' dir='ltr'><strong>iac.</strong></span> <span class='ocrx_word' id='word_1_522' title='bbox 1623 4099 1698 4153; x_wconf 85' lang='lat' dir='ltr'><strong>FPV</strong></span> 
     </span>
     <span class='ocr_line' id='line_1_44' title="bbox 264 4166 1694 4241; baseline -0.001 -15"><span class='ocrx_word' id='word_1_523' title='bbox 264 4170 329 4226; x_wconf 69' lang='grc' dir='ltr'><strong>Μ]</strong></span> <span class='ocrx_word' id='word_1_524' title='bbox 352 4173 357 4238; x_wconf 83' lang='grc' dir='ltr'>Ι</span> <span class='ocrx_word' id='word_1_525' title='bbox 384 4170 470 4241; x_wconf 89' lang='lat' dir='ltr'><strong>ipsius</strong></span> <span class='ocrx_word' id='word_1_526' title='bbox 493 4189 542 4223; x_wconf 84' lang='lat' dir='ltr'><strong>om.</strong></span> <span class='ocrx_word' id='word_1_527' title='bbox 560 4169 600 4224; x_wconf 89' lang='lat' dir='ltr'><strong>P·</strong></span> <span class='ocrx_word' id='word_1_528' title='bbox 624 4169 628 4237; x_wconf 93' lang='grc' dir='ltr'>Ι</span> <span class='ocrx_word' id='word_1_529' title='bbox 652 4168 761 4224; x_wconf 82' lang='lat' dir='ltr'><strong>futurus</strong></span> <span class='ocrx_word' id='word_1_530' title='bbox 783 4169 822 4223; x_wconf 89' lang='grc' dir='ltr'><strong>Ρ·</strong></span> <span class='ocrx_word' id='word_1_531' title='bbox 877 4172 953 4226; x_wconf 68' lang='lat' dir='ltr'><strong>ian</strong></span> <span class='ocrx_word' id='word_1_532' title='bbox 1007 4171 1042 4225; x_wconf 78' lang='lat'><strong>24</strong></span> <span class='ocrx_word' id='word_1_533' title='bbox 1059 4170 1154 4225; x_wconf 85' lang='lat' dir='ltr'><strong>scribit</strong></span> <span class='ocrx_word' id='word_1_534' title='bbox 1171 4188 1219 4225; x_wconf 71' lang='lat' dir='ltr'><strong>orn.</strong></span> <span class='ocrx_word' id='word_1_535' title='bbox 1234 4170 1281 4237; x_wconf 88' lang='grc' dir='ltr'><strong>ΡΙ</strong></span> <span class='ocrx_word' id='word_1_536' title='bbox 1303 4169 1449 4226; x_wconf 82' lang='lat' dir='ltr'><strong>‘a&#39;duorum</strong></span> <span class='ocrx_word' id='word_1_537' title='bbox 1468 4171 1495 4222; x_wconf 83' lang='lat' dir='ltr'><em>F</em></span> <span class='ocrx_word' id='word_1_538' title='bbox 1541 4171 1577 4224; x_wconf 78' lang='lat'><strong>25</strong></span> <span class='ocrx_word' id='word_1_539' title='bbox 1595 4166 1645 4225; x_wconf 87' lang='lat' dir='ltr'><strong>s&#39;ed</strong></span> <span class='ocrx_word' id='word_1_540' title='bbox 1662 4170 1694 4239; x_wconf 90' lang='lat' dir='ltr'><strong>sl]</strong></span> 
     </span>
     <span class='ocr_line' id='line_1_45' title="bbox 263 4239 1695 4315; baseline -0.001 -17"><span class='ocrx_word' id='word_1_541' title='bbox 263 4241 399 4313; x_wconf 83' lang='lat' dir='ltr'><strong>quemuis]</strong></span> <span class='ocrx_word' id='word_1_542' title='bbox 427 4239 552 4307; x_wconf 76' lang='lat' dir='ltr'><strong>F‘PLU,</strong></span> <span class='ocrx_word' id='word_1_543' title='bbox 580 4240 706 4310; x_wconf 86' lang='lat' dir='ltr'><strong>quamuis</strong></span> <span class='ocrx_word' id='word_1_544' title='bbox 728 4242 765 4295; x_wconf 75' lang='grc' dir='ltr'><strong>Ρ·</strong></span> <span class='ocrx_word' id='word_1_545' title='bbox 788 4249 812 4296; x_wconf 79' lang='lat' dir='ltr'><strong>et</strong></span> <span class='ocrx_word' id='word_1_546' title='bbox 837 4250 875 4296; x_wconf 73' lang='lat' dir='ltr'><strong>sic</strong></span> <span class='ocrx_word' id='word_1_547' title='bbox 889 4244 953 4315; x_wconf 60' lang='lat' dir='ltr'><strong>sou</strong></span> <span class='ocrx_word' id='word_1_548' title='bbox 1006 4239 1109 4306; x_wconf 77' lang='lat' dir='ltr'><strong>P⁸VU,</strong></span> <span class='ocrx_word' id='word_1_549' title='bbox 1123 4241 1173 4296; x_wconf 85' lang='lat' dir='ltr'><strong>sed</strong></span> <span class='ocrx_word' id='word_1_550' title='bbox 1185 4247 1213 4296; x_wconf 89' lang='lat' dir='ltr'><strong>et</strong></span> <span class='ocrx_word' id='word_1_551' title='bbox 1225 4242 1248 4295; x_wconf 89' lang='lat' dir='ltr'><strong>si</strong></span> <span class='ocrx_word' id='word_1_552' title='bbox 1261 4241 1332 4306; x_wconf 62' lang='grc' dir='ltr'><strong>ΡΨ,</strong></span> <span class='ocrx_word' id='word_1_553' title='bbox 1345 4247 1406 4296; x_wconf 90' lang='lat' dir='ltr'><strong>sent</strong></span> <span class='ocrx_word' id='word_1_554' title='bbox 1417 4243 1451 4299; x_wconf 88' lang='lat' dir='ltr'><strong>F:</strong></span> <span class='ocrx_word' id='word_1_555' title='bbox 1471 4240 1521 4306; x_wconf 74' lang='lat' dir='ltr'><strong>eise</strong></span> <span class='ocrx_word' id='word_1_556' title='bbox 1537 4242 1575 4294; x_wconf 74' lang='lat' dir='ltr'><strong>ani</strong></span> <span class='ocrx_word' id='word_1_557' title='bbox 1590 4240 1695 4296; x_wconf 67' lang='grc' dir='ltr'>ὁᾶλλος</span> 
     </span>
     <span class='ocr_line' id='line_1_46' title="bbox 264 4310 1695 4386; baseline -0.001 -17"><span class='ocrx_word' id='word_1_558' title='bbox 264 4320 331 4369; x_wconf 76' lang='lat' dir='ltr'><strong>loces</strong></span> <span class='ocrx_word' id='word_1_559' title='bbox 343 4317 455 4386; x_wconf 67' lang='lat' dir='ltr'><strong>hymni</strong></span> <span class='ocrx_word' id='word_1_560' title='bbox 468 4312 572 4377; x_wconf 80' lang='lat' dir='ltr'><strong>Graeci,</strong></span> <span class='ocrx_word' id='word_1_561' title='bbox 590 4333 647 4367; x_wconf 83' lang='lat' dir='ltr'><strong>eum</strong></span> <span class='ocrx_word' id='word_1_562' title='bbox 663 4331 762 4367; x_wconf 77' lang='lat' dir='ltr'><strong>omnmo</strong></span> <span class='ocrx_word' id='word_1_563' title='bbox 780 4313 804 4367; x_wconf 85' lang='lat' dir='ltr'><strong>si</strong></span> <span class='ocrx_word' id='word_1_564' title='bbox 820 4318 912 4367; x_wconf 61' lang='lat' dir='ltr'><strong>minen</strong></span> <span class='ocrx_word' id='word_1_565' title='bbox 924 4329 952 4368; x_wconf 85' lang='lat' dir='ltr'><strong>u.</strong></span> <span class='ocrx_word' id='word_1_566' title='bbox 1006 4313 1126 4383; x_wconf 66' lang='lat' dir='ltr'><strong>uipecrru</strong></span> <span class='ocrx_word' id='word_1_567' title='bbox 1145 4313 1171 4367; x_wconf 90' lang='lat' dir='ltr'><em>B</em></span> <span class='ocrx_word' id='word_1_568' title='bbox 1187 4315 1191 4379; x_wconf 97' lang='grc' dir='ltr'>Ι</span> <span class='ocrx_word' id='word_1_569' title='bbox 1207 4310 1308 4368; x_wconf 73' lang='lat' dir='ltr'><strong>fulcrini</strong></span> <span class='ocrx_word' id='word_1_570' title='bbox 1324 4313 1372 4376; x_wconf 84' lang='lat' dir='ltr'><strong>P‘,</strong></span> <span class='ocrx_word' id='word_1_571' title='bbox 1389 4311 1441 4367; x_wconf 82' lang='lat' dir='ltr'><strong>fuit</strong></span> <span class='ocrx_word' id='word_1_572' title='bbox 1458 4313 1482 4366; x_wconf 88' lang='lat' dir='ltr'><em>L</em></span> <span class='ocrx_word' id='word_1_573' title='bbox 1498 4313 1503 4379; x_wconf 89' lang='grc' dir='ltr'>Ι</span> <span class='ocrx_word' id='word_1_574' title='bbox 1522 4314 1695 4368; x_wconf 70' lang='lat' dir='ltr'><strong>consentiens</strong></span> 
     </span>
     <span class='ocr_line' id='line_1_47' title="bbox 263 4383 1694 4456; baseline 0 -16"><span class='ocrx_word' id='word_1_575' title='bbox 263 4384 911 4456; x_wconf 70' lang='lat' dir='ltr'><strong>u.a.s.oiocreadpraeeeamcareruersu,non,</strong></span> <span class='ocrx_word' id='word_1_576' title='bbox 926 4392 954 4439; x_wconf 83' lang='lat' dir='ltr'><strong>at</strong></span> <span class='ocrx_word' id='word_1_577' title='bbox 1006 4385 1042 4436; x_wconf 82' lang='lat' dir='ltr'><strong>F¹</strong></span> <span class='ocrx_word' id='word_1_578' title='bbox 1058 4386 1062 4452; x_wconf 80' lang='grc' dir='ltr'>Ι</span> <span class='ocrx_word' id='word_1_579' title='bbox 1079 4384 1208 4439; x_wconf 87' lang='lat' dir='ltr'><strong>arbitrum</strong></span> <span class='ocrx_word' id='word_1_580' title='bbox 1227 4385 1255 4438; x_wconf 93' lang='lat' dir='ltr'><strong><em>P</em></strong></span> <span class='ocrx_word' id='word_1_581' title='bbox 1291 4383 1518 4440; x_wconf 76' lang='lat' dir='ltr'><strong>28·‘ct&#39;etuar.F</strong></span> <span class='ocrx_word' id='word_1_582' title='bbox 1552 4385 1587 4440; x_wconf 81' lang='lat'><strong>29</strong></span> <span class='ocrx_word' id='word_1_583' title='bbox 1605 4384 1694 4454; x_wconf 79' lang='lat' dir='ltr'><strong>sicuti]</strong></span> 
     </span>
     <span class='ocr_line' id='line_1_48' title="bbox 264 4454 1694 4528; baseline 0.001 -19"><span class='ocrx_word' id='word_1_584' title='bbox 264 4456 351 4509; x_wconf 74' lang='lat' dir='ltr'><strong>dotale</strong></span> <span class='ocrx_word' id='word_1_585' title='bbox 359 4459 431 4528; x_wconf 75' lang='lat' dir='ltr'><strong>fieri,</strong></span> <span class='ocrx_word' id='word_1_586' title='bbox 449 4456 485 4508; x_wconf 79' lang='lat' dir='ltr'><strong>od</strong></span> <span class='ocrx_word' id='word_1_587' title='bbox 502 4474 534 4508; x_wconf 83' lang='lat' dir='ltr'><strong>eo</strong></span> <span class='ocrx_word' id='word_1_588' title='bbox 551 4473 646 4527; x_wconf 74' lang='lat' dir='ltr'><strong>paces</strong></span> <span class='ocrx_word' id='word_1_589' title='bbox 678 4461 770 4509; x_wconf 70' lang='grc' dir='ltr'>οιοιοον</span> <span class='ocrx_word' id='word_1_590' title='bbox 819 4454 954 4509; x_wconf 86' lang='lat' dir='ltr'><strong>3habeat</strong></span> <span class='ocrx_word' id='word_1_591' title='bbox 1006 4456 1092 4509; x_wconf 88' lang='lat' dir='ltr'><strong>sicum</strong></span> <span class='ocrx_word' id='word_1_592' title='bbox 1110 4457 1195 4510; x_wconf 91' lang='lat' dir='ltr'><strong>siourn</strong></span> <span class='ocrx_word' id='word_1_593' title='bbox 1214 4457 1250 4508; x_wconf 70' lang='grc' dir='ltr'><strong>Ρ·</strong></span> <span class='ocrx_word' id='word_1_594' title='bbox 1287 4456 1323 4510; x_wconf 80' lang='grc'><strong>30</strong></span> <span class='ocrx_word' id='word_1_595' title='bbox 1339 4456 1412 4524; x_wconf 85' lang='lat' dir='ltr'><strong>quia]</strong></span> <span class='ocrx_word' id='word_1_596' title='bbox 1425 4457 1472 4525; x_wconf 89' lang='lat' dir='ltr'><strong>qui</strong></span> <span class='ocrx_word' id='word_1_597' title='bbox 1485 4456 1523 4508; x_wconf 88' lang='grc' dir='ltr'><strong>Ρ·</strong></span> <span class='ocrx_word' id='word_1_598' title='bbox 1538 4457 1544 4523; x_wconf 90' lang='grc' dir='ltr'>Ι</span> <span class='ocrx_word' id='word_1_599' title='bbox 1559 4455 1597 4524; x_wconf 90' lang='lat' dir='ltr'><strong>id]</strong></span> <span class='ocrx_word' id='word_1_600' title='bbox 1610 4457 1639 4511; x_wconf 93' lang='lat' dir='ltr'><strong>iu</strong></span> <span class='ocrx_word' id='word_1_601' title='bbox 1651 4457 1694 4520; x_wconf 56' lang='grc' dir='ltr'><strong>ΡΙ,</strong></span> 
     </span>
     <span class='ocr_line' id='line_1_49' title="bbox 264 4526 1693 4598; baseline 0.001 -18"><span class='ocrx_word' id='word_1_602' title='bbox 264 4526 357 4580; x_wconf 80' lang='lat' dir='ltr'><strong><em>F¹PU</em></strong></span> <span class='ocrx_word' id='word_1_603' title='bbox 405 4526 632 4595; x_wconf 62' lang='lat' dir='ltr'><strong>itempromissi</strong></span> <span class='ocrx_word' id='word_1_604' title='bbox 676 4536 689 4557; x_wconf 89' lang='lat'><em>⁰</em></span> <span class='ocrx_word' id='word_1_605' title='bbox 741 4527 813 4580; x_wconf 76' lang='lat' dir='ltr'><strong>eal</strong></span> <span class='ocrx_word' id='word_1_606' title='bbox 836 4526 953 4581; x_wconf 82' lang='lat' dir='ltr'><strong>lulianus</strong></span> <span class='ocrx_word' id='word_1_607' title='bbox 1006 4530 1063 4580; x_wconf 84' lang='lat' dir='ltr'><strong>tum</strong></span> <span class='ocrx_word' id='word_1_608' title='bbox 1077 4527 1135 4580; x_wconf 75' lang='lat' dir='ltr'><strong>P⁰?</strong></span> <span class='ocrx_word' id='word_1_609' title='bbox 1176 4528 1211 4581; x_wconf 80' lang='lat'><strong>32</strong></span> <span class='ocrx_word' id='word_1_610' title='bbox 1229 4529 1244 4580; x_wconf 85' lang='grc' dir='ltr'><strong>ἱ.</strong></span> <span class='ocrx_word' id='word_1_611' title='bbox 1256 4528 1297 4582; x_wconf 86' lang='grc'><strong>19.</strong></span> <span class='ocrx_word' id='word_1_612' title='bbox 1310 4535 1472 4581; x_wconf 76' lang='lat' dir='ltr'><strong>eosdlsurotnr</strong></span> <span class='ocrx_word' id='word_1_613' title='bbox 1481 4528 1682 4598; x_wconf 76' lang='lat' dir='ltr'><strong>praecedeuliF</strong></span> <span class='ocrx_word' id='word_1_614' title='bbox 1688 4528 1693 4596; x_wconf 92' lang='grc' dir='ltr'>Ι</span> 
     </span>
     <span class='ocr_line' id='line_1_50' title="bbox 264 4596 1694 4667; baseline 0.001 -16"><span class='ocrx_word' id='word_1_615' title='bbox 264 4597 378 4652; x_wconf 68' lang='lat' dir='ltr'><strong>linei*</strong></span> <span class='ocrx_word' id='word_1_616' title='bbox 418 4598 623 4652; x_wconf 77' lang='lat' dir='ltr'><strong>lreuereantnr</strong></span> <span class='ocrx_word' id='word_1_617' title='bbox 634 4596 673 4649; x_wconf 90' lang='grc' dir='ltr'><strong>Ρ·</strong></span> <span class='ocrx_word' id='word_1_618' title='bbox 689 4598 693 4664; x_wconf 92' lang='grc' dir='ltr'>Ι</span> <span class='ocrx_word' id='word_1_619' title='bbox 709 4596 848 4666; x_wconf 69' lang='lat' dir='ltr'><strong>ulsinum]</strong></span> <span class='ocrx_word' id='word_1_620' title='bbox 864 4598 955 4653; x_wconf 71' lang='grc' dir='ltr'><strong>ΜΗ</strong></span> <span class='ocrx_word' id='word_1_621' title='bbox 1005 4597 1227 4667; x_wconf 87' lang='lat' dir='ltr'><strong>tertiodecimo]</strong></span> <span class='ocrx_word' id='word_1_622' title='bbox 1256 4598 1312 4652; x_wconf 84' lang='lat' dir='ltr'><strong>xiiii</strong></span> <span class='ocrx_word' id='word_1_623' title='bbox 1339 4598 1379 4652; x_wconf 88' lang='grc' dir='ltr'><strong>Ρ·</strong></span> <span class='ocrx_word' id='word_1_624' title='bbox 1439 4598 1475 4652; x_wconf 80' lang='lat'><strong>34</strong></span> <span class='ocrx_word' id='word_1_625' title='bbox 1499 4598 1528 4652; x_wconf 91' lang='lat' dir='ltr'><strong>in</strong></span> <span class='ocrx_word' id='word_1_626' title='bbox 1554 4597 1694 4653; x_wconf 81' lang='lat' dir='ltr'><strong>arbitrium</strong></span> 
     </span>
     <span class='ocr_line' id='line_1_51' title="bbox 264 4666 1695 4739; baseline 0 -16"><span class='ocrx_word' id='word_1_627' title='bbox 264 4687 321 4723; x_wconf 80' lang='lat' dir='ltr'><strong>cum</strong></span> <span class='ocrx_word' id='word_1_628' title='bbox 339 4668 366 4721; x_wconf 91' lang='lat' dir='ltr'><em>B</em></span> <span class='ocrx_word' id='word_1_629' title='bbox 384 4667 460 4738; x_wconf 75' lang='lat' dir='ltr'><strong>(apoc</strong></span> <span class='ocrx_word' id='word_1_630' title='bbox 478 4667 557 4730; x_wconf 74' lang='grc' dir='ltr'>οῨτὸιι</span> <span class='ocrx_word' id='word_1_631' title='bbox 575 4687 610 4723; x_wconf 84' lang='lat' dir='ltr'><strong>ac.</strong></span> <span class='ocrx_word' id='word_1_632' title='bbox 625 4666 671 4722; x_wconf 77' lang='lat' dir='ltr'><strong>rou</strong></span> <span class='ocrx_word' id='word_1_633' title='bbox 691 4667 793 4739; x_wconf 68' lang='lat' dir='ltr'><strong>ciperon</strong></span> <span class='ocrx_word' id='word_1_634' title='bbox 812 4669 944 4734; x_wconf 69' lang='lat' dir='ltr'><strong>arsacide)</strong></span> <span class='ocrx_word' id='word_1_635' title='bbox 1006 4668 1366 4736; x_wconf 68' lang='lat' dir='ltr'><strong>P·11U·lessearbinum</strong></span> <span class='ocrx_word' id='word_1_636' title='bbox 1389 4669 1416 4722; x_wconf 92' lang='lat' dir='ltr'><strong><em>P</em></strong></span> <span class='ocrx_word' id='word_1_637' title='bbox 1464 4669 1500 4723; x_wconf 78' lang='lat'><strong>35</strong></span> <span class='ocrx_word' id='word_1_638' title='bbox 1523 4669 1555 4723; x_wconf 81' lang='lat' dir='ltr'><strong>ab</strong></span> <span class='ocrx_word' id='word_1_639' title='bbox 1578 4669 1695 4724; x_wconf 75' lang='lat' dir='ltr'><strong>lulianus</strong></span> 
     </span>
     <span class='ocr_line' id='line_1_52' title="bbox 264 4711 1693 4809; baseline 0.001 -15"><span class='ocrx_word' id='word_1_640' title='bbox 264 4738 404 4795; x_wconf 64' lang='lat' dir='ltr'><strong>nuruum</strong></span> <span class='ocrx_word' id='word_1_641' title='bbox 417 4739 481 4794; x_wconf 72' lang='lat' dir='ltr'><strong>ur&gt;</strong></span> <span class='ocrx_word' id='word_1_642' title='bbox 520 4738 658 4809; x_wconf 69' lang='lat' dir='ltr'><strong>essene]</strong></span> <span class='ocrx_word' id='word_1_643' title='bbox 677 4738 743 4794; x_wconf 82' lang='lat' dir='ltr'><strong>unu</strong></span> <span class='ocrx_word' id='word_1_644' title='bbox 757 4741 784 4794; x_wconf 75' lang='lat' dir='ltr'><strong>r&gt;</strong></span> <span class='ocrx_word' id='word_1_645' title='bbox 828 4741 863 4795; x_wconf 90' lang='grc' dir='ltr'>ιο</span> <span class='ocrx_word' id='word_1_646' title='bbox 880 4711 952 4809; x_wconf 74' lang='lat' dir='ltr'><strong>inni</strong></span> <span class='ocrx_word' id='word_1_647' title='bbox 1006 4742 1021 4792; x_wconf 87' lang='lat' dir='ltr'><strong>r.</strong></span> <span class='ocrx_word' id='word_1_648' title='bbox 1041 4747 1090 4794; x_wconf 63' lang='grc' dir='ltr'><strong>ιο.</strong></span> <span class='ocrx_word' id='word_1_649' title='bbox 1107 4741 1184 4793; x_wconf 77' lang='lat' dir='ltr'><strong>Pur</strong></span> <span class='ocrx_word' id='word_1_650' title='bbox 1227 4742 1262 4795; x_wconf 86' lang='lat' dir='ltr'><strong>ee</strong></span> <span class='ocrx_word' id='word_1_651' title='bbox 1280 4739 1386 4809; x_wconf 84' lang='lat' dir='ltr'><strong>quiea]</strong></span> <span class='ocrx_word' id='word_1_652' title='bbox 1405 4740 1470 4809; x_wconf 66' lang='lat' dir='ltr'><strong>nura</strong></span> <span class='ocrx_word' id='word_1_653' title='bbox 1487 4739 1564 4793; x_wconf 66' lang='lat' dir='ltr'><strong>no·</strong></span> <span class='ocrx_word' id='word_1_654' title='bbox 1579 4741 1583 4806; x_wconf 85' lang='lat' dir='ltr'><strong>l</strong></span> <span class='ocrx_word' id='word_1_655' title='bbox 1600 4756 1693 4795; x_wconf 68' lang='lat' dir='ltr'><strong>aeeon</strong></span> 
     </span>
     <span class='ocr_line' id='line_1_53' title="bbox 264 4809 1693 4881; baseline 0 -15"><span class='ocrx_word' id='word_1_656' title='bbox 264 4809 337 4866; x_wconf 86' lang='lat' dir='ltr'><strong>idem</strong></span> <span class='ocrx_word' id='word_1_657' title='bbox 351 4809 449 4874; x_wconf 78' lang='lat' dir='ltr'><strong>PVU⁸,</strong></span> <span class='ocrx_word' id='word_1_658' title='bbox 466 4809 539 4864; x_wconf 89' lang='lat' dir='ltr'><strong>idest</strong></span> <span class='ocrx_word' id='word_1_659' title='bbox 555 4811 597 4876; x_wconf 87' lang='lat' dir='ltr'><strong>U·,</strong></span> <span class='ocrx_word' id='word_1_660' title='bbox 611 4811 697 4864; x_wconf 85' lang='lat' dir='ltr'><strong>om.L</strong></span> <span class='ocrx_word' id='word_1_661' title='bbox 712 4813 717 4879; x_wconf 85' lang='grc'><strong>1</strong></span> <span class='ocrx_word' id='word_1_662' title='bbox 733 4811 923 4881; x_wconf 85' lang='lat' dir='ltr'><strong>opornponius</strong></span> <span class='ocrx_word' id='word_1_663' title='bbox 937 4813 953 4863; x_wconf 90' lang='lat' dir='ltr'><strong>l.</strong></span> <span class='ocrx_word' id='word_1_664' title='bbox 1006 4809 1071 4865; x_wconf 91' lang='lat' dir='ltr'><strong>dum</strong></span> <span class='ocrx_word' id='word_1_665' title='bbox 1089 4812 1130 4878; x_wconf 77' lang='lat' dir='ltr'><strong>Fi</strong></span> <span class='ocrx_word' id='word_1_666' title='bbox 1150 4810 1187 4880; x_wconf 91' lang='lat' dir='ltr'><strong>id]</strong></span> <span class='ocrx_word' id='word_1_667' title='bbox 1206 4810 1272 4880; x_wconf 90' lang='lat' dir='ltr'><strong>qnid</strong></span> <span class='ocrx_word' id='word_1_668' title='bbox 1290 4812 1330 4865; x_wconf 86' lang='grc' dir='ltr'><strong>Ρ·</strong></span> <span class='ocrx_word' id='word_1_669' title='bbox 1382 4809 1579 4866; x_wconf 69' lang='grc' dir='ltr'><strong>31101οόῬέ</strong></span> <span class='ocrx_word' id='word_1_670' title='bbox 1599 4813 1604 4880; x_wconf 77' lang='lat' dir='ltr'><strong>l</strong></span> <span class='ocrx_word' id='word_1_671' title='bbox 1624 4811 1693 4866; x_wconf 87' lang='lat' dir='ltr'><strong>arbi-</strong></span> 
     </span>
     <span class='ocr_line' id='line_1_54' title="bbox 265 4880 1694 4966; baseline 0.001 -30"><span class='ocrx_word' id='word_1_672' title='bbox 265 4889 314 4936; x_wconf 79' lang='lat' dir='ltr'><strong>iuc.</strong></span> <span class='ocrx_word' id='word_1_673' title='bbox 332 4881 359 4934; x_wconf 80' lang='lat' dir='ltr'><em>F</em></span> <span class='ocrx_word' id='word_1_674' title='bbox 408 4883 441 4936; x_wconf 72' lang='lat'><strong>12</strong></span> <span class='ocrx_word' id='word_1_675' title='bbox 463 4881 491 4935; x_wconf 92' lang='lat' dir='ltr'><strong>in</strong></span> <span class='ocrx_word' id='word_1_676' title='bbox 514 4897 568 4966; x_wconf 81' lang='lat' dir='ltr'><strong>qua</strong></span> <span class='ocrx_word' id='word_1_677' title='bbox 590 4882 627 4934; x_wconf 74' lang='grc' dir='ltr'><strong>Ρ·</strong></span> <span class='ocrx_word' id='word_1_678' title='bbox 681 4883 714 4937; x_wconf 84' lang='grc'><strong>13</strong></span> <span class='ocrx_word' id='word_1_679' title='bbox 737 4887 805 4937; x_wconf 70' lang='lat' dir='ltr'><strong>*aut</strong></span> <span class='ocrx_word' id='word_1_680' title='bbox 825 4880 862 4935; x_wconf 67' lang='grc' dir='ltr'><strong>Ρ·</strong></span> <span class='ocrx_word' id='word_1_681' title='bbox 885 4884 891 4948; x_wconf 79' lang='grc' dir='ltr'>Ι</span> <span class='ocrx_word' id='word_1_682' title='bbox 915 4882 952 4950; x_wconf 86' lang='lat' dir='ltr'><strong>et]</strong></span> <span class='ocrx_word' id='word_1_683' title='bbox 1006 4881 1086 4935; x_wconf 84' lang='lat' dir='ltr'><strong>trium</strong></span> <span class='ocrx_word' id='word_1_684' title='bbox 1115 4883 1163 4937; x_wconf 81' lang='lat' dir='ltr'><strong>PL</strong></span> <span class='ocrx_word' id='word_1_685' title='bbox 1188 4885 1192 4950; x_wconf 88' lang='grc' dir='ltr'>Ι</span> <span class='ocrx_word' id='word_1_686' title='bbox 1215 4882 1276 4952; x_wconf 88' lang='lat' dir='ltr'><strong>nisi]</strong></span> <span class='ocrx_word' id='word_1_687' title='bbox 1305 4888 1354 4937; x_wconf 86' lang='lat' dir='ltr'><strong>eut</strong></span> <span class='ocrx_word' id='word_1_688' title='bbox 1378 4882 1431 4937; x_wconf 88' lang='lat' dir='ltr'><strong>nisi</strong></span> <span class='ocrx_word' id='word_1_689' title='bbox 1457 4883 1496 4936; x_wconf 83' lang='grc' dir='ltr'><strong>Ρ·</strong></span> <span class='ocrx_word' id='word_1_690' title='bbox 1557 4883 1594 4937; x_wconf 82' lang='grc'><strong>39</strong></span> <span class='ocrx_word' id='word_1_691' title='bbox 1617 4882 1694 4952; x_wconf 79' lang='lat' dir='ltr'><strong>alins]</strong></span> 
     </span>
     <span class='ocr_line' id='line_1_55' title="bbox 265 4950 1120 5020; baseline 0 -13"><span class='ocrx_word' id='word_1_692' title='bbox 265 4953 350 5020; x_wconf 64' lang='lat' dir='ltr'><strong>affl</strong></span> <span class='ocrx_word' id='word_1_693' title='bbox 390 4953 424 5016; x_wconf 81' lang='lat' dir='ltr'><strong>lb</strong></span> <span class='ocrx_word' id='word_1_694' title='bbox 437 4950 584 5011; x_wconf 63' lang='lat' dir='ltr'><strong>‘antur&#39;</strong></span> <span class='ocrx_word' id='word_1_695' title='bbox 621 4954 654 5012; x_wconf 88' lang='grc'><strong>16</strong></span> <span class='ocrx_word' id='word_1_696' title='bbox 667 4951 903 5011; x_wconf 72' lang='lat' dir='ltr'><strong>‘di’diasentimnt</strong></span> <span class='ocrx_word' id='word_1_697' title='bbox 916 4953 954 5007; x_wconf 82' lang='lat' dir='ltr'><strong>F²</strong></span> <span class='ocrx_word' id='word_1_698' title='bbox 1007 4952 1066 5008; x_wconf 85' lang='lat' dir='ltr'><strong>aliis</strong></span> <span class='ocrx_word' id='word_1_699' title='bbox 1083 4953 1120 5006; x_wconf 84' lang='lat' dir='ltr'><strong>F¹</strong></span> 
     </span>
    </p>
   </div>
   <div class='ocr_carea' id='block_1_6' title="bbox 855 3889 1152 3897">
    <p class='ocr_par' dir='ltr' id='par_1_16' title="bbox 855 3889 1152 3897">
     <span class='ocr_line' id='line_1_56' title="bbox 855 3889 1152 3897; baseline 0.007 -2"><span class='ocrx_word' id='word_1_700' title='bbox 855 3889 1152 3897; x_wconf 40' lang='grc' dir='ltr'>...ἠ-*ι</span> 
     </span>
    </p>
   </div>
   <div class='ocr_carea' id='block_1_7' title="bbox 0 0 1810 5354">
    <p class='ocr_par' dir='ltr' id='par_1_17' title="bbox 0 0 1810 5354">
     <span class='ocr_line' id='line_1_57' title="bbox 0 0 1810 5354; baseline 0 0"><span class='ocrx_word' id='word_1_701' title='bbox 0 0 1810 5354; x_wconf 95' lang='lat' dir='ltr'><strong> </strong></span> 
     </span>
    </p>
   </div>
  </div>
 </body>
</html>
