3712 5370
256 181 358 250 XVIII
379 184 398 248 2
422 189 536 244 11-15
657 155 661 164 ¹
926 175 1013 257 528
1473 200 1519 248 uu
1541 199 1578 246 us
1600 199 1691 246 urum

255 339 370 394 iuncum
389 339 417 394 in
436 339 509 394 diem
528 338 617 394 addici
636 354 690 394 non
708 354 790 409 posse
808 355 911 408 rursus,
929 339 976 408 qui
994 339 1079 394 semel
1097 337 1187 394 iuerat
1205 338 1232 394 in
1250 338 1323 394 diem
1342 337 1477 406 addictus,
1494 337 1600 392 ratione
1618 337 1691 392 eius-

256 427 330 482 modi
348 426 482 498 defendit,
501 428 567 497 quia
583 428 694 498 prioris,
713 427 813 497 inquit,
832 428 962 498 emptoris
980 427 1073 482 statim
1097 426 1141 496 fit,
1160 428 1264 482 scilicet
1281 428 1360 497 quiesi
1378 443 1432 482 non
1450 425 1578 481 uideatur
1595 425 1693 480 melior

256 516 380 572 condicio
399 515 488 585 allata,
507 517 530 571 si
548 532 602 571 non
619 532 714 572 secure
727 516 848 572 secundo
861 517 975 587 emptori
988 515 1089 572 fundus
1101 516 1245 586 addicitur,
1264 517 1314 572 sed
1326 516 1380 571 alia
1391 515 1505 570 licitatio
1517 515 1691 584 prospicitur.

256 605 305 660 sed
323 606 444 660 lulianus
462 605 530 661 libro
548 607 643 676 quinto
662 605 768 661 decimo
786 606 953 676 digestorum
973 605 1082 660 scribsit
1105 607 1236 660 interesse
1259 605 1387 675 multum,
1411 605 1478 674 quid
1496 605 1566 659 iuter
1583 608 1691 658 conua-

256 693 353 750 heutes
371 699 462 750 actum
480 695 529 764 sit,
547 710 599 750 nec
616 695 747 766 impedire
766 697 911 765 quicquam
929 695 975 750 uel
991 693 1044 750 hoc
1062 695 1120 764 agi,
1144 699 1176 750 ut
1194 695 1303 764 saepius
1321 691 1422 750 fundus
1441 695 1600 763 collocetur,
1624 692 1691 748 dum
1711 700 1726 741 ⁶

223 793 236 838 1
256 784 301 839 uel
318 783 406 853 prima
423 784 467 838 uel
486 785 607 840 secunda
624 785 669 840 uel
687 785 770 839 tertia
787 783 939 839 adiectione
961 799 1006 838 res
1029 800 1046 838 a
1064 783 1205 840 uenditore
1221 781 1355 838 discedat.
1392 784 1461 838 ltem
1480 783 1554 853 quod
1572 781 1691 837 Sabinus

257 873 303 942 ait,
322 873 346 928 si
362 871 450 926 tribus
468 873 650 928 uendeutibus
669 873 724 930 duo
741 874 886 944 posteriori
904 872 1066 941 addixerint,
1085 889 1156 928 unus
1175 889 1229 929 uon
1247 873 1387 928 admiserit
1401 871 1590 940 adiectionem,
1609 869 1692 926 huius

255 966 362 1032 partem
379 962 475 1031 priori,
499 960 613 1016 duorum
632 963 775 1032 posteriori
793 967 927 1033 emptam,
950 963 990 1017 ita
1012 961 1122 1018 demum
1146 978 1242 1018 uerum
1261 967 1316 1032 est,
1341 962 1364 1016 si
1383 961 1467 1017 uariis
1484 961 1580 1032 pretiis
1597 963 1692 1030 partes

256 1065 322 1106 suas
339 1050 531 1120 distraxerunt,
1713 1055 1726 1096 a

201 1138 237 1196 12
309 1140 481 1195 Pourourus
498 1139 567 1194 libro
585 1155 657 1195 nono
676 1140 711 1194 ad
727 1139 866 1196 Sabinum.
894 1141 945 1196 etsi
958 1140 1081 1210 dispares
1095 1143 1189 1210 partes
1202 1139 1378 1194 candentium
1390 1137 1515 1194 fixedntl.
1535 1131 1693 1220 Uala'ffl}
1712 1132 1735 1185 S

201 1227 237 1286 13
311 1228 490 1298 intrusus
508 1227 576 1284 libro
594 1229 744 1284 uicensimo
763 1237 861 1286 octauo
879 1231 914 1286 ad
933 1229 1072 1286 Sabinum.
1110 1229 1231 1295 Quodsi
1252 1243 1306 1284 uno
1329 1228 1417 1298 pretio
1440 1215 1692 1296 uendiderintJ—di·
1712 1218 1734 1272 S
1753 1221 1834 1268 Mil·

257 1317 373 1372 cendum
397 1321 440 1372 est
458 1322 544 1373 totam
568 1318 650 1388 priori
674 1323 793 1388 emptam
812 1334 935 1388 manere,
961 1317 1192 1388 quemadmodum
1211 1317 1234 1371 si
1253 1317 1314 1386 quis
1332 1316 1397 1374 mibi
1415 1321 1503 1372 totum
1522 1315 1637 1372 fundum
1655 1314 1692 1369 ad

257 1407 329 1462 diem
349 1405 513 1478 addixisset,
537 1413 633 1476 postea
651 1423 717 1462 uero
736 1408 824 1477 pretio
842 1408 950 1463 adiecto
969 1407 1111 1462 dimidium
1135 1407 1181 1462 alii
1199 1405 1343 1460 addixerit.
1380 1405 1476 1462 Celsus
1494 1421 1603 1475 quoque
1622 1403 1692 1459 libro

257 1500 356 1552 octauo
375 1489 543 1564 digestorum
562 1494 645 1551 refert
662 1495 781 1551 Mucium
794 1497 908 1551 Brutum
921 1496 1076 1552 Labeonem
1092 1496 1166 1566 quod
1179 1495 1309 1552 Sabinum
1324 1495 1491 1550 existimare:
1510 1495 1569 1564 ipse
1582 1507 1693 1564 quoque

257 1584 354 1640 Celsus
372 1583 443 1640 idem
462 1584 560 1654 probat
577 1590 606 1640 et
623 1585 707 1642 adicit
725 1586 816 1640 mirari
833 1601 863 1642 se
882 1587 1026 1642 anemius
1045 1585 1279 1655 animaduersum,
1303 1583 1377 1654 quod
1396 1585 1419 1639 si
1437 1585 1511 1654 prior
1528 1587 1635 1654 emptor
1652 1584 1693 1637 ita
1711 1595 1741 1636 rs

258 1673 405 1743 contraxit,
430 1679 460 1728 ut
483 1674 535 1728 nisi
558 1679 659 1744 totum,
683 1673 797 1730 fundum
821 1681 941 1745 emptum
965 1675 1049 1730 nollet
1071 1675 1185 1744 babere,
1210 1690 1265 1730 uon
1288 1673 1390 1728 habere
1413 1689 1476 1728 eum
1500 1688 1561 1728 eam
1584 1678 1692 1742 purtem

224 1774 237 1820 1
258 1768 391 1834 emptam,
415 1779 497 1832 quam
521 1779 592 1836 unus
616 1779 650 1820 ex
673 1764 756 1819 sociis
779 1765 922 1833 posteriori
945 1765 1061 1834 emptori
1080 1764 1206 1819 addicere
1225 1763 1318 1818 noluit.
1356 1762 1457 1818 Uerum
1476 1765 1519 1818 est
1537 1766 1627 1816 autem
1646 1760 1692 1815 uel

257 1867 341 1908 unum
360 1867 395 1907 ex
413 1851 601 1908 uenditoribus
618 1867 700 1922 posse
718 1853 856 1908 meliorem
875 1852 981 1922 adferre
1000 1853 1201 1910 condicionem:
1221 1867 1311 1908 emere
1329 1852 1400 1907 euim
1419 1868 1481 1908 cum
1495 1855 1554 1908 tota
1566 1865 1595 1905 re
1608 1850 1692 1905 etiam

257 1945 378 1998 nostram
396 1945 501 2012 partem
520 1956 673 2010 possumus.
713 1999 716 2008 Δ
1712 1952 1742 1992 sa

201 2031 239 2090 14
311 2032 430 2086 Pronus
447 2029 515 2086 libro
534 2030 629 2100 quinto
648 2031 683 2086 ad
702 2029 842 2086 Sabinum.
871 2030 901 2086 Si
919 2031 1045 2087 uenditor
1063 2031 1233 2086 simulauerit
1250 2031 1388 2086 meliorem
1407 2031 1515 2086 allatam
1535 2023 1734 2111 [ffffls

257 2121 453 2188 condicionem,
473 2135 535 2176 eum
554 2121 665 2174 minoris
684 2121 727 2176 uel
746 2121 828 2175 etiam
846 2120 981 2176 tantidem
999 2122 1044 2176 alii
1063 2121 1203 2190 uenderet,
1221 2121 1329 2189 utrique
1344 2120 1460 2189 emptori
1472 2120 1500 2173 in
1513 2119 1628 2174 solidum
1642 2117 1695 2172 erit

224 2215 238 2262 1
258 2209 403 2280 obligatus.
432 2209 487 2264 Sed
505 2209 528 2264 si
547 2213 654 2278 emptor
672 2209 753 2264 alium
772 2225 826 2264 uon
844 2210 973 2266 idoneum
993 2210 1108 2266 subiecit
1121 2211 1200 2280 eique
1212 2209 1313 2265 iuudus
1326 2209 1453 2264 addictus
1465 2213 1516 2276 est,
1535 2201 1590 2262 nou
1602 2207 1694 2276 uideo,

258 2299 358 2369 inquit,
382 2297 611 2368 quemadmodum
635 2299 718 2368 priori
741 2300 777 2354 sit
795 2305 919 2370 emptus,
945 2316 1006 2355 cum
1026 2301 1078 2354 alia
1096 2300 1218 2354 uenditio
1236 2304 1265 2354 et
1282 2315 1349 2354 uera
1365 2302 1463 2368 postea
1481 2296 1629 2352 subsecuta
1647 2296 1692 2350 sit.

258 2388 308 2444 sed
326 2403 421 2444 uerum
439 2392 483 2443 est
500 2387 669 2443 uenditorem
683 2388 828 2458 deceptum
841 2404 876 2444 ex
888 2389 1000 2444 uendite
1013 2389 1147 2444 actionem
1161 2387 1261 2443 habere
1273 2403 1334 2442 eum
1347 2388 1438 2458 priore
1449 2391 1579 2456 emptore,
1597 2385 1695 2454 quanti

258 2493 309 2532 sua
326 2477 433 2532 intersit
450 2477 479 2531 id
497 2492 551 2532 non
570 2492 631 2532 esse
650 2475 766 2548 iactum,
791 2493 841 2548 per
859 2491 940 2548 qrram
960 2479 1094 2534 actionem
1113 2483 1141 2532 et
1159 2475 1277 2546 fructus,
1296 2491 1366 2546 quos
1384 2477 1457 2546 prior
1475 2480 1582 2545 emptor
1599 2489 1694 2543 perce·
1713 2479 1743 2520 ¹⁵

257 2567 329 2636 perit
351 2571 451 2636 etque
470 2565 588 2622 deterior
605 2582 648 2622 res
667 2568 749 2636 culpa
766 2568 810 2622 uel
828 2567 890 2623 dolo
909 2569 980 2622 malo
1000 2568 1059 2623 eius
1077 2565 1151 2622 iacta
1169 2567 1217 2636 sit,
1241 2567 1354 2636 recipiet
1371 2565 1506 2622 uenditor.
1539 2567 1568 2618 et
1584 2563 1624 2617 ita
1642 2563 1694 2616 La·

224 2655 339 2710 theoni
362 2660 390 2710 et
408 2655 515 2710 Neruae
537 2656 636 2726 placet.
673 2654 729 2710 Sed
751 2657 774 2711 si
798 2661 895 2712 neuter
917 2656 1033 2712 subiecit
1051 2662 1214 2726 emptorem,
1239 2656 1340 2711 maiore
1359 2660 1451 2710 autem
1469 2653 1557 2724 pretio
1575 2651 1622 2708 ad·
1641 2647 1695 2734 [(ΒῙ

258 2743 361 2800 dictum
380 2748 423 2798 est
440 2743 581 2814 praedium
601 2744 626 2800 ei
644 2745 691 2814 qui
709 2744 841 2800 soluendo
859 2761 913 2801 non
932 2751 982 2816 est,
1002 2745 1106 2800 abitum
1125 2752 1168 2800 est
1180 2761 1197 2799 a
1208 2745 1297 2813 priore
1311 2745 1457 2814 emptione,
1476 2743 1540 2812 quia
1552 2757 1586 2796 ea
1598 2741 1695 2795 melior

224 2841 239 2887 Β
257 2834 425 2904 inoellegitur
442 2849 523 2903 quam
542 2833 669 2890 uenditor
687 2832 884 2905 conprobauit,
902 2835 947 2890 c'ui
964 2835 1040 2890 licuit
1057 2850 1112 2890 non
1130 2833 1265 2888 addicere.
1297 2832 1353 2888 Sed
1371 2837 1399 2888 et
1416 2832 1440 2886 si
1458 2831 1578 2901 pupillus
1595 2833 1695 2898 postea

258 2923 316 2978 sine
339 2923 438 2978 tutoris
461 2923 623 2978 auctoritate
647 2924 733 2994 pluris
756 2923 866 2993 emerit,
890 2924 1077 2979 consentiente
1100 2923 1242 2978 uenditore
1264 2921 1382 2977 ebibitur
1400 2937 1418 2976 a
1435 2920 1525 2990 priore
1543 2918 1692 2988 emptione.
1713 2924 1743 2965 ³⁰
1791 2972 1800 2990 ,

257 3011 330 3067 idem
349 3015 378 3068 et
396 3011 431 3066 de
448 3025 529 3066 seruo
547 3011 648 3066 alieno:
674 3013 752 3068 aliter
769 3018 853 3082 atque
872 3013 895 3068 si
913 3027 993 3068 seruo
1011 3029 1062 3068 suo
1081 3013 1125 3068 uel
1142 3011 1212 3083 filio,
1231 3027 1312 3081 quem
1331 3011 1359 3065 in
1376 3013 1515 3080 potestate
1533 3006 1629 3077 habet,
1648 3007 1694 3062 uel

258 3101 368 3157 domino
391 3100 431 3156 rei
454 3115 503 3170 per
521 3115 639 3156 errorem
662 3100 691 3156 id
714 3101 863 3172 addixerit,
888 3101 1029 3170 quianon
1052 3106 1095 3157 est
1112 3102 1215 3172 emptio
1238 3100 1280 3155 his
1304 3097 1422 3154 casibus.
1459 3097 1533 3168 quod
1556 3098 1579 3152 si
1603 3097 1693 3152 alieno

258 3205 347 3260 seruo,
368 3203 450 3259 quem
467 3190 607 3259 putauerit
624 3188 738 3244 liberum
757 3205 826 3260 esse,
846 3189 989 3259 addixerit,
1008 3194 1103 3246 contra
1121 3206 1150 3246 se
1169 3189 1281 3246 babebit
1299 3193 1328 3244 et
1345 3189 1397 3243 erit
1414 3187 1458 3242 bic
1476 3187 1572 3242 similis
1590 3185 1692 3255 egenti.

225 3279 430 3350 adimplerem,
455 3279 502 3348 qui
525 3279 662 3334 meliorem
687 3279 874 3334 condicionem
899 3279 1034 3350 attulerit,
1058 3283 1166 3348 praeter
1189 3295 1287 3348 corpus
1306 3277 1371 3332 nibil
1389 3276 1512 3346 sequitur
1535 3270 1693 3359 [Q

225 3376 240 3424 t
258 3367 332 3438 quod
350 3366 473 3422 uenierit
511 3366 572 3422 Non
589 3371 682 3422 umen
699 3367 776 3437 ideo,
800 3368 823 3422 si
841 3368 1003 3423 tantundem
1021 3369 1138 3438 pretium
1157 3368 1226 3422 alius
1245 3366 1304 3436 det,
1327 3365 1380 3421 hoc
1398 3366 1471 3435 ipso,
1495 3365 1569 3434 quod
1587 3363 1693 3420 fruetus
1713 3371 1742 3414 11

258 3472 320 3512 eum
339 3473 394 3512 non
412 3461 574 3525 sequantur,
593 3456 640 3526 qui
658 3457 777 3512 secuturi
795 3462 889 3512 essent
905 3458 1022 3527 priorem
1040 3463 1199 3527 emptorem,
1218 3455 1314 3511 melior
1331 3453 1455 3510 condicio
1473 3453 1583 3509 uidetur
1600 3453 1692 3523 allata,

258 3546 323 3615 quia
343 3561 398 3600 non
415 3545 445 3600 id
462 3545 553 3615 agitur
570 3545 641 3600 inter
658 3551 808 3616 emptorem
828 3552 857 3601 ct
874 3546 1054 3602 uenditorem.

202 3633 240 3694 15
310 3635 482 3690 Pomanus
503 3633 573 3690 libro
595 3649 668 3690 nouo
692 3634 727 3689 ad
746 3633 886 3690 Sabinum.
923 3633 1127 3706 Sipraedioin
1146 3633 1346 3690 diemaddicto
1365 3632 1517 3688 antediem
1536 3623 1695 3714 [affl
1714 3633 1736 3689 S

258 3723 384 3780 uenditor
402 3726 525 3778 mortuus
543 3723 587 3793 sit,
606 3723 665 3778 siue
683 3727 747 3793 post
763 3723 835 3779 diem
854 3723 933 3780 heres
951 3725 977 3778 ei
992 3724 1107 3778 exsistat
1119 3723 1177 3778 siue
1189 3723 1300 3778 omnino
1312 3737 1366 3778 nou
1379 3721 1502 3790 exsistat,
1521 3720 1605 3791 priori
1615 3733 1694 3790 prae·

258 3813 332 3868 dium
351 3815 473 3882 emptum
491 3817 546 3882 est,
570 3812 635 3882 quia
652 3812 747 3868 melior
764 3813 888 3868 condicio
907 3813 1003 3884 allata,
1025 3827 1096 3882 quae
1115 3811 1225 3868 domino
1242 3813 1363 3882 placeat,
1381 3811 1503 3880 intelegi
1520 3825 1576 3865 non
1593 3811 1694 3879 potest,
1714 3819 1744 3860 so

257 3910 421 3981 FlP(VU)]

256 4007 1695 4036 μκή-,ΓΜ

259 4055 268 4089 ¹
287 4053 456 4178 Ldzlquim
468 4054 522 4107 loco
535 4054 647 4126 braant
659 4059 736 4108 etiam
750 4052 852 4118 Graeci,
870 4055 917 4109 aed
927 4057 1047 4110 collocari
1059 4053 1145 4108 dedali
1160 4059 1220 4124 posi
1236 4055 1252 4108 i.
1267 4051 1300 4106 13
1316 4052 1386 4107 uerb.
1404 4049 1479 4120 quod
1497 4049 1520 4106 si
1538 4064 1593 4104 uno
1605 4048 1695 4119 pretio
1800 4111 1805 4120 ¹

258 4139 340 4179 ueni
377 4140 418 4178 rin

260 4258 275 4312 l
294 4255 404 4312 addici
426 4255 463 4308 F*
483 4257 487 4322 Ι
508 4254 606 4326 iuerat]
626 4253 733 4328 FURV,
755 4253 836 4312 fuerit
859 4257 926 4312 F⁶U
942 4254 947 4324 Ι
1002 4257 1037 4311 23
1056 4256 1092 4312 sit
1109 4256 1166 4325 sed]
1187 4255 1341 4322 F’Plls'li,
1359 4259 1425 4310 sunt
1440 4254 1485 4320 Ρ,
1503 4257 1568 4309 sunt
1585 4251 1695 4317 sedP·,

258 4328 400 4384 eiusmodo
416 4328 444 4381 P
484 4328 632 4396 isoilieet]
651 4328 715 4382 licet
726 4328 766 4382 P·
810 4327 898 4384 3alio
911 4327 948 4380 F¹
1003 4328 1052 4383 sed
1065 4329 1100 4380 V·
1136 4329 1171 4382 24
1183 4327 1339 4398 deceptum]
1353 4328 1509 4396 deemptum
1523 4325 1562 4378 P·
1599 4327 1633 4379 25
1646 4338 1696 4393 per

258 4397 445 4469 bimpeudire
463 4401 502 4453 P⁶
547 4401 636 4454 iuon
654 4399 803 4470 admiserit]
820 4399 873 4465 FU,
893 4415 949 4454 am·
1003 4418 1051 4454 can.
1067 4400 1103 4452 F¹
1120 4401 1124 4464 Ι
1140 4401 1311 4470 perceperit
1330 4401 1375 4464 Γ),
1394 4397 1536 4467 recepitP
1581 4394 1692 4464 usquo]

259 4471 363 4526 miserit
375 4471 422 4535 ΡΒ,
441 4470 591 4526 ommiserit
603 4470 678 4534 ΡΨ,
691 4479 739 4525 tac.
754 4471 789 4523 V·
829 4473 949 4541 8poste-
1003 4470 1076 4540 quod
1099 4471 1153 4526 PU
1202 4473 1237 4527 28
1260 4470 1383 4526 habitum
1398 4471 1461 4543 sP·
1514 4469 1548 4522 29
1572 4481 1696 4536 compro·

258 4543 340 4597 riori*
358 4540 394 4595 F*
449 4545 483 4598 12
502 4541 702 4610 quemadmodo
724 4542 799 4595 F¹P⁶
851 4541 949 4596 13111-
1004 4541 1081 4596 babit
1098 4542 1216 4598 FP·l'U
1264 4545 1299 4597 30
1317 4541 1445 4611 ebibitur]
1464 4539 1555 4594 auitur
1572 4539 1619 4603 Ρη
1638 4537 1695 4592 abi-

258 4613 339 4668 iectio
352 4613 390 4666 P*
407 4615 411 4680 Ι
427 4613 566 4668 dimidiam
580 4614 624 4679 ΕΙ,
643 4612 755 4668 dimidio
773 4613 806 4667 U‘¹
843 4614 876 4668 14
895 4613 949 4667 exi-
1003 4617 1048 4668 tur
1058 4612 1153 4668 P⁶VU
1167 4615 1172 4681 Ι
1188 4614 1330 4684 apriorem
1340 4613 1504 4684 emptionem
1515 4611 1555 4663 P·
1590 4608 1696 4664 tarbis*

259 4684 380 4753 stimate]
399 4685 455 4748 PU,
474 4685 642 4740 existimaret
659 4686 686 4738 F
728 4686 762 4740 15
780 4683 950 4740 animaduer-
1004 4683 1114 4740 casibus
1143 4687 1178 4738 F'
1259 4687 1294 4740 34
1320 4683 1386 4740 nibil
1414 4684 1536 4754 sequitur
1558 4677 1636 4736 'nihil'
1658 4679 1696 4734 Ε*

259 4769 307 4810 sus
325 4755 369 4819 Ρ,
388 4755 597 4811 eumaduersum
617 4755 676 4810 P0?
726 4757 759 4812 16
778 4771 832 4811 nou
850 4755 950 4810 habere
1004 4757 1039 4811 35
1057 4754 1329 4811 nonta‘ntu'menF⁵
1346 4758 1350 4824 ]
1366 4754 1516 4826 pr'a'etium
1532 4753 1568 4806 F²
1605 4753 1640 4806 36
1654 4767 1695 4807 se·

260 4825 299 4881 bic
310 4827 356 4889 5¹,
374 4827 472 4889 deleuit,
490 4829 536 4882 sed
544 4835 635 4899 postea
645 4834 740 4898 puncta
752 4847 854 4882 rursum
865 4835 950 4882 suctu·
1004 4831 1141 4896 quantur
1162 4828 1207 4894 F‘,
1234 4832 1437 4898 domoquantur
1461 4827 1487 4881 U
1542 4825 1576 4880 39
1600 4824 1626 4879 ei
1649 4839 1695 4878 ex·

258 4899 288 4950 lit
301 4895 347 4961 1²⁵,
366 4909 421 4950 non
432 4896 533 4953 habere
550 4913 612 4952 eum
630 4897 720 4954 omV‘
764 4901 797 4954 17
810 4915 844 4954 ex
856 4898 950 4952 om.F¹
1004 4898 1100 4954 ‘s'istat
1117 4899 1155 4953 1²³
1686 4899 1690 4907 '
1776 4891 1782 4912 '

259 4969 294 5022 20
312 4967 500 5024 condicionem
518 4970 629 5026 allamm
646 4970 674 5024 P
725 4971 759 5025 22
777 4976 901 5040 emptor
914 4967 950 5024 Fr
