4320 5340
548 179 697 249 XXVIIII
717 181 739 246 4
761 187 795 243 si
815 215 848 228 -
867 181 888 247 5
908 187 923 242 1
1230 171 1318 254 896
1487 196 1518 244 sr
1532 195 1614 255 oure
1630 193 1764 244 oursss
1780 189 1904 242 osnes
1918 188 2008 238 rrsr.

547 337 712 408 participato
735 336 885 406 legitimam
909 334 1089 392 hereditatem
1115 333 1190 390 solus
1211 331 1366 403 possideat,
1389 333 1461 390 aetio
1477 334 1633 404 legatorum
1652 348 1689 391 er
1709 329 1861 389 senteruIa
1878 327 2008 399 praetoris

548 425 666 481 dabitur.

492 515 531 572 28
601 514 778 568 Mmussrsus
796 511 865 568 libro
882 515 979 581 quarte
997 509 1281 567 ddeioommissornm.
1317 509 1347 565 Sl
1364 525 1476 566 sernum
1494 511 1624 568 heredem
1644 509 1813 566 institutum
1833 500 2040 591 Q?

550 601 684 671 dominus,
709 601 756 670 qui
774 600 834 670 ipse
852 604 966 670 rogatus
983 598 1074 656 fuerat
1091 598 1332 655 fideioomrnissum
1350 599 1498 669 praestare,
1516 601 1678 670 priusquam
1699 597 1782 653 adire
1801 597 1925 665 iuberet,
1948 611 2005 651 uan-

550 691 664 760 dlderit,
683 693 824 760 praestare
841 688 870 744 id
889 687 985 760 debet,
1010 691 1073 744 enin
1092 703 1142 759 per
1159 688 1278 760 pretium
1296 689 1369 744 serni
1388 687 1546 744 hereditatis
1564 702 1676 759 quoque
1695 687 1932 744 aestimationem
1949 700 2029 740 oon-s

518 783 690 849 Iseqnatnr.
726 777 872 833 institutus
896 776 975 833 heres
998 782 1027 832 et
1048 783 1161 847 rogatus
1184 777 1330 834 restituere
1354 776 1533 832 hereditatem
1556 779 1581 833 si
1604 779 1711 834 ommes
1735 791 1829 834 ansa
1850 777 2005 830 testament'

549 868 700 938 legitimam
718 865 897 922 hereditatem
915 865 1069 936 possideat,
1087 882 1142 922 non
1160 865 1244 921 dubie
1263 870 1294 920 nt
1311 866 1405 936 legata
1423 871 1569 936 eeteraqns
1587 865 1825 934 fideicommissa,
1844 865 1888 920 ite
1907 863 2003 920 heredi

551 961 636 1012 tatem
659 969 768 1026 quoqne
786 953 930 1008 restituere
948 953 1153 1025 oompellendns
1171 959 1227 1024 est,
1251 953 1394 1010 libertates
1414 969 1523 1024 qnoque
1540 959 1599 1011 tam
1617 955 1741 1010 direotas
1761 969 1851 1024 quam
1870 951 2004 1008 lideioom-

551 1045 698 1100 misseriae.
725 1042 791 1098 sed¹
811 1042 835 1097 si
857 1043 961 1099 ahenos
985 1059 1081 1100 seruus
1104 1049 1218 1113 rogatus
1241 1043 1278 1098 sit
1301 1043 1507 1113 manumittere,
1530 1044 1627 1114 utique
1650 1041 1794 1099 refflurere
1815 1057 1870 1098 eos
1890 1041 2004 1096 debebit

550 1150 612 1190 earn
636 1138 728 1188 autem
753 1131 942 1187 decessionem
959 1133 1080 1202 patietur
1097 1133 1122 1187 Is
1140 1132 1184 1187 oui
1202 1131 1330 1187 restitssta
1348 1130 1430 1188 iussit
1447 1131 1599 1202 hereditas,
1624 1147 1707 1202 qnam
1726 1132 1753 1186 is
1772 1131 1824 1200 qni
1843 1131 1873 1185 ei
1891 1131 2004 1186 mstitnit
2019 1144 2039 1182 ιι

550 1237 682 1294 passurus
698 1219 758 1277 fult

493 1307 532 1366 29
603 1310 755 1366 Unrrsuua
772 1308 842 1366 libro
860 1309 956 1379 enimn
974 1307 1256 1364 fideicommissorum.
1293 1309 1346 1376 Qui
1363 1310 1466 1366 omissa
1485 1325 1571 1365 musa
1587 1309 1752 1366 tastamenti
1771 1307 1809 1363 ab
1831 1303 2037 1391 Q?

551 1400 682 1455 intestato
699 1398 823 1470 possidet
840 1398 1029 1467 hereditatem,
1048 1412 1144 1454 aernos
1162 1398 1198 1454 sd
1215 1398 1369 1454 libertatem
1387 1398 1538 1467 perducere
1555 1397 1646 1468 debet,
1665 1413 1702 1452 ne
1721 1397 1766 1452 eis
1785 1395 1900 1452 fiotum
1913 1403 2003 1452 noeeat

551 1489 612 1544 ains
630 1488 676 1558 qni
695 1503 730 1542 ex
747 1492 913 1543 wammento
932 1486 1008 1542 adire
1026 1486 1126 1542 noluit:
1145 1487 1186 1542 aie
1203 1493 1304 1557 tamen,
1322 1491 1355 1542 nt
1371 1485 1473 1542 habeat
1490 1486 1611 1542 libertos.
2019 1503 2038 1538 ιι

494 1573 534 1630 30
603 1577 862 1632 Hesuoesursuus
879 1574 949 1631 libro
966 1575 1048 1631 tertio
1066 1574 1334 1644 lurlsepitemarum.
1366 1574 1533 1640 Quiomissa
1544 1591 1629 1631 musa
1639 1575 1810 1631 testamenti
1832 1567 2036 1658 [ᾗῇ-ΞΡ

552 1681 602 1736 pro
621 1669 744 1735 emptore
760 1664 806 1719 nel
824 1679 874 1734 pro
892 1663 957 1720 dote
975 1663 1020 1718 uel
1039 1677 1089 1733 pro
1108 1663 1210 1719 donato
1228 1664 1289 1719 sine
1307 1665 1360 1720 alio
1378 1663 1502 1734 quolibet
1517 1665 1612 1735 titulo,
1635 1663 1765 1735 exceptis
1783 1679 1840 1734 pro
1860 1661 1961 1717 herede
1978 1667 2003 1717 at

552 1769 602 1825 pro
618 1767 787 1824 possessore,
804 1753 946 1824 possideat
963 1751 1152 1822 hereditatem,
1171 1767 1189 1807 a
1205 1753 1345 1823 legatariis
1362 1759 1392 1809 et
1408 1751 1668 1810 ddeioommisaariis
1685 1769 1745 1810 nou
1763 1753 1947 1808 eonnenitnr.

592 2087 630 2166 R
669 2086 733 2164 DE
761 2085 977 2165 SENATUS
1007 1951 1536 2166 eoNSIJLTOVsILANIANO
1564 2085 1627 2163 ΕΤ
1657 2085 1966 2163 CLAUDIANO:
2016 2099 2071 2152 illl

754 2211 950 2304 QUORUM
978 2209 1301 2290 TESTAMENTA
1327 2209 1390 2287 NE
1418 2209 1727 2288 APERIANTUR
1769 2211 1812 2290 R
2015 2239 2034 2278 a

517 2373 533 2429 1
606 2375 757 2432 emmane
780 2375 850 2431 libro
872 2375 1100 2448 quinquagesImo
1124 2375 1160 2432 ad
1183 2375 1311 2432 edIotrsm.
1349 2375 1417 2432 Cum
1436 2375 1516 2431 aliter
1532 2377 1607 2432 nnlla
1623 2375 1725 2432 domna
1743 2381 1811 2431 tnta
1829 2389 1896 2430 esse
1913 2375 2029 2444 possiti

554 2464 606 2520 nisi
624 2465 745 2534 perlonlo
763 2465 861 2535 eapitis
879 2465 923 2520 sni
940 2464 1094 2520 custodiam
1112 2464 1230 2521 dominia
1248 2469 1305 2519 tam
1323 2463 1359 2520 ab
1376 2463 1536 2520 domesticis
1553 2479 1636 2534 qnam
1655 2465 1692 2519 ab
1704 2465 1854 2520 omanem
1867 2468 2001 2534 praesum

554 2552 627 2608 sensi
645 2558 787 2622 ungantur,
805 2552 868 2609 ideo
886 2557 999 2609 senatus
1018 2554 1144 2610 oonsulta
1161 2551 1317 2608 Introdnota
1334 2557 1399 2608 sunt
1416 2552 1451 2608 da
1474 2551 1585 2623 publiea
1607 2555 1775 2623 quaestione
1795 2569 1814 2608 a
1833 2550 1941 2607 familia
1961 2567 2000 2606 ne

521 2649 532 2694 1
553 2643 676 2696 eawrnm
694 2639 829 2696 habenda.
866 2641 976 2698 DomIni
993 2642 1176 2712 appellatione
1194 2643 1349 2698 oondnstnr
1366 2641 1413 2712 qni
1431 2639 1515 2696 habet
1531 2643 1743 2712 proprietatem,
1771 2643 1829 2697 etsi
1848 2637 2000 2724 Q

520 2738 535 2782 a
554 2745 620 2786 nana
638 2727 743 2785 fruetus
761 2729 867 2784 ahenas
884 2729 929 2785 ait
966 2730 1018 2796 Qui
1036 2745 1146 2786 seruum
1164 2729 1238 2786 bona
1254 2729 1309 2786 flde
1326 2730 1459 2800 possedit,
1477 2730 1579 2785 domini
1597 2731 1789 2800 appellatione
1808 2745 1868 2786 non
1887 2731 2000 2786 sentino
2014 2738 2033 2776 ¹³

520 2825 534 2870 s
554 2817 635 2886 bitur,
654 2833 705 2874 nso
722 2817 770 2888 qui
787 2833 868 2874 usum
887 2815 1006 2874 frustum
1024 2819 1111 2874 solum
1130 2818 1234 2875 habuit.
1261 2817 1364 2874 Seruus
1382 2819 1490 2889 pignori
1508 2817 1598 2888 datus,
1617 2818 1693 2888 quod
1705 2819 1813 2874 attInet
1823 2818 1864 2874 ad
1876 2819 2001 2876 debitoris

518 2913 662 2977 anetem,
686 2921 736 2978 per
759 2907 851 2962 omnia
872 2907 986 2976 perinde
1009 2907 1125 2963 habebar
1149 2911 1232 2978 atque
1256 2908 1280 2963 si
1296 2907 1404 2978 pignori
1421 2907 1504 2962 datass
1521 2923 1576 2962 non
1595 2911 1679 2962 esset
1716 2905 1804 2962 Serui
1821 2909 2000 2978 appellatione

553 2995 637 3051 mam
655 2994 683 3050 hi
700 2995 881 3066 eontinentur,
899 2997 947 3066 qul
965 2995 1017 3052 snb
1035 2995 1195 3052 nondioione
1212 2995 1296 3066 legati
1314 3000 1391 3050 sunt:
1411 3011 1474 3050 nam
1493 2995 1583 3051 medio
1595 3001 1720 3066 tempore
1732 2995 1852 3052 heredis
1864 3004 1940 3068 sunt,
1956 3011 2000 3052 nee

553 3083 627 3153 qnod
651 3083 776 3140 eondiolo
800 3084 921 3139 existens
944 3083 1042 3154 eidoit,
1065 3090 1098 3140 ut
1120 3084 1247 3140 desinant
1268 3099 1330 3140 esse
1351 3083 1474 3155 heredIs,
1497 3082 1565 3139 iaoit
1581 3099 1616 3139 ne
1634 3085 1790 3140 uideantur
1806 3085 1923 3141 InterIm
1939 3087 1999 3140 eina

520 3178 534 3225 t
553 3171 681 3242 idemque
699 3172 752 3228 erit
768 3171 915 3227 dioendum
933 3173 961 3228 ln
979 3172 1147 3229 statulibero.
1184 3171 1240 3228 Sed
1258 3174 1286 3228 in
1303 3187 1346 3243 eo,
1365 3174 1409 3228 eni
1426 3171 1639 3228 fideicommissa
1655 3172 1774 3229 libertas
1792 3189 1868 3246 pure
1883 3175 2000 3243 debetur,
2014 3179 2035 3219 ²·

554 3265 646 3316 exstat
663 3260 824 3330 rosorlptum
842 3259 901 3316 dini
917 3261 959 3316 Pii
977 3261 1013 3316 ad
1030 3262 1185 3318 quentium
1199 3260 1339 3330 Sabinum,
1358 3277 1413 3331 quo
1431 3262 1585 3318 ostenditur
1601 3277 1657 3318 non
1675 3277 1740 3318 ease
1759 3261 1954 3318 festinandum
1970 3263 2000 3318 ad

553 3352 690 3404 tormenta
706 3348 774 3417 eins,
793 3349 837 3403 eni
855 3346 1067 3406 ddeioomrnissa
1083 3349 1196 3406 llbertas
1214 3349 1344 3406 debetur:
1367 3355 1396 3406 et
1413 3353 1502 3421 magis
1520 3355 1575 3421 est,
1594 3365 1629 3406 ne
1647 3351 1784 3421 puniatur
1802 3350 1844 3407 ob
1864 3351 1919 3408 hoe
1934 3351 2001 3422 qnod

520 3435 605 3492 tsub
628 3436 727 3492 eodem
748 3435 823 3492 teoto
844 3435 909 3508 tuis,
934 3438 986 3493 nisi
1004 3439 1143 3509 partioeps
1160 3439 1272 3495 soeleris
1290 3438 1381 3496 inerit.
1418 3439 1528 3496 Domini
1545 3439 1734 3510 appellatione
1752 3441 1843 3496 etiam
1863 3457 1915 3511 pro
1931 3445 2002 3510 parte

520 3531 534 3578 t
553 3523 693 3580 domiuum
716 3525 850 3580 sustiueri
872 3525 1018 3584 ditandum
1040 3533 1091 3583 est
1128 3529 1239 3584 Domini
1261 3529 1444 3598 appellatione
1468 3533 1497 3584 et
1519 3527 1591 3584 filius
1614 3527 1735 3583 familias
1754 3530 1906 3599 neterique
1922 3528 2001 3596 liberi,
2016 3535 2038 3574 ⁸⁴

553 3613 600 3684 qui
623 3613 652 3668 in
674 3619 812 3683 potestate
834 3621 911 3685 sunt,
934 3617 1121 3672 eontinentur:
1146 3621 1259 3672 senatru
1282 3619 1437 3673 oonsnltnm
1461 3619 1533 3674 enlm
1554 3619 1564 3691 l
1582 3617 1755 3674 Silanianum
1780 3633 1843 3672 nen
1865 3619 1955 3673 solnm
1971 3616 2002 3672 ad
2015 3619 2062 3666 Illi

520 3711 535 3756 s
553 3701 788 3772 patresfamilias,
806 3717 903 3758 uerum
922 3704 957 3759 ad
975 3703 1076 3760 liberos
1094 3719 1203 3776 qnoque
1220 3689 1349 3774 pefunat
1379 3706 1451 3773 Quid
1465 3705 1565 3762 deindo
1581 3705 1716 3776 disemus,
1736 3706 1762 3760 ai
1780 3705 1869 3762 liberi
1886 3723 1942 3762 non
1953 3708 2002 3760 sint

406 3861 408 3866 Α
552 3789 581 3846 ln
599 3791 757 3860 potestate?
778 3791 923 3848 llmnsllna
940 3791 1009 3848 libro
1027 3793 1191 3849 dnodeoimo
1209 3792 1378 3862 digestorum
1391 3793 1513 3850 dubitat:
1531 3809 1585 3863 ego
1596 3798 1664 3864 puto
1675 3794 1792 3863 plenins
1804 3794 2002 3865 aooipiendnm,

520 3887 535 3933 s
552 3883 585 3934 nt
602 3879 685 3934 etiam
704 3879 740 3934 ad
758 3893 805 3935 eoa
823 3879 923 3936 liberos
940 3882 1085 3952 pertineat,
1103 3881 1151 3952 qui
1169 3881 1198 3936 in
1215 3887 1354 3952 potestate
1371 3897 1426 3938 non
1442 3887 1516 3938 sunt
1551 3882 1585 3937 In
1602 3897 1645 3951 so,
1663 3882 1712 3952 qni
1728 3887 1774 3937 eat
1786 3883 1819 3937 in
1832 3883 2002 3954 adoptionem

553 3967 649 4038 datus,
672 3982 728 4024 non
749 3973 880 4038 putamus
900 3970 990 4024 loonm
1008 3969 1109 4025 habere
1130 3975 1243 4026 senatus
1261 3971 1430 4040 oonsnltum,
1453 3971 1579 4040 quamuis
1597 3971 1626 4025 iu
1643 3969 1784 4040 adoptato
1803 3972 1900 4027 loonm
1919 3971 2003 4026 habet

459 4065 533 4112 1011
553 4053 609 4112 Sed
627 4057 724 4112 neeIn
742 4057 852 4113 alumno
870 4058 1399 4114 omuoloonseatsanatnsoonaulto.
1435 4059 1478 4114 De
1495 4059 1591 4114 matris
1608 4059 1698 4114 maru
1716 4057 1777 4114 tilio
1797 4058 1896 4116 lillaue
1914 4059 2004 4116 oeeia'a
2017 4067 2037 4108 ll
2097 4098 2099 4139 ,

506 4153 536 4200 rs
553 4145 679 4214 quaestio
697 4159 752 4200 non
769 4145 923 4202 habebitur.
959 4145 989 4202 Si
1007 4151 1085 4216 pater
1102 4145 1138 4202 ab
1156 4145 1281 4202 hostibus
1299 4151 1398 4218 eaptus
1416 4147 1460 4217 sit,
1478 4147 1669 4216 quaestionem
1688 4147 1726 4202 de
1744 4151 1844 4204 aea-ms
1855 4149 2004 4206 habandan

553 4238 583 4289 et
604 4233 767 4304 supplitium
790 4232 847 4291 dllo
871 4235 962 4291 neeiso
986 4235 1126 4306 eleganter
1144 4233 1280 4292 Soaauola
1298 4236 1351 4291 ait:
1374 4235 1448 4307 qnod
1466 4236 1548 4292 etiam
1566 4240 1632 4306 post
1649 4241 1774 4293 mortem
1794 4239 1889 4309 patris
1906 4237 2005 4310 probat,
2097 4260 2098 4263 ¹

554 4329 779 4400 FWDQEIO)

554 4455 564 4490 ¹
583 4457 677 4509 0100.

553 4585 681 4654 sqmru
701 4586 745 4650 Ii'1,
768 4589 864 4656 qaarto
887 4587 946 4654 (stc)
964 4587 1002 4641 F’
1023 4587 1028 4654 Ι
1049 4587 1191 4643 institutum
1209 4589 1245 4640 Ρ
1298 4587 1334 4643 23
1351 4586 1480 4658 publiea
1497 4589 1535 4643 Γ*
1549 4589 1555 4658 1
1571 4603 1588 4643 a
1605 4587 1708 4644 iimilia
1727 4593 1756 4644 1¹*
1803 4593 1845 4650 24
1862 4590 2007 4665 propri‘a'e

553 4655 746 4712 sistentes*
765 4657 804 4710 F’
841 4659 875 4712 10
886 4655 1051 4714 restitn'er'it
1064 4659 1100 4710 F‘
1138 4659 1172 4713 13
1221 4673 1245 4712 r·
1298 4663 1383 4714 mm
1396 4661 1433 4713 1³³
1477 4661 1512 4716 26
1530 4659 1613 4715 datus
1624 4659 1698 4716 'non'
1707 4663 1791 4732 quod
1807 4665 1849 4719 F*
1896 4667 1931 4722 29
1949 4663 2008 4732 eina]

554 4725 653 4782 dusera
671 4727 763 4796 debet]
778 4729 822 4792 Ρ,
840 4727 962 4798 perdioet
978 4729 1119 4794 debetFi,
1193 4730 1247 4784 'oet
1299 4729 1358 4785 eius
1384 4743 1447 4785 essa
1474 4730 1512 4782 Ρ
1573 4731 1608 4786 30
1635 4731 1694 4787 din.
1719 4733 1763 4805 in]
1794 4735 1855 4792 dio.
1877 4741 1908 4792 et
1931 4737 1960 4792 in
1979 4734 2009 4788 Ρ

553 4795 654 4852 debere
672 4801 708 4852 F·
755 4801 789 4853 15
806 4798 1032 4869 epitoma'to'rum
1046 4801 1069 4854 F
1072 4801 1085 4834 ²
1130 4802 1163 4855 li
1182 4815 1245 4856 ton·
1299 4801 1333 4855 31
1353 4799 1504 4856 iubentium
1518 4800 1555 4854 1³¹
1597 4801 1822 4862 seruentur*
1866 4809 1902 4866 st
1921 4821 2010 4864 amar·

553 4868 681 4922 uenum:
700 4870 737 4920 Ρ
781 4871 817 4924 10
834 4883 948 4938 qnorum
968 4889 1017 4924 om.
1031 4871 1067 4924 F¹
1115 4873 1148 4926 st
1169 4873 1246 4940 qnin-
1299 4871 1384 4927 sollus
1402 4875 1418 4926 I.
1431 4880 1479 4926 lae.
1492 4871 1518 4924 F
1565 4873 1602 4928 10
1620 4873 1782 4934 alumno'n'
1796 4881 1897 4938 oeeiso
1915 4883 1953 4936 Ρ
2106 4884 2107 4887 ’

554 4938 778 5008 ιιιιιςοιι’1ιιί1ιιιο
796 4939 833 4994 F*
849 4943 854 5009 Ι
869 4941 965 4996 aliter
979 4941 1017 4994 ps
1032 4943 1038 5010 l
1053 4941 1196 4998 dom'in'na
1209 4941 1246 4996 F‘
