3668 5356
272 196 347 264 XXI
367 197 387 264 2
409 203 525 260 54-60
778 129 787 150 ἱ
939 191 1026 274 628
1389 215 1436 262 ns
1458 213 1702 263 nurcrronrsus

272 369 336 408 nam
355 354 379 408 si
396 353 441 408 alii
459 353 524 408 dare
542 354 646 423 iussus,
670 353 796 422 quamuis
813 369 906 409 ueram
924 354 1057 423 pecuniae
1074 353 1253 424 quantitatem
1272 351 1384 422 dixerit,
1408 356 1513 422 tamen,
1536 353 1560 406 si
1579 367 1635 407 non
1653 350 1701 406 ad-

273 443 408 497 monuerit
425 443 470 496 alii
489 443 554 497 darc
572 442 684 511 iussum,
704 443 846 497 euictionis
864 443 972 498 nomine
990 441 1135 498 tenebitur.
1638 447 1641 452 '

217 532 255 592 55
325 531 476 586 Uarianos
502 530 570 586 libro
594 530 714 586 secundo
738 531 773 586 ad
797 531 917 586 edictum
940 531 1067 586 aedilium
1091 531 1233 586 curulium.
1270 529 1299 585 si
1322 529 1385 584 ideo
1408 532 1503 584 contra
1526 523 1702 612 [Q
1719 537 1749 592 Ε

273 625 422 688 emptorem
441 619 588 674 iudicatum
607 625 662 690 eet,
681 619 754 689 quod
772 618 871 690 defuit,
890 635 944 675 non
962 621 1140 676 committitur
1158 619 1309 689 stipulatio:
1328 618 1420 686 magis·
1434 618 1504 672 enim
1523 624 1634 688 propter
1653 616 1700 672 ab·

273 709 389 764 sentiam
406 709 496 763 uictus
513 708 622 763 uidetur
640 723 721 777 quam
740 708 812 778 quod
831 709 930 763 rodam
949 725 1060 764 causam
1078 708 1180 764 habuit
1207 708 1272 778 quid
1291 721 1366 776 ergo,
1385 707 1408 761 si
1425 707 1470 761 ille
1482 707 1592 776 quidem
1605 711 1701 762 contra
1719 714 1733 757 t

273 813 353 868 quem
372 797 520 852 iudicatum
539 796 634 852 estad
652 797 781 853 iudicium
799 813 853 853 non
871 795 967 868 adfuit,
986 799 1055 852 alius
1073 803 1164 852 autern
1183 795 1271 852 adfuit
1288 801 1316 851 et
1333 811 1444 850 oausam
1460 796 1531 864 egit:
1549 795 1615 865 quid
1626 795 1700 849 dice·

273 887 355 941 mus?
380 890 412 940 ut
423 890 490 956 puts
508 891 648 955 acceptum
667 886 776 956 quidem
795 903 858 942 cum
875 887 978 957 pupillo
996 891 1086 942 tutore
1104 889 1215 941 auctore
1227 884 1279 940 fuit
1293 884 1432 953 iudicium,
1450 883 1499 939 sed
1515 883 1633 938 absente
1651 899 1699 953 pu-

272 976 337 1044 pillo
355 981 430 1030 tutor
447 989 558 1029 causam
576 975 633 1044 egit
650 979 679 1029 et
695 975 844 1030 iudicatum
863 981 906 1031 est
924 981 1019 1031 contra
1034 979 1168 1030 tutorem:
1186 989 1271 1044 quare
1288 989 1343 1028 nou
1361 973 1483 1028 dicemus
1501 973 1635 1028 committi
1653 971 1699 1026 sti·

272 1063 458 1134 pulationem?
484 1064 584 1118 etenim
603 1067 693 1118 actam
711 1079 772 1119 erse
790 1079 901 1120 musam
919 1065 1009 1135 palam
1028 1069 1079 1119 est.
1112 1069 1141 1118 ct
1158 1064 1224 1117 satis
1243 1067 1286 1117 est
1303 1061 1337 1117 ab
1356 1077 1389 1118 ee
1407 1063 1451 1116 cui
1468 1061 1512 1116 ius
1529 1061 1631 1130 agendi
1648 1058 1701 1114 fuit

240 1161 253 1207 1
273 1167 384 1208 oausam
402 1167 462 1208 esse
481 1156 579 1207 actam.
615 1152 756 1207 Praesenti
774 1159 865 1208 autem
883 1153 1019 1209 uenditori
1037 1151 1250 1207 denuntiandum
1269 1155 1325 1205 est:
1349 1151 1408 1206 siue
1427 1157 1518 1206 autem
1536 1150 1621 1218 absit,
1641 1149 1699 1203 siue
1718 1159 1745 1199 ro

272 1257 402 1312 praesens
420 1241 456 1296 sit
473 1247 502 1296 et
518 1255 567 1310 per
584 1255 646 1296 eum
664 1239 785 1312 fiatque
803 1242 892 1298 minus
910 1243 1093 1311 denuntietur,
1112 1242 1295 1296 committetur
1312 1241 1460 1311 stipulatio.
1825 1308 1827 1312 .

215 1327 253 1386 56
324 1331 443 1386 Prosus
460 1329 528 1385 libro
547 1329 667 1384 secundo
685 1329 721 1384 ad
739 1330 858 1386 edictum
876 1331 1003 1386 aedilium
1022 1330 1163 1385 curulium.
1192 1328 1221 1384 Si
1235 1329 1337 1383 dictum
1350 1329 1507 1385 lueritueu-
1540 1339 1699 1394 B.1e,1r‚et
1717 1331 1743 1385 Ε

273 1418 370 1488 dendo,
389 1424 421 1472 ut
438 1418 536 1488 simpla
552 1419 733 1488 promittatur,
752 1420 796 1474 uel
810 1420 919 1490 triplum
932 1425 981 1474 sut
993 1419 1172 1489 quadruplum
1188 1419 1398 1488 promitteretur,
1417 1433 1452 1474 ex
1464 1422 1555 1488 empto
1567 1423 1700 1487 perpetua

273 1508 380 1562 actione
398 1507 443 1576 agi
461 1507 569 1576 poterit.
597 1522 652 1563 non
669 1512 770 1577 tamem
788 1514 820 1563 ut
837 1509 937 1578 uulgus
955 1508 1088 1578 opinatur,
1108 1507 1189 1562 etiarn
1208 1507 1341 1562 satisdare
1359 1507 1442 1563 debet
1455 1509 1502 1576 qui
1515 1505 1626 1576 duplam
1639 1519 1700 1575 pro·

239 1607 251 1652 1
272 1597 363 1665 mittit,
382 1595 432 1650 sed
450 1593 551 1650 sufficit
568 1597 642 1652 nuda
659 1597 841 1667 repromissio,
860 1597 912 1652 nisi
930 1597 1004 1652 aliud
1022 1597 1188 1652 conuenerit.
1222 1595 1251 1651 Si
1269 1597 1479 1666 compromisero
1497 1601 1526 1650 et
1542 1598 1639 1650 contra
1656 1608 1699 1648 me
1718 1603 1745 1644 rs

272 1685 337 1739 data
354 1683 437 1739 luerit
454 1685 602 1754 sententia,
628 1685 702 1740 nulla
720 1685 785 1742 mihi
802 1687 874 1741 actio
893 1686 927 1741 de
946 1685 1081 1741 euietione
1099 1685 1192 1740 danda
1208 1690 1251 1739 est
1269 1685 1401 1741 aduersus
1418 1685 1602 1740 uenditorem:
1625 1683 1700 1737 nulla

238 1784 253 1829 a
272 1774 343 1828 enim
361 1773 525 1828 necessitate
543 1779 659 1842 cogente
676 1773 705 1828 id
722 1773 784 1830 feci.
811 1775 843 1830 ln
862 1775 1038 1846 stipulatione
1056 1774 1155 1844 duplae
1173 1789 1235 1829 cum
1252 1773 1333 1829 hemo
1345 1773 1473 1829 uenditor
1484 1774 1569 1844 partis
1582 1771 1699 1826 adiectio

238 1873 253 1918 e
271 1863 427 1916 necessaria
444 1867 494 1931 est,
516 1862 580 1931 quia
597 1877 652 1917 non
669 1867 760 1932 potest
778 1863 865 1918 uideri
884 1862 894 1935 l
913 1863 994 1919 homo
1012 1863 1127 1932 euictus,
1145 1877 1207 1917 cum
1225 1879 1290 1933 pars
1308 1864 1367 1918 eius
1385 1863 1476 1918 euicta
1492 1867 1543 1917 est
1580 1859 1618 1930 Si,
1637 1875 1699 1914 cunr
1717 1858 1789 1912 teet

270 1952 359 2020 possit
382 1967 434 2006 usu
459 1967 557 2022 capere
575 1957 694 2021 emptor,
718 1967 772 2007 nen
790 1953 875 2022 cepit,
901 1953 982 2022 eulpa
999 1967 1049 2007 sua
1067 1951 1118 2006 hoc
1136 1950 1234 2006 iecisse
1252 1951 1376 2007 uidetur:
1400 1952 1472 2006 unde
1491 1952 1514 2006 si
1532 1951 1639 2005 euictus
1658 1953 1700 2003 est

237 2050 254 2096 4
271 2055 381 2109 seruus,
406 2056 461 2095 non
484 2045 593 2096 tenetur
616 2039 749 2095 uenditor.
787 2038 816 2095 Si
839 2047 983 2110 praesente
1006 2042 1170 2111 promissore
1188 2041 1235 2112 qui
1253 2041 1288 2096 de
1305 2042 1441 2096 euiotione
1458 2039 1582 2110 promisit
1598 2041 1628 2093 et
1645 2052 1700 2092 non
1718 2047 1745 2087 ao

238 2138 252 2185 t
271 2129 414 2198 ignorante
435 2129 605 2198 procuratori
628 2129 817 2184 denuntiatum
840 2129 889 2198 sit,
913 2131 1062 2199 promissor
1084 2129 1167 2186 nihilo
1186 2131 1274 2210 minus
1292 2135 1407 2185 tenetur.
1444 2129 1530 2185 Simili
1547 2126 1630 2182 modo
1649 2120 1700 2208 [fe]

237 2228 251 2274 6
270 2222 380 2273 tenetur
397 2221 425 2272 et
443 2219 490 2286 qul
508 2219 622 2288 tumuit,
640 2233 674 2272 ne
693 2217 745 2273 eibi
763 2217 917 2272 denuntiari
934 2220 1030 2288 possit.
1058 2218 1113 2275 Sed
1132 2225 1160 2274 et
1178 2220 1201 2274 si
1219 2219 1284 2274 nihil
1301 2219 1443 2274 uenditorc
1461 2217 1578 2272 iaciente
1592 2219 1701 2286 emptor

238 2316 252 2363 t
271 2321 437 2376 cognoscere
459 2305 506 2361 ubi
524 2311 598 2362 esset
616 2322 670 2362 non
688 2307 791 2377 potuit,
815 2307 897 2362 nihilo
916 2309 1005 2364 minus
1023 2309 1201 2364 committitur
1219 2309 1366 2378 stipulatio.
1403 2307 1508 2376 Popilio
1526 2299 1701 2390 [lt—‘taff

271 2397 354 2451 etiam
373 2396 431 2450 sine
449 2396 547 2450 tutoris
565 2397 727 2451 auctoritate
744 2411 827 2465 posse
845 2397 1007 2468 denuntiari,
1027 2398 1050 2452 si
1067 2402 1142 2453 tutor
1159 2413 1213 2453 non
1225 2403 1347 2468 apparet,
1365 2413 1400 2452 ex
1412 2397 1512 2466 duplae
1524 2395 1700 2465 stipulatione

272 2484 416 2554 benignius
433 2489 573 2554 receptum
592 2499 653 2540 esse
671 2484 882 2541 Trebatiusait.
1269 2501 1277 2518 ·
1621 2489 1622 2494 ’
1718 2493 1747 2534 re

215 2572 254 2633 5'1
325 2573 418 2629 Gerus
435 2573 504 2628 libro
523 2573 643 2629 secundo
661 2573 696 2628 ad
714 2573 833 2628 edictum
852 2575 980 2630 aedilium
998 2574 1139 2630 curulium.
1167 2574 1275 2630 Habere
1293 2575 1374 2630 licere
1392 2590 1449 2629 rem
1467 2574 1506 2629 ui·
1527 2567 1701 2658 [e‘r'a'r'ffl
1718 2576 1746 2631 Ε

272 2663 353 2718 detur
370 2666 492 2732 emptor¹
511 2667 540 2717 et
558 2663 582 2717 si
599 2663 636 2732 is,
655 2663 702 2732 qui
720 2669 870 2734 emptorem
888 2664 916 2719 in
934 2664 1069 2718 euictione
1087 2665 1126 2718 rei
1145 2665 1254 2734 uicerit,
1273 2670 1337 2719 ante
1355 2663 1473 2719 ablatam
1491 2648 1701 2719 octab-ductam

271 2768 329 2808 rem
348 2753 406 2806 sine
424 2766 583 2806 successore
601 2751 762 2822 decesserit,
787 2753 826 2807 ita
843 2757 875 2807 ut
892 2768 981 2823 neque
999 2753 1035 2808 ad
1052 2751 1149 2808 fiscum
1168 2753 1239 2808 bena
1256 2754 1398 2824 peruenire
1416 2753 1523 2823 possint
1540 2767 1630 2822 neque
1648 2751 1701 2822 pri·

272 2842 357 2896 uatim
381 2857 398 2894 a
420 2839 599 2895 creditoribus
623 2841 751 2896 distrahi:
775 2845 840 2897 tunc
863 2843 935 2897 enim
953 2843 1028 2898 nulls
1045 2843 1176 2912 competit
1193 2844 1308 2912 emptori
1326 2858 1360 2898 ex
1378 2842 1508 2912 stipulatu
1526 2843 1611 2910 actio,
1636 2841 1703 2910 quia

239 2939 252 2985 1
271 2945 328 2985 rem
352 2929 453 2984 habere
477 2929 501 2983 ei
524 2929 595 2984 licet.
633 2929 711 2996 Quod
734 2945 796 2986 cum
819 2931 858 2985 ita
881 2936 936 3001 est,
960 2931 1117 3001 uideamus,
1140 2947 1206 2986 num
1231 2938 1260 2986 et
1277 2933 1300 2986 si
1318 2931 1353 2986 ab
1371 2947 1405 2986 eo
1422 2931 1469 3000 qui
1486 2930 1583 2985 uicerit
1599 2930 1704 2985 donata
1721 2937 1749 2980 ee

271 3019 399 3088 legatsue
419 3033 463 3072 res
481 3016 563 3072 itrerit
580 3019 709 3090 emptori,
734 3035 820 3089 aeque
838 3019 984 3074 dicendum
1003 3021 1039 3074 sit
1056 3035 1090 3075 ex
1108 3021 1240 3091 stipulatu
1258 3021 1392 3076 actionem
1412 3035 1466 3076 non
1482 3019 1572 3088 nasci,
1597 3019 1704 3074 scilicet

272 3107 295 3162 si
319 3113 465 3176 antequam
490 3105 637 3162 abduceret
655 3109 700 3163 uel
718 3107 837 3164 auferret
855 3109 998 3164 donauerit
1015 3114 1064 3164 aut
1080 3109 1227 3180 legauerit:
1250 3111 1370 3180 alioquin
1388 3109 1472 3166 semel
1490 3107 1637 3162 commissa
1654 3107 1703 3162 sti-

272 3195 375 3266 pulatio
393 3195 493 3250 resolui
511 3210 565 3250 non
582 3201 681 3266 potest.

216 3281 254 3341 58
325 3283 495 3340 lruonsrrue
511 3284 580 3340 libro
598 3287 686 3354 primo
704 3302 739 3342 ex
756 3287 872 3342 Plautio.
906 3285 993 3340 Heres
1011 3301 1120 3342 seruum
1139 3301 1193 3343 non
1213 3285 1371 3343 nominatim
1389 3287 1509 3356 legatum
1529 3277 1704 3367 [Q
1722 3287 1749 3342 E

272 3373 385 3428 tradidit
402 3377 431 3428 et
449 3371 483 3427 de
502 3373 565 3428 delo
583 3376 749 3445 repromisit:
767 3381 865 3446 postea
882 3391 979 3431 seruus
997 3377 1103 3432 euictus
1122 3382 1172 3432 est.
1201 3391 1284 3446 agore
1302 3391 1364 3431 cum
1382 3373 1482 3430 herede
1499 3373 1650 3444 legatarius
1666 3387 1704 3428 ex
1723 3383 1751 3423 et

272 3466 436 3517 testamento
454 3463 562 3532 poterit,
581 3465 707 3533 quamms
725 3464 804 3519 heres
823 3465 940 3520 alienum
959 3480 1021 3520 ease
1039 3479 1148 3521 seruum
1166 3466 1352 3535 ignorarent*

216 3547 254 3608 59
325 3552 496 3606 Ponfforuus
514 3550 583 3606 libro
601 3552 723 3607 secundo
741 3566 776 3607 ex
793 3553 908 3608 Plautio.
937 3552 966 3609 Si
983 3568 1028 3609 res
1046 3565 1127 3623 quam
1146 3554 1248 3609 aTitio
1266 3553 1320 3609 erni
1337 3554 1429 3623 legata
1445 3551 1510 3606 sita
1527 3543 1704 3633 Q
1722 3552 1749 3608 e

273 3654 328 3708 me,
344 3655 399 3694 uon
416 3643 508 3710 potest
525 3639 674 3710 legatarius
692 3645 844 3696 conuentus
862 3658 879 3697 a
896 3641 1006 3696 domino
1024 3643 1064 3697 rei
1081 3643 1216 3698 uenditori
1234 3658 1295 3698 meo
1314 3641 1482 3711 denuntiare,
1500 3639 1553 3694 nisi
1568 3653 1664 3694 cessae
1677 3639 1705 3694 ci

272 3725 373 3782 suerint
390 3729 520 3783 actiones.
550 3729 595 3783 uel
612 3729 730 3799 quodam
749 3745 814 3784 casu
832 3729 1002 3800 hypothecae
1019 3729 1111 3786 habet.
1725 3735 1753 3778 8⁰

216 3814 257 3874 60
326 3817 497 3872 lsuonnsue
514 3814 583 3872 libro
601 3817 722 3872 secundo
739 3832 774 3872 ex
785 3818 901 3873 Plautio.
929 3817 959 3874 Si
970 3820 998 3876 in
1010 3819 1166 3875 uenditione
1178 3819 1282 3876 dictum
1294 3835 1349 3876 non
1361 3819 1406 3888 sit,
1424 3832 1509 3888 quan·
1528 3809 1707 3901 Q
1725 3819 1752 3874 Ε

274 3929 359 4000 F[P(
361 3931 392 3996 V,
410 3933 552 4004 patrimae
571 3939 661 4003 rnerpo
677 3933 733 3987 a.8
749 3937 823 3988 tuter
841 3949 961 4004 causam,
983 3933 1030 4004 U)]

273 4099 283 4134 ¹
301 4100 418 4167 emptori
435 4101 533 4168 (addit

274 4258 442 4327 lquamuis]
457 4274 539 4328 quarn
553 4261 591 4313 P⁰
607 4261 612 4326 l
628 4259 651 4314 ei
669 4279 718 4314 om,
732 4261 772 4314 P·
819 4262 961 4318 5euictus
1013 4263 1070 4332 περὶ
1088 4263 1136 4317 rire
1154 4263 1260 4334 aeprar‘rc
1277 4261 1358 4326 ιιῩτοῨ
1375 4261 1533 4316 exarsisset
1549 4260 1707 4330 B(Tipoc.)

272 4329 325 4382 PU
359 4329 456 4384 tatius
467 4337 558 4385 autem
569 4333 627 4395 (tna.
637 4333 747 4398 nonF⁰l
757 4330 844 4386 adluit
856 4352 904 4386 om.
914 4335 961 4397 1²⁰,
1016 4335 1049 4389 re
1067 4335 1162 4404 pessit]
1181 4341 1244 4404 post
1255 4335 1301 4400 P0,
1320 4340 1413 4405 potest
1430 4334 1471 4398 V‘,
1489 4336 1584 4401 posset
1597 4329 1711 4384 1²⁶th

273 4399 447 4456 adiudieium
458 4403 523 4457 ...8
529 4403 678 4457 iudicatum
688 4407 731 4457 est
740 4422 789 4457 om.
803 4403 837 4457 θ’
862 4405 960 4474 liquid]
1014 4407 1050 4460 20
1067 4405 1102 4459 de
1120 4407 1239 4460 uictione
1257 4407 1297 4460 P·
1343 4409 1377 4461 21
1397 4405 1477 4460 simili
1495 4401 1577 4457 modo
1594 4405 1709 4456 tenetur

273 4471 408 4540 qniP⁶U³
455 4473 600 4527 lauctore
618 4474 719 4527 om.P·
762 4474 885 4532 tactum
898 4475 958 4543 ΡΙ
1015 4495 1063 4530 om.
1074 4477 1114 4530 P·
1150 4477 1341 4532 iicurabitffl
1377 4471 1708 4545 23pupillum...24de-

273 4541 317 4594 eui
335 4542 387 4610 ius]
407 4543 484 4597 cuius
504 4544 621 4598 P¹¹V⁰U·
665 4545 698 4599 10
716 4543 910 4600 denunciatum
923 4545 962 4599 P·
1014 4548 1140 4602 nuntiare
1158 4550 1259 4602 uidetur
1276 4548 1542 4620 leptsaeAnonymns:
1560 4541 1707 4596 innatans-

274 4613 308 4666 13
325 4615 536 4684 promitteretur]
555 4615 779 4684 promittetunP,
804 4617 962 4686 promitten-
1016 4618 1131 4682 ιιοιιὲιιογ
1148 4619 1196 4681 ro?
1214 4617 1353 4689 ἐιιιτρὸηογ
1373 4617 1435 4672 κατὰ
1454 4617 1595 4680 ortdraoos
1611 4613 1708 4667 disa-

272 4685 318 4736 tur
339 4683 373 4737 U·
426 4687 459 4740 15
477 4688 501 4740 si
518 4687 729 4755 compromisero
752 4691 781 4740 et
804 4693 900 4742 eontra
917 4703 961 4742 me
1016 4697 1063 4750 Boc
1086 4689 1246 4760 παραγγέλλει
1273 4693 1310 4754 B,
1331 4698 1432 4744 omnino
1457 4691 1522 4741 male
1574 4681 1609 4738 24
1636 4684 1697 4739 eine

273 4753 339 4807 data
360 4753 443 4809 suerit
464 4758 608 4826 sententia]
634 4759 746 4812 Fetere
765 4758 897 4830 Py(sana)
920 4758 961 4824 Ut,
1014 4760 1073 4814 siue
1087 4761 1125 4814 P·
1160 4759 1432 4830 25benignusP⁶U·
1468 4755 1696 4812 26*a⁴ediliumF

273 4824 297 4878 si
315 4828 477 4880 sententiam
496 4829 542 4894 P0,
566 4830 625 4883 sine
643 4829 779 4883 sententia
797 4829 880 4894 P⁸U·,
900 4845 961 4884 sen·
1014 4832 1048 4886 27
1067 4830 1186 4887 oblatam
1204 4833 1245 4886 P⁰
1288 4834 1323 4888 30
1341 4832 1367 4887 ci
1385 4829 1486 4886 habere
1504 4827 1585 4883 PVU
1627 4827 1664 4882 40
1678 4826 1710 4882 in

272 4896 361 4950 tentia
374 4896 416 4950 V?
448 4900 480 4952 il
491 4899 518 4953 in
528 4899 702 4970 stipulatione
713 4939 733 4954 ..
742 4939 747 4953 .
757 4900 843 4970 partis
852 4921 901 4954 om.
910 4901 946 4954 rt
953 4919 960 4956 :
1014 4921 1062 4956 om.
1077 4905 1116 4956 P·

273 4967 371 5031 tollor
388 4971 594 5039 ιιιιιριικοιιὲιιογ
605 4971 730 5041 χρειῶιὲο
745 4969 814 5026 terra
826 4969 960 5043 emposta
