3504 5340
79 217 197 266 ausus
761 195 841 274 101
1237 159 1240 170 ¹
1326 201 1516 272 stlat-e

81 359 156 414 siex
174 373 261 413 cansa
277 356 331 414 fuit
346 357 493 429 obligatus,
511 372 581 429 quae
599 355 610 427 Ι]
630 363 706 414 camo
723 363 846 430 tempore
863 357 1016 430 liniebatur,
1034 363 1063 416 ιι
1080 364 1202 429 tempore
1219 357 1351 416 liberatus
1363 366 1413 432 est,
1432 360 1516 418 nihilo
1533 371 1590 420 ιιι

82 448 169 502 minus
188 448 361 517 negotiorum
378 453 518 517 gestorum
538 448 644 502 actione
662 447 876 532 oriqobligatus.
903 449 975 504 idem
993 449 1045 504 erit
1062 448 1208 504 ditandum
1227 454 1255 504 ιι
1269 451 1300 504 'lu
1319 463 1353 504 ea
1371 465 1462 520 causa,
1481 447 1516 506 ex

61 547 134 606 iqua
151 536 232 592 heres
251 552 305 592 non
324 542 475 606 teneretur,
499 541 530 592 ut
546 537 690 614 Marcellus
707 535 808 592 scribit.
845 537 914 592 Item
933 538 957 592 si
974 535 1087 594 mudum
1106 542 1183 592 tuum
1202 537 1246 592 uel
1264 539 1384 594 ciuitatis
1402 553 1451 609 per
1469 538 1515 594 ob·
1568 569 1569 574 ι

83 627 230 696 reph’ouem
255 626 361 696 petiero
384 627 523 695 negotium
546 631 624 681 tuum
648 626 693 680 uel
711 625 830 681 ciuitatis
848 641 947 696 gerens
965 630 993 680 et
1010 626 1155 696 ampliores
1173 642 1255 696 quam
1274 628 1394 698 oportuit
1411 625 1516 684 irootm

83 715 348 784 luerocousecutus,
368 714 475 771 debebo
488 714 539 770 hoc
550 715 639 785 ipsum
651 714 701 770 tihi
712 715 758 770 uel
770 715 809 769 rei
821 714 946 784 publicae
958 720 1105 785 praestare,
1124 715 1188 770 licet
1200 721 1294 784 petere
1305 731 1360 770 uon
1372 718 1515 786 potuerim.
1535 731 1548 772 ι

57 815 69 860 ι
84 803 111 860 Si
127 819 300 874 quocumque
320 803 403 860 modo
420 804 489 859 ratio
507 804 736 874 compensationis
754 803 848 859 hahita
865 819 920 859 uon
938 808 982 858 ιιι
999 819 1016 858 a
1033 803 1131 874 iudice,
1153 808 1245 874 potest
1263 805 1399 860 cornerio
1416 805 1516 862 iudicio

84 895 138 963 agi:
160 893 236 962 quod
255 894 280 948 si
296 899 361 963 post
378 894 613 960 examinationem
624 891 784 963 reprobatae
802 891 903 948 inerint
919 892 1108 964 pausationes,
1131 893 1223 948 uerius
1241 897 1284 948 est
1302 895 1380 963 quasi
1399 909 1428 950 re
1445 894 1515 950 iudi·

84 989 142 1038 cata
163 983 282 1052 amplius
306 983 352 1052 agi
375 983 510 1037 contrario
532 981 632 1038 iudicio
657 997 710 1036 uon
728 997 823 1053 posse,
847 982 912 1052 quia
929 981 1054 1050 exceptio
1072 982 1111 1036 rei
1128 981 1265 1037 iudicatae
1283 983 1447 1053 opponenda
1464 989 1514 1040 est.

44 1083 65 1127 a
85 1073 199 1128 lulianus
216 1069 287 1126 hbro
305 1071 387 1126 tertio
405 1075 512 1140 ιιιιιιι,
531 1071 553 1126 si
573 1086 607 1125 ex
625 1069 732 1126 duobus
745 1071 826 1126 sociis
838 1071 907 1126 alter
918 1087 962 1126 me
973 1069 1141 1140 prohibuerit
1152 1071 1349 1142 administrare,
1368 1073 1514 1128 alterncn:
1574 1111 1581 1116 -

85 1178 117 1216 an
137 1161 273 1217 aduersus
291 1175 354 1215 eum
373 1161 420 1230 qui
437 1176 491 1216 nou
508 1158 778 1231 prohibuithaheam
797 1160 968 1230 negotiorum
987 1164 1126 1229 gestorum
1145 1160 1300 1215 achonem?
1330 1155 1462 1216 mouetur
1473 1177 1515 1232 eo,
1536 1177 1563 1217 ιι

86 1249 152 1321 qnod
170 1251 196 1305 si
213 1249 281 1304 data
298 1246 381 1304 luerit
398 1249 530 1304 aduersus
548 1264 610 1304 eum
629 1248 709 1317 actio,
727 1264 840 1304 necesse
859 1249 910 1304 erit
925 1253 953 1303 ιι
964 1263 1027 1304 eum
1039 1249 1158 1320 pertingi
1170 1249 1216 1319 qui
1228 1249 1330 1304 uetuit:
1349 1249 1399 1305 sed
1410 1257 1439 1306 et
1449 1251 1516 1306 lllud

86 1355 141 1396 esse
158 1339 283 1408 iniquum
302 1353 365 1394 euru
384 1338 431 1408 qui
448 1353 503 1394 nou
519 1336 659 1408 prohibuit
676 1337 764 1393 alieno
783 1337 855 1394 lacto
873 1337 989 1407 liberari,
1012 1353 1074 1392 cum
1093 1345 1117 1393 et
1134 1338 1157 1393 si
1175 1343 1297 1392 mutuam
1315 1339 1460 1408 pecuniam
1477 1341 1515 1396 al-

87 1429 130 1483 teri
151 1444 187 1483 ex
205 1428 289 1484 maiis
306 1426 467 1497 prohibente
485 1427 559 1482 socio
577 1425 728 1496 dedissem,
752 1427 847 1497 ulique
865 1441 927 1481 eum
946 1425 1103 1496 obligarem.
1136 1431 1165 1482 et
1181 1431 1248 1497 puto
1267 1427 1416 1483 secundum
1434 1429 1515 1484 lulia-

88 1533 145 1572 rum
168 1515 272 1572 dehere
296 1517 350 1572 dici
373 1531 516 1586 superesse
539 1521 636 1572 couno
652 1531 714 1570 eum
734 1515 780 1585 qui
798 1530 853 1570 nou
870 1513 1008 1584 prohibuit
1025 1515 1195 1586 negotiorum
1214 1519 1353 1585 gestorum
1372 1518 1515 1588 actionem,

88 1606 119 1660 ita
138 1612 234 1662 tarueu
257 1611 290 1660 ut
311 1606 335 1660 is
359 1607 406 1675 qni
427 1604 564 1676 prohibuit
587 1605 719 1660 ex'nulla
742 1608 820 1674 parte
838 1619 926 1674 neque
944 1619 994 1675 per
1011 1605 1222 1675 socium-neque
1239 1605 1395 1676 peripsum
1414 1605 1515 1676 aliquid
1537 1621 1563 1662 ιι

13 1781 77 1857 (9)
89 1693 376 1841 Ἓιῒιᾚιὶιιο
388 1783 475 1853 primo
487 1782 685 1852 quaestionum.
713 1782 878 1852 Pomponius
890 1780 992 1852 scribit,
1009 1781 1033 1837 si
1044 1782 1184 1852 negotium
1198 1787 1253 1838 ate
1265 1797 1358 1852 quam-
1378 1777 1515 1867 Q
1536 1785 1577 1838 'P

90 1873 120 1928 ris
142 1874 218 1928 male
242 1878 353 1944 gestum
371 1871 535 1942 probauero,
560 1871 732 1941 negotiorum
750 1874 857 1926 tamen¹
876 1877 1014 1942 gestorum
1034 1875 1062 1928 te
1080 1871 1145 1926 mihi
1162 1885 1217 1927 nen
1235 1872 1329 1926 teneri.
1366 1872 1515 1928 uidendum

88 1975 143 2034 ugo
166 1977 202 2017 ue
221 1963 252 2016 lu
269 1960 354 2016 dubio
371 1960 437 2030 hoo,
461 1976 495 2015 au
514 1965 603 2014 ratum
621 1959 750 2030 habeam,
774 1960 846 2015 actio
865 1961 1035 2029 negotiorum
1054 1965 1194 2030 gestorum
1212 1959 1343 2030 pendeat:
1368 1975 1431 2016 uam
1449 1975 1515 2030 quo·

86 2051 171 2121 uodo,
191 2067 257 2106 cum
276 2051 361 2106 semel
380 2049 512 2120 coeperit,
531 2049 605 2104 nuda
623 2049 763 2104 uoluntate
780 2048 910 2104 tolletur?
931 2049 986 2106 ,scd
1003 2049 1128 2118 superius
1146 2049 1185 2103 lta
1202 2063 1297 2104 nerum
1315 2063 1345 2104 sa
1362 2053 1472 2120 putare,
1491 2051 1514 2104 si
1535 2068 1563 2107 ιι

83 2137 155 2196 blus
174 2140 267 2194 malm
285 2155 303 2194 a
319 2144 348 2194 te
366 2138 445 2194 absit.
473 2137 619 2194 Scaeuola:
638 2138 721 2193 immo
733 2143 801 2208 puto
812 2141 841 2192 et
852 2138 876 2192 si
888 2136 1070 2208 comprobem,
1090 2135 1180 2192 adhuc
1192 2137 1361 2206 negotiorum
1374 2144 1513 2208 gestorum

79 2231 215 2285 adonem
234 2243 311 2298 esse,
329 2227 379 2282 sed
398 2243 430 2282 eo
447 2227 569 2282 (lictum²
586 2232 615 2282 te
632 2225 698 2282 mihi
716 2241 770 2282 non
788 2226 887 2295 teneri,
906 2225 980 2296 quod
998 2225 1141 2296 reprobare
1158 2241 1212 2282 uon
1230 2227 1332 2297 possim
1351 2228 1435 2283 semel
1452 2243 1513 2298 pro·

77 2313 187 2374 batum
209 2323 240 2373 et
257 2317 487 2388 quemadmodum
505 2316 579 2387 quod
597 2317 699 2372 utiliter
716 2319 825 2385 gestum
844 2319 887 2370 est
904 2329 1017 2370 necesse
1035 2320 1079 2370 ιιι
1096 2315 1169 2386 apud
1187 2315 1304 2372 iudicem
1322 2331 1372 2386 pro
1389 2320 1450 2372 rato
1468 2316 1513 2371 ha·

75 2404 147 2478 beri,
175 2407 218 2462 ita
240 2422 321 2462 omne
339 2406 413 2476 quod
431 2405 466 2460 ab
484 2407 544 2476 ipso
561 2404 706 2476 probatum
725 2409 776 2460 est.
815 2409 935 2460 ceterum
954 2404 977 2458 si
994 2403 1042 2459 ubi
1059 2403 1186 2474 probaui,
1211 2419 1265 2459 non
1283 2409 1327 2460 est
1343 2406 1513 2475 negotiorum

72 2499 164 2553 aetio:
183 2496 252 2566 quid
269 2493 326 2566 liet,
345 2497 369 2550 si
387 2511 405 2550 a
421 2493 543 2550 debitore
560 2509 622 2550 meo
640 2494 763 2564 exegerit
774 2497 803 2548 ιι
813 2492 1005 2564 probauerim?
1032 2491 1259 2563 quemadmodum
1271 2494 1422 2564 recipiam?
1448 2495 1513 2550 item
1534 2509 1561 2552 ιι

71 2587 96 2641 si
115 2585 297 2641 uendiderit?
328 2586 388 2655 ipse
406 2585 522 2653 deniqne
540 2585 563 2639 si
582 2583 647 2652 quid
666 2583 810 2654 impendit,
836 2581 1064 2653 quemadmodum
1082 2583 1214 2653 recipiet?
1245 2597 1309 2638 nam
1327 2583 1421 2654 utique
1438 2599 1513 2640 man·

71 2673 173 2730 datum
192 2689 248 2729 non
267 2680 319 2730 cst.
345 2675 398 2730 erit
414 2674 497 2744 igitur
515 2677 621 2743 etpost
638 2671 856 2728 ratihabitionem
874 2672 1045 2742 negotiorum
1063 2675 1202 2741 gestorum
1219 2672 1299 2727 actio.

13 2747 52 2828 lo)
130 2764 286 2820 Uurrsrrus
302 2763 372 2818 libro
383 2762 489 2818 decimo
501 2761 537 2816 ad
548 2761 676 2816 edictum.
704 2759 760 2818 Sed
772 2778 807 2816 au
818 2763 890 2817 ulho
902 2761 967 2816 mihi
978 2760 1106 2818 tribuitur
1117 2762 1188 2816 aetio
1200 2767 1357 2832 sumptuum
1377 2756 1514 2852 Q
1546 2773 1573 2827 Ε
1615 2767 1617 2770 “

72 2867 148 2924 quos
172 2851 249 2908 iaci?
280 2857 309 2908 et
332 2857 399 2923 puto
417 2856 585 2921 competere,
608 2851 660 2906 uisi
678 2850 877 2920 specialiterld
896 2855 986 2904 actum
1006 2853 1062 2920 est,
1086 2855 1118 2904 ut
1135 2855 1231 2904 neuter
1248 2851 1380 2906 aduersus
1399 2853 1511 2906 alterum

38 2943 52 2990 1
73 2939 181 2998 habeat
203 2941 349 2996 actionem.
385 2941 413 2996 ls
435 2945 526 2996 autem
550 2941 597 3010 qni
615 2940 785 3009 negotiorum
804 2944 942 3009 gestorum
961 2939 1019 3010 agit
1041 2955 1096 2993 nou
1119 2939 1206 2993 solum
1231 2939 1254 2994 si
1272 2939 1399 2994 effectum
1418 2939 1513 2996 hahuit
1532 2957 1560 2997 eo
1657 2941 1659 2946 '

76 3031 221 3101 negotium
241 3029 315 3100 quod
332 3029 429 3099 gessit,
449 3030 555 3084 actione
573 3029 627 3083 ista
643 3033 749 3097 utetur,
768 3028 818 3082 sed
836 3027 950 3098 sufficit,
969 3029 992 3082 si
1010 3027 1112 3082 utiliter
1128 3028 1222 3098 gessit,
1241 3029 1293 3084 etsi
1313 3029 1439 3084 effectum
1459 3025 1514 3085 ιιιΙ

77 3119 177 3175 habuit
195 3119 346 3188 negotium.
374 3124 402 3173 et
419 3118 482 3174 ideo
500 3119 524 3172 sl
541 3117 656 3172 insulam
675 3116 750 3172 lulsit
761 3119 804 3173 uel
818 3133 926 3172 semum
940 3127 1051 3186 aegrum
1065 3117 1178 3186 cumuli,
1197 3117 1304 3172 etiamsi
1315 3117 1405 3172 insula
1416 3125 1514 3174 exusta

79 3215 124 3264 est
141 3209 187 3263 nel
206 3223 304 3262 seruus
322 3206 388 3277 obit,
407 3212 472 3277 aget
489 3207 659 3277 negotiorum
678 3211 832 3276 gestorum:
851 3207 933 3276 idque
952 3211 980 3260 et
997 3205 1090 3261 Labeo
1108 3204 1215 3276 probat.
1243 3205 1291 3260 scd
1309 3210 1341 3260 ut
1358 3206 1454 3262 Celsus
1472 3221 1513 3262 re·

80 3296 147 3366 lert,
165 3297 300 3352 Proculus
318 3295 391 3366 apud
410 3311 471 3350 eum
490 3301 568 3350 notat
585 3309 639 3350 non
658 3309 765 3365 semper
782 3295 883 3350 debera
901 3295 968 3349 dari.
1001 3295 1066 3364 quid
1085 3295 1156 3350 enim
1176 3293 1198 3348 si
1217 3309 1277 3349 eam
1295 3295 1410 3350 insulam
1429 3293 1512 3366 fulsit,

82 3403 163 3456 quam
189 3385 317 3440 dominus
335 3385 413 3454 quasi
431 3385 519 3454 impar
537 3385 657 3455 sumptui
675 3384 859 3453 dereliquerit,
884 3384 928 3438 uel
946 3399 1027 3453 quam
1046 3381 1097 3437 sibi
1115 3384 1296 3440 necessariam
1315 3398 1369 3438 nou
1386 3375 1514 3454 putauit?
1532 3403 1561 3443 ιι
1649 3441 1652 3448 ,

82 3475 220 3544 onerauit,
239 3473 340 3544 inquit,
359 3472 497 3528 dominum
515 3473 665 3528 secundnm
684 3471 819 3528 Labeonis
837 3473 1014 3542 sermotiem,
1033 3487 1095 3526 oum
1113 3473 1259 3542 unicuique
1277 3473 1358 3528 liceat
1375 3478 1404 3527 et
1420 3473 1512 3528 damni

83 3563 175 3620 iniecti
199 3563 308 3620 nomine
331 3577 388 3616 rem
412 3561 605 3632 derelinquere.
640 3561 689 3616 sed
706 3562 787 3616 istam
806 3561 968 3616 senteutiam
988 3561 1082 3616 Celsus
1100 3561 1240 3631 eleganter
1257 3561 1376 3616 deridet:
1399 3561 1512 3618 iscnim

84 3654 255 3723 negotiorum
273 3657 421 3722 gestorum,
439 3651 534 3721 iuquit,
553 3649 636 3706 habet
653 3651 797 3719 actionem,
816 3651 863 3720 qui
880 3649 982 3705 utiliter
999 3651 1110 3719 negotia
1125 3651 1224 3720 gessit:
1243 3665 1297 3705 uon
1309 3655 1401 3705 autern
1413 3650 1514 3705 utiliter

84 3741 194 3812 negotia
211 3742 292 3812 gerit,
309 3741 356 3810 qui
374 3755 431 3794 rem
449 3755 503 3795 uon
521 3739 703 3794 necessariam
723 3737 734 3810 Ι]
754 3739 798 3794 uel
810 3754 880 3808 quae
893 3743 1037 3792 oneratura
1049 3744 1092 3793 est
1103 3743 1208 3810 patrem
1220 3737 1335 3793 familias
1348 3737 1512 3807 adgreditur.
1531 3754 1547 3800 ι.
1558 3751 1595 3802 6ι’

84 3833 157 3886 iuxta
175 3830 229 3886 hoc
248 3835 291 3886 est
308 3835 344 3902 at,
363 3829 436 3898 quod
454 3829 574 3884 Iulianus
592 3827 693 3896 scribit,
712 3843 775 3882 eum
794 3827 840 3896 qni
854 3827 970 3882 insulam
982 3824 1058 3882 fulsit
1069 3828 1113 3882 uel
1125 3843 1234 3884 seruum
1246 3831 1387 3897 aegrotum
1400 3828 1513 3897 curauit,
1532 3846 1561 3886 so

84 3919 181 3974 hahere
200 3919 373 3988 negotiorum
391 3922 530 3987 gestorum
548 3917 692 3986 actionem,
711 3916 735 3970 si
752 3916 854 3971 utiliter
871 3915 923 3970 hoc
941 3913 1050 3985 iaceret,
1068 3917 1133 3971 licet
1150 3922 1265 3972 euentus
1280 3931 1334 3972 nou
1346 3916 1382 3972 sit
1393 3923 1513 3972 secutus.

85 4023 133 4078 ego
152 4023 271 4078 quaero:
291 4005 356 4076 quid
375 4005 399 4060 si
416 4007 523 4076 putauit
540 4021 570 4060 se
588 4005 690 4060 utiliter
707 4003 805 4076 iacere,
825 4004 874 4074 sed
885 4004 956 4074 patri
968 4002 1082 4060 familias
1096 4020 1149 4060 ιιι
1162 4003 1343 4076 expediebat?
1369 4003 1430 4060 dico
1441 4003 1514 4059 hunc

83 4095 233 4165 WLU)

87 4223 93 4255 ¹
109 4219 264 4292 probauero
282 4225 388 4276 tamen:
407 4220 577 4289 negotiorum
595 4218 754 4290 (Krueper)?
825 4219 836 4252 ²
855 4233 887 4272 eo
905 4217 1068 4273 dumtaxat?

83 4345 262 4414 iteraretur]
275 4344 427 4407 F’PVLU,
444 4349 552 4398 tenetur
569 4343 606 4396 F¹
622 4343 627 4412 Ι
643 4341 771 4396 c‘u'inita·
825 4340 937 4397 ‘teu'tiat
954 4343 979 4394 F
1028 4341 1062 4395 19
1080 4341 1186 4396 ιιιίοιι
1204 4355 1266 4410 ueg.
1283 4339 1360 4394 P⁰U⁶
1411 4339 1447 4394 20
1463 4355 1512 4409 pu·

83 4417 115 4472 tis
134 4418 161 4470 F
206 4417 330 4486 dquam
350 4431 395 4486 op.
415 4413 456 4484 iu]
475 4431 556 4485 quam
577 4430 621 4484 op.
641 4414 715 4478 ΡΨ,
738 4413 771 4468 ir.
824 4419 896 4468 taret
919 4413 965 4478 P⁶,
992 4418 1094 4483 puter..
1117 4413 1153 4466 L*
1215 4413 1248 4466 21
1273 4409 1451 4481 comprobant
1473 4412 1513 4464 P⁰

83 4505 160 4560 quam
179 4503 223 4559 op.
241 4489 268 4544 U
311 4489 394 4544 ores
406 4486 531 4557 publicae
544 4487 591 4538 F·‘
608 4489 613 4553 Ι
628 4491 771 4556 potueram
826 4487 860 4540 22
883 4484 994 4554 dotum]
1018 4485 1051 4548 F,
1079 4483 1152 4538 dicto
1175 4483 1282 4536 PVLU
1303 4485 1307 4550 l
1331 4481 1469 4552 reprobari
1492 4483 1519 4535 F

83 4561 127 4613 F*
182 4560 344 4616 caudice
364 4559 403 4611 F’
457 4557 640 4628 lreprohato
661 4558 707 4622 1³⁶,
732 4573 772 4610 re·
826 4555 1064 4626 ‘ltpro‘cu'ratoF
1102 4556 1137 4609 24
1150 4554 1327 4618 acreacre
1340 4554 1515 4609 nouessetU

82 4629 193 4702 probare
215 4633 267 4702 θ’]
283 4629 528 4700 compemaciones
549 4629 654 4682 PVLU
704 4629 773 4682 θαι
826 4627 985 4682 25defitore
998 4628 1123 4702 Ficus)
1139 4627 1143 4693 ]
1159 4626 1295 4696 exegerim
1308 4626 1345 4680 Fi
1360 4627 1365 4694 ]
1380 4624 1512 4696 probaue-

83 4701 580 4759 humusr.u0.FPV1.U00n:raB
621 4700 656 4754 10
674 4699 717 4768 an]
737 4699 773 4754 ad
826 4699 862 4753 rit
873 4699 919 4762 1³⁰,
931 4697 1045 4767 probaui
1055 4698 1091 4751 ι’
1126 4699 1159 4752 27
1173 4697 1244 4766 post]
1257 4697 1343 4766 posF
1373 4695 1512 4766 28‘prim'-

82 4775 116 4828 F·
136 4777 141 4840 Ι
159 4775 317 4846 *prohibuit
342 4773 383 4824 F²
441 4773 473 4826 11
502 4769 627 4840 pertingi]
654 4770 686 4835 F,
713 4786 772 4841 per·
826 4770 932 4824 decimo
951 4769 977 4821 F
1014 4770 1049 4823 32
1067 4767 1388 4832 ιιίιιιιίἰ“ἰιιι1ι“ιιἘ
1407 4767 1513 4822 etiamsi

82 4847 171 4914 caing?
184 4847 291 4904 PVLU
348 4845 383 4898 12
402 4842 471 4911 esse]
485 4839 695 4908 essetPVLUl
711 4857 773 4896 cum
826 4841 941 4896 insulam
955 4839 993 4892 P'
1033 4839 1137 4909 33sed]
1152 4855 1182 4895 se
1195 4841 1234 4894 P⁰
1278 4841 1312 4895 36
1324 4833 1465 4894 onerabit
1476 4839 1514 4891 Fi

82 4915 116 4986 et]
141 4919 244 4988 PVLU,
271 4933 344 4976 oum
365 4915 401 4967 F:
426 4915 447 4967 ei
470 4915 509 4966 κιὶ
589 4914 701 4967 bauslcor
720 4912 772 4982 Β]
827 4913 861 4967 3?
879 4910 1083 4980 *derelinquere
1106 4909 1142 4964 Fb
1163 4913 1168 4978 Ι
1188 4912 1344 4984 *eleganter
1361 4911 1399 4964 F’
1419 4911 1424 4978 1
1444 4909 1513 4963 deri·

83 4994 194 5047 ιιιιιιιιι
209 4995 257 5048 Fu
314 4989 353 5043 13
372 4985 457 5054 socio]
476 4984 551 5040 sbcio
569 4983 615 5037 μ’
661 4985 695 5039 16
713 4999 773 5039 sen·
828 4983 883 5053 det]
897 4982 1004 5038 dederit
1013 4983 1052 5037 Ρο
1087 4983 1266 5054 ceraunon]
1280 4979 1518 5039 nonremPVdU
