<?xml version="1.0" encoding="UTF-8"?>
<!DOCTYPE html PUBLIC "-//W3C//DTD XHTML 1.0 Transitional//EN"
    "http://www.w3.org/TR/xhtml1/DTD/xhtml1-transitional.dtd">
<html xmlns="http://www.w3.org/1999/xhtml" xml:lang="en" lang="en">
 <head>
  <title>
</title>
<meta http-equiv="Content-Type" content="text/html;charset=utf-8" />
  <meta name='ocr-system' content='tesseract 3.04.00' />
  <meta name='ocr-capabilities' content='ocr_page ocr_carea ocr_par ocr_line ocrx_word'/>
</head>
<body>
  <div class='ocr_page' id='page_1' title='image "./digestaiustinia01kruegoog/digestaiustinia01kruegoog_0026.png"; bbox 0 0 3584 5326; ppageno 0'>
   <div class='ocr_carea' id='block_1_1' title="bbox 827 176 944 244">
    <p class='ocr_par' dir='ltr' id='par_1_1' title="bbox 827 176 944 244">
     <span class='ocr_line' id='line_1_1' title="bbox 827 176 944 244; baseline 0 -1"><span class='ocrx_word' id='word_1_1' title='bbox 827 176 944 244; x_wconf 85' lang='lat' dir='ltr'>XVIIII</span> 
     </span>
    </p>
   </div>
   <div class='ocr_carea' id='block_1_2' title="bbox 154 348 1602 4594">
    <p class='ocr_par' dir='ltr' id='par_1_2' title="bbox 154 348 1602 4594">
     <span class='ocr_line' id='line_1_2' title="bbox 164 348 1601 432; baseline 0.006 -30"><span class='ocrx_word' id='word_1_2' title='bbox 164 348 355 418; x_wconf 70' lang='lat' dir='ltr'>elaborarunt,</span> <span class='ocrx_word' id='word_1_3' title='bbox 379 355 472 406; x_wconf 87' lang='lat' dir='ltr'><strong>tamen</strong></span> <span class='ocrx_word' id='word_1_4' title='bbox 495 351 556 406; x_wconf 84' lang='lat' dir='ltr'><strong>aliis</strong></span> <span class='ocrx_word' id='word_1_5' title='bbox 579 352 697 406; x_wconf 87' lang='lat' dir='ltr'><strong>sollertia</strong></span> <span class='ocrx_word' id='word_1_6' title='bbox 718 350 819 420; x_wconf 82' lang='lat' dir='ltr'><strong>defuit,</strong></span> <span class='ocrx_word' id='word_1_7' title='bbox 844 353 904 406; x_wconf 86' lang='lat' dir='ltr'><strong>aliis</strong></span> <span class='ocrx_word' id='word_1_8' title='bbox 923 353 1076 432; x_wconf 84' lang='lat' dir='ltr'><strong>constantia</strong></span> <span class='ocrx_word' id='word_1_9' title='bbox 1098 353 1244 423; x_wconf 76' lang='lat' dir='ltr'><strong>propositi,</strong></span> <span class='ocrx_word' id='word_1_10' title='bbox 1268 352 1386 422; x_wconf 90' lang='lat' dir='ltr'><strong>denique</strong></span> <span class='ocrx_word' id='word_1_11' title='bbox 1405 353 1510 424; x_wconf 88' lang='lat' dir='ltr'><strong>studia,</strong></span> <span class='ocrx_word' id='word_1_12' title='bbox 1529 369 1601 424; x_wconf 86' lang='lat' dir='ltr'><strong>quae</strong></span> 
     </span>
     <span class='ocr_line' id='line_1_3' title="bbox 164 455 1602 530; baseline 0.006 -22"><span class='ocrx_word' id='word_1_13' title='bbox 164 456 278 510; x_wconf 72' lang='lat' dir='ltr'><strong>noculo</strong></span> <span class='ocrx_word' id='word_1_14' title='bbox 290 455 398 514; x_wconf 86' lang='lat' dir='ltr'><strong>decimo</strong></span> <span class='ocrx_word' id='word_1_15' title='bbox 410 462 488 513; x_wconf 86' lang='lat' dir='ltr'><strong>sexto</strong></span> <span class='ocrx_word' id='word_1_16' title='bbox 501 459 547 513; x_wconf 90' lang='lat' dir='ltr'><strong>uel</strong></span> <span class='ocrx_word' id='word_1_17' title='bbox 559 459 640 512; x_wconf 90' lang='lat' dir='ltr'><strong>etiam</strong></span> <span class='ocrx_word' id='word_1_18' title='bbox 653 458 759 514; x_wconf 90' lang='lat' dir='ltr'><strong>decimo</strong></span> <span class='ocrx_word' id='word_1_19' title='bbox 772 463 871 514; x_wconf 90' lang='lat' dir='ltr'><strong>octauo</strong></span> <span class='ocrx_word' id='word_1_20' title='bbox 890 459 964 514; x_wconf 93' lang='lat' dir='ltr'><strong>omni</strong></span> <span class='ocrx_word' id='word_1_21' title='bbox 982 475 1016 515; x_wconf 89' lang='lat' dir='ltr'><strong>ex</strong></span> <span class='ocrx_word' id='word_1_22' title='bbox 1034 463 1112 530; x_wconf 87' lang='lat' dir='ltr'><strong>parte</strong></span> <span class='ocrx_word' id='word_1_23' title='bbox 1125 458 1267 528; x_wconf 87' lang='lat' dir='ltr'><strong>probanda</strong></span> <span class='ocrx_word' id='word_1_24' title='bbox 1279 458 1366 514; x_wconf 89' lang='lat' dir='ltr'><strong>uideri</strong></span> <span class='ocrx_word' id='word_1_25' title='bbox 1383 463 1519 530; x_wconf 90' lang='lat' dir='ltr'><strong>poterant,</strong></span> <span class='ocrx_word' id='word_1_26' title='bbox 1538 465 1602 530; x_wconf 92' lang='lat' dir='ltr'><strong>post</strong></span> 
     </span>
     <span class='ocr_line' id='line_1_4' title="bbox 165 549 1601 637; baseline 0.003 -20"><span class='ocrx_word' id='word_1_27' title='bbox 165 577 199 616; x_wconf 83' lang='lat' dir='ltr'><strong>so</strong></span> <span class='ocrx_word' id='word_1_28' title='bbox 217 564 326 634; x_wconf 90' lang='lat' dir='ltr'><strong>reliquit</strong></span> <span class='ocrx_word' id='word_1_29' title='bbox 343 565 477 635; x_wconf 82' lang='lat' dir='ltr'><strong>perpolIta</strong></span> <span class='ocrx_word' id='word_1_30' title='bbox 494 564 576 620; x_wconf 90' lang='lat' dir='ltr'><strong>buius</strong></span> <span class='ocrx_word' id='word_1_31' title='bbox 594 567 693 620; x_wconf 78' lang='lat' dir='ltr'><strong>aetads</strong></span> <span class='ocrx_word' id='word_1_32' title='bbox 715 564 914 636; x_wconf 90' lang='lat' dir='ltr'><strong>philologorum</strong></span> <span class='ocrx_word' id='word_1_33' title='bbox 933 566 1070 634; x_wconf 80' lang='lat' dir='ltr'>doctriua,</span> <span class='ocrx_word' id='word_1_34' title='bbox 1093 565 1175 628; x_wconf 91' lang='lat' dir='ltr'><strong>modo</strong></span> <span class='ocrx_word' id='word_1_35' title='bbox 1197 567 1244 635; x_wconf 92' lang='lat' dir='ltr'><strong>qui</strong></span> <span class='ocrx_word' id='word_1_36' title='bbox 1257 565 1348 622; x_wconf 68' lang='lat' dir='ltr'><strong>‘hodie</strong></span> <span class='ocrx_word' id='word_1_37' title='bbox 1371 549 1435 622; x_wconf 87' lang='lat' dir='ltr'><strong>sunt</strong></span> <span class='ocrx_word' id='word_1_38' title='bbox 1452 566 1601 637; x_wconf 81' lang='lat' dir='ltr'>prudentes</span> 
     </span>
     <span class='ocr_line' id='line_1_5' title="bbox 165 667 1601 742; baseline 0.003 -19"><span class='ocrx_word' id='word_1_39' title='bbox 165 667 336 726; x_wconf 84' lang='lat' dir='ltr'><strong>abonorum</strong></span> <span class='ocrx_word' id='word_1_40' title='bbox 355 671 507 727; x_wconf 88' lang='lat' dir='ltr'><strong>studiorum</strong></span> <span class='ocrx_word' id='word_1_41' title='bbox 526 673 717 728; x_wconf 81' lang='lat' dir='ltr'><strong>eommunIone</strong></span> <span class='ocrx_word' id='word_1_42' title='bbox 735 687 769 727; x_wconf 91' lang='lat' dir='ltr'><strong>ne</strong></span> <span class='ocrx_word' id='word_1_43' title='bbox 788 672 970 728; x_wconf 88' lang='lat' dir='ltr'><strong>desciuissent</strong></span> <span class='ocrx_word' id='word_1_44' title='bbox 987 672 1043 728; x_wconf 82' lang='lat' dir='ltr'><strong>iere</strong></span> <span class='ocrx_word' id='word_1_45' title='bbox 1062 678 1090 728; x_wconf 92' lang='lat' dir='ltr'><strong>et</strong></span> <span class='ocrx_word' id='word_1_46' title='bbox 1105 673 1133 728; x_wconf 91' lang='lat' dir='ltr'><strong>in</strong></span> <span class='ocrx_word' id='word_1_47' title='bbox 1147 672 1205 728; x_wconf 88' lang='lat' dir='ltr'><strong>dies</strong></span> <span class='ocrx_word' id='word_1_48' title='bbox 1224 673 1312 742; x_wconf 80' lang='lat' dir='ltr'><strong>magis</strong></span> <span class='ocrx_word' id='word_1_49' title='bbox 1330 673 1523 729; x_wconf 70' lang='lat' dir='ltr'><strong>desciscerent.</strong></span> <span class='ocrx_word' id='word_1_50' title='bbox 1551 674 1601 729; x_wconf 91' lang='lat' dir='ltr'><strong>ita-</strong></span> 
     </span>
     <span class='ocr_line' id='line_1_6' title="bbox 165 779 1601 850; baseline 0.003 -18"><span class='ocrx_word' id='word_1_51' title='bbox 165 792 222 846; x_wconf 88' lang='lat' dir='ltr'><strong>que</strong></span> <span class='ocrx_word' id='word_1_52' title='bbox 250 779 360 833; x_wconf 86' lang='lat' dir='ltr'><strong>tertium</strong></span> <span class='ocrx_word' id='word_1_53' title='bbox 382 785 446 850; x_wconf 91' lang='lat' dir='ltr'><strong>post</strong></span> <span class='ocrx_word' id='word_1_54' title='bbox 469 779 625 834; x_wconf 88' lang='lat' dir='ltr'><strong>Taurellum</strong></span> <span class='ocrx_word' id='word_1_55' title='bbox 651 780 799 847; x_wconf 67' lang='lat' dir='ltr'><strong>a.1862s3</strong></span> <span class='ocrx_word' id='word_1_56' title='bbox 823 795 884 835; x_wconf 92' lang='lat' dir='ltr'><strong>meo</strong></span> <span class='ocrx_word' id='word_1_57' title='bbox 911 780 988 836; x_wconf 90' lang='lat' dir='ltr'><strong>iussu</strong></span> <span class='ocrx_word' id='word_1_58' title='bbox 1010 779 1109 835; x_wconf 88' lang='lat' dir='ltr'><strong>librum</strong></span> <span class='ocrx_word' id='word_1_59' title='bbox 1133 785 1315 836; x_wconf 83' lang='lat' dir='ltr'><strong>excusserunt</strong></span> <span class='ocrx_word' id='word_1_60' title='bbox 1343 780 1398 836; x_wconf 90' lang='lat' dir='ltr'><strong>dno</strong></span> <span class='ocrx_word' id='word_1_61' title='bbox 1421 781 1473 836; x_wconf 88' lang='lat' dir='ltr'><strong>uiri</strong></span> <span class='ocrx_word' id='word_1_62' title='bbox 1497 781 1601 836; x_wconf 74' lang='lat' dir='ltr'><strong>suenni</strong></span> 
     </span>
     <span class='ocr_line' id='line_1_7' title="bbox 164 884 1601 957; baseline 0.003 -19"><span class='ocrx_word' id='word_1_63' title='bbox 164 885 303 954; x_wconf 86' lang='lat' dir='ltr'><strong>peritique</strong></span> <span class='ocrx_word' id='word_1_64' title='bbox 327 884 470 956; x_wconf 80' lang='lat' dir='ltr'><strong>Adelphos</strong></span> <span class='ocrx_word' id='word_1_65' title='bbox 494 886 649 955; x_wconf 88' lang='lat' dir='ltr'><strong>Kiessling,</strong></span> <span class='ocrx_word' id='word_1_66' title='bbox 676 886 723 954; x_wconf 91' lang='lat' dir='ltr'><strong>qui</strong></span> <span class='ocrx_word' id='word_1_67' title='bbox 750 887 866 942; x_wconf 90' lang='lat' dir='ltr'><strong>contulit</strong></span> <span class='ocrx_word' id='word_1_68' title='bbox 891 885 989 942; x_wconf 91' lang='lat' dir='ltr'><strong>librum</strong></span> <span class='ocrx_word' id='word_1_69' title='bbox 1014 903 1032 942; x_wconf 88' lang='lat' dir='ltr'><strong>a</strong></span> <span class='ocrx_word' id='word_1_70' title='bbox 1055 887 1145 957; x_wconf 90' lang='lat' dir='ltr'><strong>eapite</strong></span> <span class='ocrx_word' id='word_1_71' title='bbox 1171 902 1258 956; x_wconf 90' lang='lat' dir='ltr'><strong>usque</strong></span> <span class='ocrx_word' id='word_1_72' title='bbox 1286 886 1321 942; x_wconf 88' lang='lat' dir='ltr'><strong>ad</strong></span> <span class='ocrx_word' id='word_1_73' title='bbox 1349 887 1430 942; x_wconf 90' lang='lat' dir='ltr'><strong>buius</strong></span> <span class='ocrx_word' id='word_1_74' title='bbox 1452 887 1496 942; x_wconf 94' lang='lat' dir='ltr'><strong>ed.</strong></span> <span class='ocrx_word' id='word_1_75' title='bbox 1515 887 1601 942; x_wconf 86' lang='lat' dir='ltr'><strong>noll</strong></span> 
     </span>
     <span class='ocr_line' id='line_1_8' title="bbox 164 991 1600 1064; baseline 0.002 -19"><span class='ocrx_word' id='word_1_76' title='bbox 164 1008 195 1060; x_wconf 92' lang='lat' dir='ltr'><strong>p.</strong></span> <span class='ocrx_word' id='word_1_77' title='bbox 208 991 275 1060; x_wconf 81' lang='lat'><strong>593,</strong></span> <span class='ocrx_word' id='word_1_78' title='bbox 299 997 327 1047; x_wconf 86' lang='lat' dir='ltr'><strong>et</strong></span> <span class='ocrx_word' id='word_1_79' title='bbox 344 991 488 1061; x_wconf 83' lang='lat' dir='ltr'><strong>Augustus</strong></span> <span class='ocrx_word' id='word_1_80' title='bbox 505 992 714 1062; x_wconf 83' lang='lat' dir='ltr'><strong>Reifferscheid,</strong></span> <span class='ocrx_word' id='word_1_81' title='bbox 739 994 787 1063; x_wconf 92' lang='lat' dir='ltr'><strong>qui</strong></span> <span class='ocrx_word' id='word_1_82' title='bbox 809 993 906 1063; x_wconf 85' lang='lat' dir='ltr'><strong>relegit</strong></span> <span class='ocrx_word' id='word_1_83' title='bbox 929 995 1046 1064; x_wconf 89' lang='lat' dir='ltr'><strong>reliqna,</strong></span> <span class='ocrx_word' id='word_1_84' title='bbox 1069 998 1173 1050; x_wconf 92' lang='lat' dir='ltr'><strong>utnon</strong></span> <span class='ocrx_word' id='word_1_85' title='bbox 1192 994 1279 1049; x_wconf 89' lang='lat' dir='ltr'><strong>solum</strong></span> <span class='ocrx_word' id='word_1_86' title='bbox 1302 994 1337 1048; x_wconf 94' lang='lat' dir='ltr'><strong>ad</strong></span> <span class='ocrx_word' id='word_1_87' title='bbox 1360 995 1517 1064; x_wconf 82' lang='lat' dir='ltr'><strong>primariam</strong></span> <span class='ocrx_word' id='word_1_88' title='bbox 1536 994 1600 1048; x_wconf 83' lang='lat' dir='ltr'><strong>sori·</strong></span> 
     </span>
     <span class='ocr_line' id='line_1_9' title="bbox 163 1099 1600 1170; baseline 0.003 -18"><span class='ocrx_word' id='word_1_89' title='bbox 163 1103 277 1167; x_wconf 84' lang='lat' dir='ltr'><strong>pturam</strong></span> <span class='ocrx_word' id='word_1_90' title='bbox 305 1099 490 1170; x_wconf 81' lang='lat' dir='ltr'><strong>attenderent,</strong></span> <span class='ocrx_word' id='word_1_91' title='bbox 522 1100 572 1155; x_wconf 89' lang='lat' dir='ltr'><strong>sed</strong></span> <span class='ocrx_word' id='word_1_92' title='bbox 600 1101 681 1156; x_wconf 90' lang='lat' dir='ltr'><strong>etiam</strong></span> <span class='ocrx_word' id='word_1_93' title='bbox 709 1101 831 1156; x_wconf 88' lang='lat' dir='ltr'><strong>cuiusuis</strong></span> <span class='ocrx_word' id='word_1_94' title='bbox 857 1101 956 1156; x_wconf 85' lang='lat' dir='ltr'><strong>aetatis</strong></span> <span class='ocrx_word' id='word_1_95' title='bbox 983 1100 1188 1156; x_wconf 76' lang='lat' dir='ltr'><strong>emendationes</strong></span> <span class='ocrx_word' id='word_1_96' title='bbox 1214 1101 1242 1155; x_wconf 92' lang='lat' dir='ltr'><strong>in</strong></span> <span class='ocrx_word' id='word_1_97' title='bbox 1270 1116 1303 1156; x_wconf 90' lang='lat' dir='ltr'><strong>eo</strong></span> <span class='ocrx_word' id='word_1_98' title='bbox 1334 1100 1403 1156; x_wconf 91' lang='lat' dir='ltr'><strong>libro</strong></span> <span class='ocrx_word' id='word_1_99' title='bbox 1434 1101 1600 1170; x_wconf 84' lang='lat' dir='ltr'><strong>perscriptas</strong></span> 
     </span>
     <span class='ocr_line' id='line_1_10' title="bbox 164 1203 1600 1278; baseline 0.003 -20"><span class='ocrx_word' id='word_1_100' title='bbox 164 1205 227 1274; x_wconf 84' lang='lat' dir='ltr'><strong>pari</strong></span> <span class='ocrx_word' id='word_1_101' title='bbox 246 1203 386 1274; x_wconf 84' lang='lat' dir='ltr'><strong>diligentia</strong></span> <span class='ocrx_word' id='word_1_102' title='bbox 404 1212 547 1262; x_wconf 88' lang='lat' dir='ltr'><strong>enotaront</strong></span> <span class='ocrx_word' id='word_1_103' title='bbox 565 1222 717 1276; x_wconf 90' lang='lat' dir='ltr'><strong>manusque</strong></span> <span class='ocrx_word' id='word_1_104' title='bbox 735 1207 943 1263; x_wconf 77' lang='lat' dir='ltr'><strong>emendatorum</strong></span> <span class='ocrx_word' id='word_1_105' title='bbox 963 1213 1098 1278; x_wconf 88' lang='lat' dir='ltr'><strong>quatenus</strong></span> <span class='ocrx_word' id='word_1_106' title='bbox 1116 1206 1175 1262; x_wconf 86' lang='lat' dir='ltr'><strong>lieri</strong></span> <span class='ocrx_word' id='word_1_107' title='bbox 1193 1212 1289 1277; x_wconf 89' lang='lat' dir='ltr'><strong>posset</strong></span> <span class='ocrx_word' id='word_1_108' title='bbox 1306 1207 1342 1262; x_wconf 89' lang='lat' dir='ltr'><strong>ad</strong></span> <span class='ocrx_word' id='word_1_109' title='bbox 1365 1207 1486 1277; x_wconf 87' lang='lat' dir='ltr'><strong>singulas</strong></span> <span class='ocrx_word' id='word_1_110' title='bbox 1510 1222 1600 1263; x_wconf 90' lang='lat' dir='ltr'><strong>emen·</strong></span> 
     </span>
     <span class='ocr_line' id='line_1_11' title="bbox 164 1310 1601 1385; baseline 0.003 -20"><span class='ocrx_word' id='word_1_111' title='bbox 164 1310 295 1366; x_wconf 78' lang='lat' dir='ltr'><strong>dationes</strong></span> <span class='ocrx_word' id='word_1_112' title='bbox 317 1312 524 1382; x_wconf 86' lang='lat' dir='ltr'><strong>distinguerent.</strong></span> <span class='ocrx_word' id='word_1_113' title='bbox 556 1319 699 1384; x_wconf 87' lang='lat' dir='ltr'><strong>praeterea</strong></span> <span class='ocrx_word' id='word_1_114' title='bbox 722 1329 784 1369; x_wconf 90' lang='lat' dir='ltr'><strong>cum</strong></span> <span class='ocrx_word' id='word_1_115' title='bbox 807 1312 962 1370; x_wconf 80' lang='lat' dir='ltr'><strong>conferrent</strong></span> <span class='ocrx_word' id='word_1_116' title='bbox 983 1313 1081 1370; x_wconf 91' lang='lat' dir='ltr'><strong>librum</strong></span> <span class='ocrx_word' id='word_1_117' title='bbox 1105 1329 1166 1370; x_wconf 91' lang='lat' dir='ltr'><strong>cum</strong></span> <span class='ocrx_word' id='word_1_118' title='bbox 1191 1315 1311 1370; x_wconf 85' lang='lat' dir='ltr'><strong>editione</strong></span> <span class='ocrx_word' id='word_1_119' title='bbox 1333 1314 1536 1385; x_wconf 87' lang='lat' dir='ltr'><strong>Gebaueriana,</strong></span> <span class='ocrx_word' id='word_1_120' title='bbox 1561 1319 1601 1369; x_wconf 90' lang='lat' dir='ltr'><strong>at·</strong></span> 
     </span>
     <span class='ocr_line' id='line_1_12' title="bbox 163 1418 1601 1491; baseline 0.001 -18"><span class='ocrx_word' id='word_1_121' title='bbox 163 1418 282 1474; x_wconf 87' lang='lat' dir='ltr'><strong>tendere</strong></span> <span class='ocrx_word' id='word_1_122' title='bbox 299 1434 347 1474; x_wconf 89' lang='lat' dir='ltr'><strong>eos</strong></span> <span class='ocrx_word' id='word_1_123' title='bbox 365 1420 432 1474; x_wconf 90' lang='lat' dir='ltr'><strong>inssi</strong></span> <span class='ocrx_word' id='word_1_124' title='bbox 451 1421 532 1475; x_wconf 88' lang='lat' dir='ltr'><strong>slmul</strong></span> <span class='ocrx_word' id='word_1_125' title='bbox 549 1420 585 1474; x_wconf 88' lang='lat' dir='ltr'><strong>ad</strong></span> <span class='ocrx_word' id='word_1_126' title='bbox 603 1435 645 1491; x_wconf 89' lang='lat' dir='ltr'><strong>ea,</strong></span> <span class='ocrx_word' id='word_1_127' title='bbox 663 1434 734 1489; x_wconf 87' lang='lat' dir='ltr'><strong>quae</strong></span> <span class='ocrx_word' id='word_1_128' title='bbox 753 1420 787 1475; x_wconf 92' lang='lat' dir='ltr'><strong>de</strong></span> <span class='ocrx_word' id='word_1_129' title='bbox 805 1421 961 1476; x_wconf 81' lang='lat' dir='ltr'><strong>FlorentIno</strong></span> <span class='ocrx_word' id='word_1_130' title='bbox 979 1420 1047 1476; x_wconf 91' lang='lat' dir='ltr'><strong>libro</strong></span> <span class='ocrx_word' id='word_1_131' title='bbox 1066 1421 1094 1476; x_wconf 91' lang='lat' dir='ltr'><strong>in</strong></span> <span class='ocrx_word' id='word_1_132' title='bbox 1112 1423 1184 1477; x_wconf 91' lang='lat' dir='ltr'><strong>notis</strong></span> <span class='ocrx_word' id='word_1_133' title='bbox 1203 1422 1353 1476; x_wconf 84' lang='lat' dir='ltr'><strong>afferuntur</strong></span> <span class='ocrx_word' id='word_1_134' title='bbox 1371 1428 1483 1477; x_wconf 88' lang='lat' dir='ltr'><strong>auctore</strong></span> <span class='ocrx_word' id='word_1_135' title='bbox 1500 1422 1601 1476; x_wconf 90' lang='lat' dir='ltr'><strong>Brenc·</strong></span> 
     </span>
     <span class='ocr_line' id='line_1_13' title="bbox 163 1525 1602 1598; baseline 0.001 -18"><span class='ocrx_word' id='word_1_136' title='bbox 163 1540 278 1594; x_wconf 84' lang='lat' dir='ltr'><strong>mauno,</strong></span> <span class='ocrx_word' id='word_1_137' title='bbox 296 1541 383 1596; x_wconf 87' lang='lat' dir='ltr'><strong>eaque</strong></span> <span class='ocrx_word' id='word_1_138' title='bbox 402 1532 451 1582; x_wconf 90' lang='lat' dir='ltr'><strong>aut</strong></span> <span class='ocrx_word' id='word_1_139' title='bbox 468 1525 628 1582; x_wconf 88' lang='lat' dir='ltr'><strong>confirmare</strong></span> <span class='ocrx_word' id='word_1_140' title='bbox 646 1528 803 1583; x_wconf 91' lang='lat' dir='ltr'><strong>testimonio</strong></span> <span class='ocrx_word' id='word_1_141' title='bbox 817 1543 868 1583; x_wconf 90' lang='lat' dir='ltr'><strong>suo</strong></span> <span class='ocrx_word' id='word_1_142' title='bbox 880 1531 929 1582; x_wconf 89' lang='lat' dir='ltr'><strong>eut</strong></span> <span class='ocrx_word' id='word_1_143' title='bbox 941 1527 1100 1582; x_wconf 86' lang='lat' dir='ltr'><strong>emendare:</strong></span> <span class='ocrx_word' id='word_1_144' title='bbox 1118 1529 1211 1598; x_wconf 90' lang='lat' dir='ltr'><strong>itaque</strong></span> <span class='ocrx_word' id='word_1_145' title='bbox 1230 1527 1276 1584; x_wconf 93' lang='lat' dir='ltr'><strong>ubi</strong></span> <span class='ocrx_word' id='word_1_146' title='bbox 1295 1528 1380 1583; x_wconf 90' lang='lat' dir='ltr'><strong>editio</strong></span> <span class='ocrx_word' id='word_1_147' title='bbox 1398 1528 1467 1583; x_wconf 86' lang='lat' dir='ltr'><strong>baec</strong></span> <span class='ocrx_word' id='word_1_148' title='bbox 1485 1527 1602 1583; x_wconf 89' lang='lat' dir='ltr'><strong>discedit</strong></span> 
     </span>
     <span class='ocr_line' id='line_1_14' title="bbox 164 1632 1601 1704; baseline 0.002 -17"><span class='ocrx_word' id='word_1_149' title='bbox 164 1649 184 1687; x_wconf 79' lang='lat' dir='ltr'><strong>a</strong></span> <span class='ocrx_word' id='word_1_150' title='bbox 202 1633 445 1688; x_wconf 87' lang='lat' dir='ltr'><strong>Brenomannianis</strong></span> <span class='ocrx_word' id='word_1_151' title='bbox 463 1632 612 1704; x_wconf 86' lang='lat' dir='ltr'><strong>Gebaneri,</strong></span> <span class='ocrx_word' id='word_1_152' title='bbox 636 1633 666 1689; x_wconf 92' lang='lat' dir='ltr'><strong>id</strong></span> <span class='ocrx_word' id='word_1_153' title='bbox 686 1633 760 1703; x_wconf 93' lang='lat' dir='ltr'><strong>quod</strong></span> <span class='ocrx_word' id='word_1_154' title='bbox 778 1649 862 1704; x_wconf 88' lang='lat' dir='ltr'><strong>saepe</strong></span> <span class='ocrx_word' id='word_1_155' title='bbox 879 1632 911 1689; x_wconf 87' lang='lat' dir='ltr'><strong>lit</strong></span> <span class='ocrx_word' id='word_1_156' title='bbox 928 1635 1046 1690; x_wconf 82' lang='lat' dir='ltr'><strong>maxIme</strong></span> <span class='ocrx_word' id='word_1_157' title='bbox 1063 1635 1092 1690; x_wconf 91' lang='lat' dir='ltr'><strong>in</strong></span> <span class='ocrx_word' id='word_1_158' title='bbox 1110 1635 1217 1690; x_wconf 89' lang='lat' dir='ltr'><strong>indiciis</strong></span> <span class='ocrx_word' id='word_1_159' title='bbox 1235 1634 1270 1690; x_wconf 90' lang='lat' dir='ltr'><strong>de</strong></span> <span class='ocrx_word' id='word_1_160' title='bbox 1289 1634 1508 1690; x_wconf 84' lang='lat' dir='ltr'><strong>emendationum</strong></span> <span class='ocrx_word' id='word_1_161' title='bbox 1528 1639 1601 1690; x_wconf 88' lang='lat' dir='ltr'><strong>aeta-</strong></span> 
     </span>
     <span class='ocr_line' id='line_1_15' title="bbox 163 1737 1601 1812; baseline 0.002 -18"><span class='ocrx_word' id='word_1_162' title='bbox 163 1737 242 1794; x_wconf 75' lang='lat' dir='ltr'><strong>tibus</strong></span> <span class='ocrx_word' id='word_1_163' title='bbox 266 1745 295 1795; x_wconf 90' lang='lat' dir='ltr'><strong>et</strong></span> <span class='ocrx_word' id='word_1_164' title='bbox 316 1740 486 1810; x_wconf 85' lang='lat' dir='ltr'><strong>auctoribus,</strong></span> <span class='ocrx_word' id='word_1_165' title='bbox 509 1739 561 1796; x_wconf 91' lang='lat' dir='ltr'><strong>boc</strong></span> <span class='ocrx_word' id='word_1_166' title='bbox 584 1739 687 1796; x_wconf 88' lang='lat' dir='ltr'><strong>Iactum</strong></span> <span class='ocrx_word' id='word_1_167' title='bbox 711 1755 765 1795; x_wconf 92' lang='lat' dir='ltr'><strong>non</strong></span> <span class='ocrx_word' id='word_1_168' title='bbox 784 1746 826 1795; x_wconf 91' lang='lat' dir='ltr'><strong>est</strong></span> <span class='ocrx_word' id='word_1_169' title='bbox 844 1741 895 1796; x_wconf 91' lang='lat' dir='ltr'><strong>nisi</strong></span> <span class='ocrx_word' id='word_1_170' title='bbox 914 1742 1049 1797; x_wconf 88' lang='lat' dir='ltr'><strong>contraria</strong></span> <span class='ocrx_word' id='word_1_171' title='bbox 1067 1741 1213 1798; x_wconf 85' lang='lat' dir='ltr'><strong>testatione</strong></span> <span class='ocrx_word' id='word_1_172' title='bbox 1231 1756 1367 1812; x_wconf 88' lang='lat' dir='ltr'><strong>perpensa</strong></span> <span class='ocrx_word' id='word_1_173' title='bbox 1385 1747 1413 1796; x_wconf 89' lang='lat' dir='ltr'><strong>st</strong></span> <span class='ocrx_word' id='word_1_174' title='bbox 1431 1742 1459 1796; x_wconf 87' lang='lat' dir='ltr'><strong>ln</strong></span> <span class='ocrx_word' id='word_1_175' title='bbox 1476 1757 1506 1796; x_wconf 87' lang='lat' dir='ltr'><strong>re</strong></span> <span class='ocrx_word' id='word_1_176' title='bbox 1524 1757 1601 1811; x_wconf 91' lang='lat' dir='ltr'><strong>prae·</strong></span> 
     </span>
     <span class='ocr_line' id='line_1_16' title="bbox 163 1847 1601 1918; baseline 0 -16"><span class='ocrx_word' id='word_1_177' title='bbox 163 1847 240 1902; x_wconf 80' lang='lat' dir='ltr'><strong>senti</strong></span> <span class='ocrx_word' id='word_1_178' title='bbox 258 1848 367 1903; x_wconf 80' lang='lat' dir='ltr'><strong>reiecta</strong></span> <span class='ocrx_word' id='word_1_179' title='bbox 394 1847 513 1917; x_wconf 88' lang='lat' dir='ltr'><strong>deniquo</strong></span> <span class='ocrx_word' id='word_1_180' title='bbox 529 1863 570 1917; x_wconf 85' lang='lat' dir='ltr'><strong>ea,</strong></span> <span class='ocrx_word' id='word_1_181' title='bbox 589 1847 736 1917; x_wconf 90' lang='lat' dir='ltr'><strong>dequibus</strong></span> <span class='ocrx_word' id='word_1_182' title='bbox 753 1852 859 1918; x_wconf 87' lang='lat' dir='ltr'><strong>postea,</strong></span> <span class='ocrx_word' id='word_1_183' title='bbox 879 1847 1053 1903; x_wconf 84' lang='lat' dir='ltr'><strong>Grououiana</strong></span> <span class='ocrx_word' id='word_1_184' title='bbox 1064 1849 1225 1918; x_wconf 89' lang='lat' dir='ltr'><strong>praesertim</strong></span> <span class='ocrx_word' id='word_1_185' title='bbox 1238 1848 1382 1904; x_wconf 91' lang='lat' dir='ltr'><strong>collatione</strong></span> <span class='ocrx_word' id='word_1_186' title='bbox 1394 1847 1525 1918; x_wconf 91' lang='lat' dir='ltr'><strong>adhibita,</strong></span> <span class='ocrx_word' id='word_1_187' title='bbox 1544 1865 1601 1903; x_wconf 87' lang='lat' dir='ltr'><strong>am-</strong></span> 
     </span>
     <span class='ocr_line' id='line_1_17' title="bbox 163 1953 1599 2026; baseline 0 -16"><span class='ocrx_word' id='word_1_188' title='bbox 163 1953 262 2026; x_wconf 84' lang='lat' dir='ltr'><strong>bigere</strong></span> <span class='ocrx_word' id='word_1_189' title='bbox 280 1956 372 2026; x_wconf 88' lang='lat' dir='ltr'><strong>coepi,</strong></span> <span class='ocrx_word' id='word_1_190' title='bbox 396 1969 562 2024; x_wconf 88' lang='lat' dir='ltr'><strong>quamquam</strong></span> <span class='ocrx_word' id='word_1_191' title='bbox 581 1970 615 2009; x_wconf 90' lang='lat' dir='ltr'><strong>ea</strong></span> <span class='ocrx_word' id='word_1_192' title='bbox 632 1970 721 2024; x_wconf 87' lang='lat' dir='ltr'><strong>pauca</strong></span> <span class='ocrx_word' id='word_1_193' title='bbox 739 1953 848 2011; x_wconf 85' lang='lat' dir='ltr'><strong>fuerunt</strong></span> <span class='ocrx_word' id='word_1_194' title='bbox 872 1959 901 2010; x_wconf 90' lang='lat' dir='ltr'><strong>et</strong></span> <span class='ocrx_word' id='word_1_195' title='bbox 921 1953 978 2011; x_wconf 87' lang='lat' dir='ltr'><strong>fere</strong></span> <span class='ocrx_word' id='word_1_196' title='bbox 996 1955 1111 2026; x_wconf 86' lang='lat' dir='ltr'><strong>exigua,</strong></span> <span class='ocrx_word' id='word_1_197' title='bbox 1135 1961 1229 2010; x_wconf 90' lang='lat' dir='ltr'><strong>tamen</strong></span> <span class='ocrx_word' id='word_1_198' title='bbox 1247 1955 1338 2010; x_wconf 87' lang='lat' dir='ltr'><strong>omnia</strong></span> <span class='ocrx_word' id='word_1_199' title='bbox 1356 1954 1470 2010; x_wconf 89' lang='lat' dir='ltr'><strong>submisi</strong></span> <span class='ocrx_word' id='word_1_200' title='bbox 1488 1955 1599 2010; x_wconf 83' lang='lat' dir='ltr'><strong>Reiffer-</strong></span> 
     </span>
     <span class='ocr_line' id='line_1_18' title="bbox 162 2039 1600 2132; baseline -0.001 -14"><span class='ocrx_word' id='word_1_201' title='bbox 162 2062 288 2118; x_wconf 82' lang='lat' dir='ltr'><strong>scheidio</strong></span> <span class='ocrx_word' id='word_1_202' title='bbox 306 2078 331 2116; x_wconf 86' lang='lat' dir='ltr'><strong>a.</strong></span> <span class='ocrx_word' id='word_1_203' title='bbox 346 2063 415 2118; x_wconf 86' lang='grc'><strong>1866</strong></span> <span class='ocrx_word' id='word_1_204' title='bbox 433 2062 462 2116; x_wconf 85' lang='lat' dir='ltr'><strong>iu</strong></span> <span class='ocrx_word' id='word_1_205' title='bbox 480 2041 585 2116; x_wconf 86' lang='lat' dir='ltr'><strong>Italiam</strong></span> <span class='ocrx_word' id='word_1_206' title='bbox 604 2077 728 2132; x_wconf 88' lang='lat' dir='ltr'><strong>reuerso,</strong></span> <span class='ocrx_word' id='word_1_207' title='bbox 746 2066 778 2116; x_wconf 91' lang='lat' dir='ltr'><strong>ut</strong></span> <span class='ocrx_word' id='word_1_208' title='bbox 795 2062 894 2117; x_wconf 89' lang='lat' dir='ltr'><strong>iterata</strong></span> <span class='ocrx_word' id='word_1_209' title='bbox 910 2061 973 2118; x_wconf 90' lang='lat' dir='ltr'><strong>libri</strong></span> <span class='ocrx_word' id='word_1_210' title='bbox 990 2039 1159 2132; x_wconf 79' lang='lat' dir='ltr'><strong>inspectione</strong></span> <span class='ocrx_word' id='word_1_211' title='bbox 1178 2061 1290 2117; x_wconf 90' lang='lat' dir='ltr'><strong>dubium</strong></span> <span class='ocrx_word' id='word_1_212' title='bbox 1310 2061 1470 2117; x_wconf 91' lang='lat' dir='ltr'><strong>solueretur.</strong></span> <span class='ocrx_word' id='word_1_213' title='bbox 1502 2061 1600 2116; x_wconf 89' lang='lat' dir='ltr'><strong>deinde</strong></span> 
     </span>
     <span class='ocr_line' id='line_1_19' title="bbox 162 2168 1600 2240; baseline 0.001 -18"><span class='ocrx_word' id='word_1_214' title='bbox 162 2177 230 2240; x_wconf 89' lang='lat' dir='ltr'><strong>post</strong></span> <span class='ocrx_word' id='word_1_215' title='bbox 257 2168 408 2224; x_wconf 85' lang='lat' dir='ltr'><strong>discessum</strong></span> <span class='ocrx_word' id='word_1_216' title='bbox 430 2169 646 2224; x_wconf 81' lang='lat' dir='ltr'><strong>Reifferscheidii</strong></span> <span class='ocrx_word' id='word_1_217' title='bbox 673 2183 789 2238; x_wconf 87' lang='lat' dir='ltr'><strong>magnae</strong></span> <span class='ocrx_word' id='word_1_218' title='bbox 818 2169 897 2224; x_wconf 91' lang='lat' dir='ltr'><strong>molis</strong></span> <span class='ocrx_word' id='word_1_219' title='bbox 921 2169 1089 2224; x_wconf 90' lang='lat' dir='ltr'><strong>uoluminum</strong></span> <span class='ocrx_word' id='word_1_220' title='bbox 1112 2169 1292 2238; x_wconf 84' lang='lat' dir='ltr'><strong>impressione</strong></span> <span class='ocrx_word' id='word_1_221' title='bbox 1318 2183 1368 2238; x_wconf 89' lang='lat' dir='ltr'><strong>per</strong></span> <span class='ocrx_word' id='word_1_222' title='bbox 1394 2169 1486 2238; x_wconf 84' lang='lat' dir='ltr'><strong>plures</strong></span> <span class='ocrx_word' id='word_1_223' title='bbox 1514 2184 1600 2224; x_wconf 87' lang='lat' dir='ltr'><strong>annos</strong></span> 
     </span>
     <span class='ocr_line' id='line_1_20' title="bbox 162 2274 1600 2347; baseline 0 -17"><span class='ocrx_word' id='word_1_224' title='bbox 162 2281 290 2331; x_wconf 83' lang='lat' dir='ltr'><strong>extracta</strong></span> <span class='ocrx_word' id='word_1_225' title='bbox 313 2276 427 2346; x_wconf 87' lang='lat' dir='ltr'><strong>aliisque</strong></span> <span class='ocrx_word' id='word_1_226' title='bbox 449 2279 481 2330; x_wconf 91' lang='lat' dir='ltr'><strong>ut</strong></span> <span class='ocrx_word' id='word_1_227' title='bbox 502 2274 535 2330; x_wconf 90' lang='lat' dir='ltr'><strong>fit</strong></span> <span class='ocrx_word' id='word_1_228' title='bbox 556 2281 621 2346; x_wconf 87' lang='lat' dir='ltr'><strong>post</strong></span> <span class='ocrx_word' id='word_1_229' title='bbox 638 2277 706 2330; x_wconf 88' lang='lat' dir='ltr'><strong>alias</strong></span> <span class='ocrx_word' id='word_1_230' title='bbox 724 2274 940 2331; x_wconf 82' lang='lat' dir='ltr'><strong>dubitationibus</strong></span> <span class='ocrx_word' id='word_1_231' title='bbox 958 2291 1041 2345; x_wconf 91' lang='lat' dir='ltr'><strong>opere</strong></span> <span class='ocrx_word' id='word_1_232' title='bbox 1058 2275 1251 2347; x_wconf 83' lang='lat' dir='ltr'><strong>progrediente</strong></span> <span class='ocrx_word' id='word_1_233' title='bbox 1270 2274 1498 2331; x_wconf 81' lang='lat' dir='ltr'><strong>subnascentibus</strong></span> <span class='ocrx_word' id='word_1_234' title='bbox 1515 2276 1544 2330; x_wconf 90' lang='lat' dir='ltr'><strong>in</strong></span> <span class='ocrx_word' id='word_1_235' title='bbox 1561 2276 1600 2331; x_wconf 93' lang='lat' dir='ltr'><strong>lo·</strong></span> 
     </span>
     <span class='ocr_line' id='line_1_21' title="bbox 161 2381 1599 2454; baseline 0 -17"><span class='ocrx_word' id='word_1_236' title='bbox 161 2398 228 2438; x_wconf 87' lang='lat' dir='ltr'><strong>cnm</strong></span> <span class='ocrx_word' id='word_1_237' title='bbox 252 2383 312 2438; x_wconf 88' lang='lat' dir='ltr'><strong>eius</strong></span> <span class='ocrx_word' id='word_1_238' title='bbox 329 2383 459 2454; x_wconf 85' lang='lat' dir='ltr'><strong>deinceps</strong></span> <span class='ocrx_word' id='word_1_239' title='bbox 477 2389 673 2438; x_wconf 89' lang='lat' dir='ltr'><strong>successerunt</strong></span> <span class='ocrx_word' id='word_1_240' title='bbox 687 2383 732 2437; x_wconf 91' lang='lat' dir='ltr'><strong>alii</strong></span> <span class='ocrx_word' id='word_1_241' title='bbox 750 2383 802 2438; x_wconf 86' lang='lat' dir='ltr'><strong>uiri</strong></span> <span class='ocrx_word' id='word_1_242' title='bbox 820 2381 894 2439; x_wconf 87' lang='lat' dir='ltr'><strong>docti</strong></span> <span class='ocrx_word' id='word_1_243' title='bbox 912 2388 941 2438; x_wconf 92' lang='lat' dir='ltr'><strong>et</strong></span> <span class='ocrx_word' id='word_1_244' title='bbox 958 2383 1024 2438; x_wconf 92' lang='lat' dir='ltr'><strong>mibi</strong></span> <span class='ocrx_word' id='word_1_245' title='bbox 1042 2383 1135 2454; x_wconf 82' lang='lat' dir='ltr'><strong>amIcI,</strong></span> <span class='ocrx_word' id='word_1_246' title='bbox 1154 2383 1315 2452; x_wconf 89' lang='lat' dir='ltr'><strong>praesertim</strong></span> <span class='ocrx_word' id='word_1_247' title='bbox 1333 2383 1491 2453; x_wconf 84' lang='lat' dir='ltr'><strong>Kruegerus</strong></span> <span class='ocrx_word' id='word_1_248' title='bbox 1510 2383 1599 2452; x_wconf 90' lang='lat' dir='ltr'><strong>operis</strong></span> 
     </span>
     <span class='ocr_line' id='line_1_22' title="bbox 162 2489 1598 2560; baseline -0.001 -14"><span class='ocrx_word' id='word_1_249' title='bbox 162 2490 272 2559; x_wconf 89' lang='lat' dir='ltr'><strong>socius,</strong></span> <span class='ocrx_word' id='word_1_250' title='bbox 295 2490 342 2560; x_wconf 89' lang='lat' dir='ltr'><strong>qui</strong></span> <span class='ocrx_word' id='word_1_251' title='bbox 361 2495 389 2545; x_wconf 92' lang='lat' dir='ltr'><strong>et</strong></span> <span class='ocrx_word' id='word_1_252' title='bbox 406 2491 460 2546; x_wconf 87' lang='lat' dir='ltr'><strong>alia</strong></span> <span class='ocrx_word' id='word_1_253' title='bbox 477 2505 539 2545; x_wconf 90' lang='lat' dir='ltr'><strong>eum</strong></span> <span class='ocrx_word' id='word_1_254' title='bbox 557 2489 648 2544; x_wconf 84' lang='lat' dir='ltr'><strong>irnotn</strong></span> <span class='ocrx_word' id='word_1_255' title='bbox 666 2490 834 2546; x_wconf 88' lang='lat' dir='ltr'><strong>examinauit</strong></span> <span class='ocrx_word' id='word_1_256' title='bbox 852 2496 880 2546; x_wconf 91' lang='lat' dir='ltr'><strong>et</strong></span> <span class='ocrx_word' id='word_1_257' title='bbox 896 2494 953 2546; x_wconf 87' lang='lat' dir='ltr'><strong>tres</strong></span> <span class='ocrx_word' id='word_1_258' title='bbox 971 2491 1066 2546; x_wconf 85' lang='lat' dir='ltr'><strong>titulos</strong></span> <span class='ocrx_word' id='word_1_259' title='bbox 1084 2492 1109 2560; x_wconf 89' lang='lat'><strong>1,</strong></span> <span class='ocrx_word' id='word_1_260' title='bbox 1124 2491 1150 2546; x_wconf 82' lang='lat'><strong>2.</strong></span> <span class='ocrx_word' id='word_1_261' title='bbox 1169 2491 1211 2560; x_wconf 87' lang='grc'><strong>28,</strong></span> <span class='ocrx_word' id='word_1_262' title='bbox 1225 2492 1250 2546; x_wconf 82' lang='grc'><strong>2.</strong></span> <span class='ocrx_word' id='word_1_263' title='bbox 1270 2489 1343 2560; x_wconf 83' lang='grc'><strong><em>34,3</em></strong></span> <span class='ocrx_word' id='word_1_264' title='bbox 1361 2489 1397 2544; x_wconf 84' lang='lat' dir='ltr'><strong>ad</strong></span> <span class='ocrx_word' id='word_1_265' title='bbox 1415 2489 1485 2544; x_wconf 87' lang='lat' dir='ltr'><strong>hano</strong></span> <span class='ocrx_word' id='word_1_266' title='bbox 1503 2489 1598 2545; x_wconf 80' lang='lat' dir='ltr'><strong>editIo-</strong></span> 
     </span>
     <span class='ocr_line' id='line_1_23' title="bbox 161 2594 1599 2668; baseline -0.001 -16"><span class='ocrx_word' id='word_1_267' title='bbox 161 2613 229 2652; x_wconf 86' lang='lat' dir='ltr'><strong>nem</strong></span> <span class='ocrx_word' id='word_1_268' title='bbox 247 2596 337 2653; x_wconf 88' lang='lat' dir='ltr'><strong>denuo</strong></span> <span class='ocrx_word' id='word_1_269' title='bbox 356 2613 417 2652; x_wconf 91' lang='lat' dir='ltr'><strong>cum</strong></span> <span class='ocrx_word' id='word_1_270' title='bbox 436 2597 584 2668; x_wconf 88' lang='lat' dir='ltr'><strong>exemplari</strong></span> <span class='ocrx_word' id='word_1_271' title='bbox 603 2597 729 2667; x_wconf 88' lang='lat' dir='ltr'><strong>eontulit,</strong></span> <span class='ocrx_word' id='word_1_272' title='bbox 754 2603 782 2652; x_wconf 92' lang='lat' dir='ltr'><strong>et</strong></span> <span class='ocrx_word' id='word_1_273' title='bbox 800 2594 934 2652; x_wconf 73' lang='lat' dir='ltr'><strong>liudolfus</strong></span> <span class='ocrx_word' id='word_1_274' title='bbox 952 2595 1116 2665; x_wconf 77' lang='lat' dir='ltr'><strong>Schoenida,</strong></span> <span class='ocrx_word' id='word_1_275' title='bbox 1141 2597 1219 2652; x_wconf 85' lang='lat' dir='ltr'><strong>cuins</strong></span> <span class='ocrx_word' id='word_1_276' title='bbox 1241 2612 1292 2666; x_wconf 90' lang='lat' dir='ltr'><strong>per</strong></span> <span class='ocrx_word' id='word_1_277' title='bbox 1313 2597 1417 2667; x_wconf 87' lang='lat' dir='ltr'><strong>aliquot</strong></span> <span class='ocrx_word' id='word_1_278' title='bbox 1434 2611 1520 2652; x_wconf 89' lang='lat' dir='ltr'><strong>annos</strong></span> <span class='ocrx_word' id='word_1_279' title='bbox 1537 2595 1599 2650; x_wconf 81' lang='lat' dir='ltr'><strong>Flo·</strong></span> 
     </span>
     <span class='ocr_line' id='line_1_24' title="bbox 160 2702 1598 2774; baseline -0.001 -14"><span class='ocrx_word' id='word_1_280' title='bbox 160 2705 270 2760; x_wconf 80' lang='lat' dir='ltr'><strong>tentiae</strong></span> <span class='ocrx_word' id='word_1_281' title='bbox 291 2704 418 2774; x_wconf 88' lang='lat' dir='ltr'><strong>degentis</strong></span> <span class='ocrx_word' id='word_1_282' title='bbox 441 2704 571 2759; x_wconf 82' lang='lat' dir='ltr'><strong>auxilium</strong></span> <span class='ocrx_word' id='word_1_283' title='bbox 593 2705 754 2773; x_wconf 88' lang='lat' dir='ltr'><strong>saepissime</strong></span> <span class='ocrx_word' id='word_1_284' title='bbox 772 2719 860 2773; x_wconf 90' lang='lat' dir='ltr'><strong>noque</strong></span> <span class='ocrx_word' id='word_1_285' title='bbox 878 2719 1007 2774; x_wconf 89' lang='lat' dir='ltr'><strong>nmquam</strong></span> <span class='ocrx_word' id='word_1_286' title='bbox 1025 2702 1127 2760; x_wconf 86' lang='lat' dir='ltr'><strong>frustra</strong></span> <span class='ocrx_word' id='word_1_287' title='bbox 1145 2703 1329 2774; x_wconf 89' lang='lat' dir='ltr'><strong>aduocabam‚</strong></span> <span class='ocrx_word' id='word_1_288' title='bbox 1353 2704 1418 2759; x_wconf 92' lang='lat' dir='ltr'><strong>item</strong></span> <span class='ocrx_word' id='word_1_289' title='bbox 1438 2703 1598 2760; x_wconf 82' lang='lat' dir='ltr'><strong>Theodorus</strong></span> 
     </span>
     <span class='ocr_line' id='line_1_25' title="bbox 160 2809 1597 2883; baseline -0.001 -17"><span class='ocrx_word' id='word_1_290' title='bbox 160 2812 293 2883; x_wconf 82' lang='lat' dir='ltr'><strong>Heysins,</strong></span> <span class='ocrx_word' id='word_1_291' title='bbox 312 2811 453 2867; x_wconf 85' lang='lat' dir='ltr'><strong>Gustauns</strong></span> <span class='ocrx_word' id='word_1_292' title='bbox 470 2810 598 2882; x_wconf 87' lang='lat' dir='ltr'><strong>Partbey,</strong></span> <span class='ocrx_word' id='word_1_293' title='bbox 616 2811 750 2865; x_wconf 86' lang='lat' dir='ltr'><strong>Ernestns</strong></span> <span class='ocrx_word' id='word_1_294' title='bbox 768 2810 872 2879; x_wconf 86' lang='lat' dir='ltr'><strong>Robde,</strong></span> <span class='ocrx_word' id='word_1_295' title='bbox 892 2811 1000 2865; x_wconf 84' lang='lat' dir='ltr'><strong>Aeneas</strong></span> <span class='ocrx_word' id='word_1_296' title='bbox 1013 2809 1114 2866; x_wconf 90' lang='lat' dir='ltr'><strong>Siluius</strong></span> <span class='ocrx_word' id='word_1_297' title='bbox 1125 2811 1301 2866; x_wconf 88' lang='lat' dir='ltr'><strong>PiecoIomini</strong></span> <span class='ocrx_word' id='word_1_298' title='bbox 1319 2811 1418 2881; x_wconf 89' lang='lat' dir='ltr'><strong>aliique</strong></span> <span class='ocrx_word' id='word_1_299' title='bbox 1435 2825 1490 2866; x_wconf 92' lang='lat' dir='ltr'><strong>non</strong></span> <span class='ocrx_word' id='word_1_300' title='bbox 1508 2811 1597 2882; x_wconf 72' lang='lat' dir='ltr'><strong>pauci</strong></span> 
     </span>
     <span class='ocr_line' id='line_1_26' title="bbox 160 2915 1597 2988; baseline -0.001 -14"><span class='ocrx_word' id='word_1_301' title='bbox 160 2935 181 2974; x_wconf 86' lang='lat' dir='ltr'><strong>a</strong></span> <span class='ocrx_word' id='word_1_302' title='bbox 199 2918 300 2988; x_wconf 84' lang='lat' dir='ltr'><strong>quibus</strong></span> <span class='ocrx_word' id='word_1_303' title='bbox 317 2920 477 2988; x_wconf 86' lang='lat' dir='ltr'><strong>praestitam</strong></span> <span class='ocrx_word' id='word_1_304' title='bbox 492 2917 557 2973; x_wconf 89' lang='lat' dir='ltr'><strong>mihi</strong></span> <span class='ocrx_word' id='word_1_305' title='bbox 569 2933 681 2987; x_wconf 90' lang='lat' dir='ltr'><strong>operam</strong></span> <span class='ocrx_word' id='word_1_306' title='bbox 694 2923 725 2972; x_wconf 87' lang='lat' dir='ltr'><strong>ut</strong></span> <span class='ocrx_word' id='word_1_307' title='bbox 736 2923 816 2986; x_wconf 84' lang='lat' dir='ltr'><strong>grato</strong></span> <span class='ocrx_word' id='word_1_308' title='bbox 829 2917 919 2972; x_wconf 88' lang='lat' dir='ltr'><strong>animo</strong></span> <span class='ocrx_word' id='word_1_309' title='bbox 932 2918 1099 2988; x_wconf 87' lang='lat' dir='ltr'><strong>reminiscor,</strong></span> <span class='ocrx_word' id='word_1_310' title='bbox 1118 2919 1157 2972; x_wconf 82' lang='lat' dir='ltr'><strong>Ita</strong></span> <span class='ocrx_word' id='word_1_311' title='bbox 1168 2918 1243 2988; x_wconf 88' lang='lat' dir='ltr'><strong>ipsos</strong></span> <span class='ocrx_word' id='word_1_312' title='bbox 1256 2933 1365 2988; x_wconf 90' lang='lat' dir='ltr'><strong>quoque</strong></span> <span class='ocrx_word' id='word_1_313' title='bbox 1378 2915 1485 2974; x_wconf 85' lang='lat' dir='ltr'><strong>confido</strong></span> <span class='ocrx_word' id='word_1_314' title='bbox 1497 2917 1597 2974; x_wconf 89' lang='lat' dir='ltr'><strong>uastis·</strong></span> 
     </span>
     <span class='ocr_line' id='line_1_27' title="bbox 160 2999 1597 3096; baseline -0.001 -16"><span class='ocrx_word' id='word_1_315' title='bbox 160 3027 227 3081; x_wconf 87' lang='lat' dir='ltr'><strong>simi</strong></span> <span class='ocrx_word' id='word_1_316' title='bbox 245 3031 273 3080; x_wconf 92' lang='lat' dir='ltr'><strong>et</strong></span> <span class='ocrx_word' id='word_1_317' title='bbox 291 2999 427 3080; x_wconf 86' lang='lat' dir='ltr'><strong>utilissimi</strong></span> <span class='ocrx_word' id='word_1_318' title='bbox 444 3023 506 3080; x_wconf 87' lang='lat' dir='ltr'><strong>libri</strong></span> <span class='ocrx_word' id='word_1_319' title='bbox 523 3040 578 3080; x_wconf 92' lang='lat' dir='ltr'><strong>non</strong></span> <span class='ocrx_word' id='word_1_320' title='bbox 596 3023 675 3079; x_wconf 81' lang='lat' dir='ltr'><strong>iaoile</strong></span> <span class='ocrx_word' id='word_1_321' title='bbox 694 3023 878 3080; x_wconf 87' lang='lat' dir='ltr'><strong>absoluendae</strong></span> <span class='ocrx_word' id='word_1_322' title='bbox 890 3023 1090 3080; x_wconf 87' lang='lat' dir='ltr'><strong>retractationis</strong></span> <span class='ocrx_word' id='word_1_323' title='bbox 1103 3024 1267 3096; x_wconf 84' lang='lat' dir='ltr'><strong>adiutorium</strong></span> <span class='ocrx_word' id='word_1_324' title='bbox 1285 3025 1381 3080; x_wconf 91' lang='lat' dir='ltr'><strong>libenti</strong></span> <span class='ocrx_word' id='word_1_325' title='bbox 1399 3025 1490 3081; x_wconf 90' lang='lat' dir='ltr'><strong>animo</strong></span> <span class='ocrx_word' id='word_1_326' title='bbox 1509 3039 1597 3080; x_wconf 86' lang='lat' dir='ltr'><strong>reeor-</strong></span> 
     </span>
     <span class='ocr_line' id='line_1_28' title="bbox 160 3131 1598 3201; baseline -0.001 -14"><span class='ocrx_word' id='word_1_327' title='bbox 160 3133 278 3188; x_wconf 81' lang='lat' dir='ltr'><strong>datnros</strong></span> <span class='ocrx_word' id='word_1_328' title='bbox 300 3135 379 3188; x_wconf 51' lang='lat' dir='ltr'><strong>esse(</strong></span> <span class='ocrx_word' id='word_1_329' title='bbox 398 3132 439 3188; x_wconf 87' lang='lat' dir='ltr'><strong>sio</strong></span> <span class='ocrx_word' id='word_1_330' title='bbox 456 3133 510 3186; x_wconf 86' lang='lat' dir='ltr'><strong>ism</strong></span> <span class='ocrx_word' id='word_1_331' title='bbox 529 3147 591 3186; x_wconf 91' lang='lat' dir='ltr'><strong>oum</strong></span> <span class='ocrx_word' id='word_1_332' title='bbox 610 3146 672 3187; x_wconf 87' lang='lat' dir='ltr'><strong>mea</strong></span> <span class='ocrx_word' id='word_1_333' title='bbox 690 3135 849 3201; x_wconf 88' lang='lat' dir='ltr'><strong>operatum</strong></span> <span class='ocrx_word' id='word_1_334' title='bbox 867 3131 973 3187; x_wconf 88' lang='lat' dir='ltr'><strong>illorum</strong></span> <span class='ocrx_word' id='word_1_335' title='bbox 991 3132 1126 3187; x_wconf 89' lang='lat' dir='ltr'><strong>industria</strong></span> <span class='ocrx_word' id='word_1_336' title='bbox 1144 3133 1188 3188; x_wconf 90' lang='lat' dir='ltr'><strong>uel</strong></span> <span class='ocrx_word' id='word_1_337' title='bbox 1206 3131 1234 3186; x_wconf 91' lang='lat' dir='ltr'><strong>in</strong></span> <span class='ocrx_word' id='word_1_338' title='bbox 1252 3132 1369 3186; x_wconf 91' lang='lat' dir='ltr'><strong>minimis</strong></span> <span class='ocrx_word' id='word_1_339' title='bbox 1388 3131 1423 3186; x_wconf 91' lang='lat' dir='ltr'><strong>de</strong></span> <span class='ocrx_word' id='word_1_340' title='bbox 1441 3131 1598 3188; x_wconf 81' lang='lat' dir='ltr'><strong>Florentina</strong></span> 
     </span>
     <span class='ocr_line' id='line_1_29' title="bbox 159 3233 1597 3309; baseline -0.001 -14"><span class='ocrx_word' id='word_1_341' title='bbox 159 3240 281 3295; x_wconf 86' lang='lat' dir='ltr'><strong>lectione</strong></span> <span class='ocrx_word' id='word_1_342' title='bbox 298 3240 365 3294; x_wconf 84' lang='lat' dir='ltr'><strong>satir</strong></span> <span class='ocrx_word' id='word_1_343' title='bbox 383 3238 493 3294; x_wconf 91' lang='lat' dir='ltr'><strong>uidetur</strong></span> <span class='ocrx_word' id='word_1_344' title='bbox 510 3233 636 3294; x_wconf 86' lang='lat' dir='ltr'><strong>constare</strong></span> <span class='ocrx_word' id='word_1_345' title='bbox 654 3243 836 3308; x_wconf 85' lang='lat' dir='ltr'><strong>poteruntque</strong></span> <span class='ocrx_word' id='word_1_346' title='bbox 854 3239 950 3308; x_wconf 91' lang='lat' dir='ltr'><strong>opinor</strong></span> <span class='ocrx_word' id='word_1_347' title='bbox 970 3239 1018 3308; x_wconf 90' lang='lat' dir='ltr'><strong>qni</strong></span> <span class='ocrx_word' id='word_1_348' title='bbox 1034 3239 1101 3294; x_wconf 91' lang='lat' dir='ltr'><strong>iuris</strong></span> <span class='ocrx_word' id='word_1_349' title='bbox 1119 3239 1217 3294; x_wconf 90' lang='lat' dir='ltr'><strong>studiis</strong></span> <span class='ocrx_word' id='word_1_350' title='bbox 1236 3253 1347 3309; x_wconf 88' lang='lat' dir='ltr'><strong>operam</strong></span> <span class='ocrx_word' id='word_1_351' title='bbox 1365 3237 1433 3294; x_wconf 85' lang='lat' dir='ltr'><strong>dant</strong></span> <span class='ocrx_word' id='word_1_352' title='bbox 1449 3239 1479 3294; x_wconf 91' lang='lat' dir='ltr'><strong>in</strong></span> <span class='ocrx_word' id='word_1_353' title='bbox 1496 3239 1597 3294; x_wconf 87' lang='lat' dir='ltr'><strong>discre-</strong></span> 
     </span>
     <span class='ocr_line' id='line_1_30' title="bbox 160 3344 1596 3417; baseline -0.001 -16"><span class='ocrx_word' id='word_1_354' title='bbox 160 3347 259 3417; x_wconf 80' lang='lat' dir='ltr'><strong>pantia</strong></span> <span class='ocrx_word' id='word_1_355' title='bbox 282 3347 432 3416; x_wconf 87' lang='lat' dir='ltr'><strong>scripturae</strong></span> <span class='ocrx_word' id='word_1_356' title='bbox 454 3361 489 3401; x_wconf 87' lang='lat' dir='ltr'><strong>ex</strong></span> <span class='ocrx_word' id='word_1_357' title='bbox 510 3345 579 3400; x_wconf 90' lang='lat' dir='ltr'><strong>libro</strong></span> <span class='ocrx_word' id='word_1_358' title='bbox 602 3345 758 3400; x_wconf 84' lang='lat' dir='ltr'><strong>Florentino</strong></span> <span class='ocrx_word' id='word_1_359' title='bbox 779 3347 808 3400; x_wconf 93' lang='lat' dir='ltr'><strong>in</strong></span> <span class='ocrx_word' id='word_1_360' title='bbox 828 3344 880 3400; x_wconf 89' lang='lat' dir='ltr'><strong>bac</strong></span> <span class='ocrx_word' id='word_1_361' title='bbox 901 3345 1021 3401; x_wconf 88' lang='lat' dir='ltr'><strong>editione</strong></span> <span class='ocrx_word' id='word_1_362' title='bbox 1044 3350 1156 3402; x_wconf 86' lang='lat' dir='ltr'><strong>enotata</strong></span> <span class='ocrx_word' id='word_1_363' title='bbox 1175 3346 1339 3402; x_wconf 90' lang='lat' dir='ltr'><strong>testimoniis</strong></span> <span class='ocrx_word' id='word_1_364' title='bbox 1360 3344 1398 3400; x_wconf 91' lang='lat' dir='ltr'><strong>ibi</strong></span> <span class='ocrx_word' id='word_1_365' title='bbox 1419 3359 1527 3415; x_wconf 91' lang='lat' dir='ltr'><strong>quoqne</strong></span> <span class='ocrx_word' id='word_1_366' title='bbox 1549 3345 1596 3400; x_wconf 91' lang='lat' dir='ltr'><strong>ad·</strong></span> 
     </span>
     <span class='ocr_line' id='line_1_31' title="bbox 160 3451 1595 3524; baseline -0.001 -16"><span class='ocrx_word' id='word_1_367' title='bbox 160 3453 317 3524; x_wconf 87' lang='lat' dir='ltr'><strong>quiescere,</strong></span> <span class='ocrx_word' id='word_1_368' title='bbox 345 3452 393 3508; x_wconf 91' lang='lat' dir='ltr'><strong>nbi</strong></span> <span class='ocrx_word' id='word_1_369' title='bbox 419 3451 573 3522; x_wconf 84' lang='lat' dir='ltr'><strong>refragatur</strong></span> <span class='ocrx_word' id='word_1_370' title='bbox 600 3451 764 3506; x_wconf 85' lang='lat' dir='ltr'><strong>testimoniis</strong></span> <span class='ocrx_word' id='word_1_371' title='bbox 788 3457 929 3507; x_wconf 87' lang='lat' dir='ltr'><strong>auctorum</strong></span> <span class='ocrx_word' id='word_1_372' title='bbox 954 3452 1146 3522; x_wconf 90' lang='lat' dir='ltr'><strong>antiquiorum.</strong></span> <span class='ocrx_word' id='word_1_373' title='bbox 1182 3469 1246 3507; x_wconf 91' lang='lat' dir='ltr'><strong>nam</strong></span> <span class='ocrx_word' id='word_1_374' title='bbox 1274 3452 1309 3508; x_wconf 90' lang='lat' dir='ltr'><strong>de</strong></span> <span class='ocrx_word' id='word_1_375' title='bbox 1332 3451 1469 3508; x_wconf 88' lang='lat' dir='ltr'><strong>erroribus</strong></span> <span class='ocrx_word' id='word_1_376' title='bbox 1493 3467 1595 3522; x_wconf 87' lang='lat' dir='ltr'><strong>eornm,</strong></span> 
     </span>
     <span class='ocr_line' id='line_1_32' title="bbox 159 3558 1596 3629; baseline -0.001 -14"><span class='ocrx_word' id='word_1_377' title='bbox 159 3561 281 3616; x_wconf 84' lang='lat' dir='ltr'><strong>maxime</strong></span> <span class='ocrx_word' id='word_1_378' title='bbox 294 3559 414 3615; x_wconf 89' lang='lat' dir='ltr'><strong>Taurelli</strong></span> <span class='ocrx_word' id='word_1_379' title='bbox 425 3565 454 3615; x_wconf 93' lang='lat' dir='ltr'><strong>et</strong></span> <span class='ocrx_word' id='word_1_380' title='bbox 464 3559 654 3628; x_wconf 89' lang='lat' dir='ltr'><strong>Brenomanni,</strong></span> <span class='ocrx_word' id='word_1_381' title='bbox 667 3559 694 3613; x_wconf 93' lang='lat' dir='ltr'><strong>in</strong></span> <span class='ocrx_word' id='word_1_382' title='bbox 706 3559 784 3613; x_wconf 91' lang='lat' dir='ltr'><strong>uaria</strong></span> <span class='ocrx_word' id='word_1_383' title='bbox 794 3559 911 3614; x_wconf 90' lang='lat' dir='ltr'><strong>lectione</strong></span> <span class='ocrx_word' id='word_1_384' title='bbox 922 3559 1082 3629; x_wconf 90' lang='lat' dir='ltr'><strong>plerumque</strong></span> <span class='ocrx_word' id='word_1_385' title='bbox 1094 3559 1168 3614; x_wconf 79' lang='lat' dir='ltr'><strong>tactu</strong></span> <span class='ocrx_word' id='word_1_386' title='bbox 1180 3558 1217 3614; x_wconf 92' lang='lat' dir='ltr'><strong>ibi</strong></span> <span class='ocrx_word' id='word_1_387' title='bbox 1231 3563 1339 3614; x_wconf 87' lang='lat' dir='ltr'><strong>tanturn</strong></span> <span class='ocrx_word' id='word_1_388' title='bbox 1353 3559 1489 3614; x_wconf 90' lang='lat' dir='ltr'><strong>mentione</strong></span> <span class='ocrx_word' id='word_1_389' title='bbox 1502 3574 1596 3616; x_wconf 85' lang='lat' dir='ltr'><strong>eormn</strong></span> 
     </span>
     <span class='ocr_line' id='line_1_33' title="bbox 158 3664 1597 3736; baseline 0.001 -14"><span class='ocrx_word' id='word_1_390' title='bbox 158 3665 249 3736; x_wconf 66' lang='lat' dir='ltr'><strong>suta,</strong></span> <span class='ocrx_word' id='word_1_391' title='bbox 271 3667 317 3722; x_wconf 90' lang='lat' dir='ltr'><strong>ubi</strong></span> <span class='ocrx_word' id='word_1_392' title='bbox 339 3667 428 3722; x_wconf 84' lang='lat' dir='ltr'><strong>iustae</strong></span> <span class='ocrx_word' id='word_1_393' title='bbox 449 3665 612 3721; x_wconf 88' lang='lat' dir='ltr'><strong>dubitationi</strong></span> <span class='ocrx_word' id='word_1_394' title='bbox 632 3664 829 3720; x_wconf 89' lang='lat' dir='ltr'><strong>occurrendum</strong></span> <span class='ocrx_word' id='word_1_395' title='bbox 850 3681 912 3720; x_wconf 88' lang='lat' dir='ltr'><strong>esse</strong></span> <span class='ocrx_word' id='word_1_396' title='bbox 929 3665 1130 3736; x_wconf 79' lang='lat' dir='ltr'><strong>Intellegebam.</strong></span> <span class='ocrx_word' id='word_1_397' title='bbox 1158 3665 1368 3736; x_wconf 83' lang='lat' dir='ltr'><strong>diligentissima</strong></span> <span class='ocrx_word' id='word_1_398' title='bbox 1388 3671 1480 3722; x_wconf 72' lang='lat' dir='ltr'><strong>summ</strong></span> <span class='ocrx_word' id='word_1_399' title='bbox 1503 3667 1597 3723; x_wconf 77' lang='lat' dir='ltr'><strong>nomae</strong></span> 
     </span>
     <span class='ocr_line' id='line_1_34' title="bbox 157 3771 1595 3844; baseline -0.001 -14"><span class='ocrx_word' id='word_1_400' title='bbox 157 3774 287 3830; x_wconf 87' lang='lat' dir='ltr'><strong>lectionis</strong></span> <span class='ocrx_word' id='word_1_401' title='bbox 298 3773 428 3830; x_wconf 88' lang='lat' dir='ltr'><strong>indicatio</strong></span> <span class='ocrx_word' id='word_1_402' title='bbox 440 3773 469 3828; x_wconf 89' lang='lat' dir='ltr'><strong>in</strong></span> <span class='ocrx_word' id='word_1_403' title='bbox 481 3773 534 3828; x_wconf 88' lang='lat' dir='ltr'><strong>hoc</strong></span> <span class='ocrx_word' id='word_1_404' title='bbox 546 3778 620 3828; x_wconf 91' lang='lat' dir='ltr'><strong>certe</strong></span> <span class='ocrx_word' id='word_1_405' title='bbox 631 3771 700 3827; x_wconf 89' lang='lat' dir='ltr'><strong>libro</strong></span> <span class='ocrx_word' id='word_1_406' title='bbox 713 3772 823 3827; x_wconf 77' lang='lat' dir='ltr'><strong>minIme</strong></span> <span class='ocrx_word' id='word_1_407' title='bbox 835 3788 1007 3842; x_wconf 85' lang='lat' dir='ltr'><strong>superuacua</strong></span> <span class='ocrx_word' id='word_1_408' title='bbox 1018 3777 1070 3842; x_wconf 93' lang='lat' dir='ltr'><strong>est,</strong></span> <span class='ocrx_word' id='word_1_409' title='bbox 1083 3788 1145 3828; x_wconf 89' lang='lat' dir='ltr'><strong>cum</strong></span> <span class='ocrx_word' id='word_1_410' title='bbox 1158 3773 1186 3828; x_wconf 85' lang='lat' dir='ltr'><strong>ln</strong></span> <span class='ocrx_word' id='word_1_411' title='bbox 1198 3773 1359 3843; x_wconf 86' lang='lat' dir='ltr'><strong>quaestione</strong></span> <span class='ocrx_word' id='word_1_412' title='bbox 1372 3773 1595 3844; x_wconf 85' lang='lat' dir='ltr'><strong>implicatissima,</strong></span> 
     </span>
     <span class='ocr_line' id='line_1_35' title="bbox 156 3879 1595 3951; baseline -0.001 -15"><span class='ocrx_word' id='word_1_413' title='bbox 156 3887 298 3951; x_wconf 80' lang='lat' dir='ltr'><strong>quatenus</strong></span> <span class='ocrx_word' id='word_1_414' title='bbox 316 3881 429 3936; x_wconf 90' lang='lat' dir='ltr'><strong>secundi</strong></span> <span class='ocrx_word' id='word_1_415' title='bbox 446 3879 549 3935; x_wconf 90' lang='lat' dir='ltr'><strong>ordinis</strong></span> <span class='ocrx_word' id='word_1_416' title='bbox 565 3879 626 3936; x_wconf 90' lang='lat' dir='ltr'><strong>libri</strong></span> <span class='ocrx_word' id='word_1_417' title='bbox 645 3879 773 3949; x_wconf 87' lang='lat' dir='ltr'><strong>descripti</strong></span> <span class='ocrx_word' id='word_1_418' title='bbox 791 3894 853 3934; x_wconf 90' lang='lat' dir='ltr'><strong>esse</strong></span> <span class='ocrx_word' id='word_1_419' title='bbox 871 3879 959 3935; x_wconf 85' lang='lat' dir='ltr'><strong>uideri</strong></span> <span class='ocrx_word' id='word_1_420' title='bbox 975 3881 1083 3950; x_wconf 76' lang='lat' dir='ltr'><strong>possiet</strong></span> <span class='ocrx_word' id='word_1_421' title='bbox 1100 3895 1135 3935; x_wconf 85' lang='lat' dir='ltr'><strong>ex</strong></span> <span class='ocrx_word' id='word_1_422' title='bbox 1152 3879 1317 3949; x_wconf 78' lang='lat' dir='ltr'><strong>Florentino,</strong></span> <span class='ocrx_word' id='word_1_423' title='bbox 1336 3881 1419 3934; x_wconf 89' lang='lat' dir='ltr'><strong>etiam</strong></span> <span class='ocrx_word' id='word_1_424' title='bbox 1439 3895 1489 3936; x_wconf 89' lang='lat' dir='ltr'><strong>eae</strong></span> <span class='ocrx_word' id='word_1_425' title='bbox 1508 3885 1595 3936; x_wconf 89' lang='lat' dir='ltr'><strong>muta-</strong></span> 
     </span>
     <span class='ocr_line' id='line_1_36' title="bbox 155 3985 1596 4057; baseline -0.001 -14"><span class='ocrx_word' id='word_1_426' title='bbox 155 3987 251 4044; x_wconf 84' lang='lat' dir='ltr'><strong>tiones</strong></span> <span class='ocrx_word' id='word_1_427' title='bbox 267 3991 436 4043; x_wconf 91' lang='lat' dir='ltr'><strong>momentum</strong></span> <span class='ocrx_word' id='word_1_428' title='bbox 454 4003 534 4042; x_wconf 89' lang='lat' dir='ltr'><strong>snum</strong></span> <span class='ocrx_word' id='word_1_429' title='bbox 552 3985 685 4057; x_wconf 89' lang='lat' dir='ltr'><strong>babeant,</strong></span> <span class='ocrx_word' id='word_1_430' title='bbox 710 4001 782 4057; x_wconf 91' lang='lat' dir='ltr'><strong>quae</strong></span> <span class='ocrx_word' id='word_1_431' title='bbox 804 4001 859 4042; x_wconf 91' lang='lat' dir='ltr'><strong>non</strong></span> <span class='ocrx_word' id='word_1_432' title='bbox 883 3985 985 4042; x_wconf 90' lang='lat' dir='ltr'><strong>babent</strong></span> <span class='ocrx_word' id='word_1_433' title='bbox 1008 3987 1044 4042; x_wconf 87' lang='lat' dir='ltr'><strong>ad</strong></span> <span class='ocrx_word' id='word_1_434' title='bbox 1067 3987 1211 4042; x_wconf 90' lang='lat' dir='ltr'><strong>lectionem</strong></span> <span class='ocrx_word' id='word_1_435' title='bbox 1230 3986 1458 4042; x_wconf 86' lang='lat' dir='ltr'><strong>constituendum.</strong></span> <span class='ocrx_word' id='word_1_436' title='bbox 1488 3986 1596 4041; x_wconf 88' lang='lat' dir='ltr'><strong>accedit</strong></span> 
     </span>
     <span class='ocr_line' id='line_1_37' title="bbox 156 4092 1595 4165; baseline -0.002 -14"><span class='ocrx_word' id='word_1_437' title='bbox 156 4093 236 4151; x_wconf 88' lang='lat' dir='ltr'><strong>aliud</strong></span> <span class='ocrx_word' id='word_1_438' title='bbox 254 4095 337 4165; x_wconf 87' lang='lat' dir='ltr'><strong>idque</strong></span> <span class='ocrx_word' id='word_1_439' title='bbox 355 4095 555 4165; x_wconf 84' lang='lat' dir='ltr'><strong>grauissimum,</strong></span> <span class='ocrx_word' id='word_1_440' title='bbox 574 4093 647 4163; x_wconf 92' lang='lat' dir='ltr'><strong>qnod</strong></span> <span class='ocrx_word' id='word_1_441' title='bbox 664 4093 733 4149; x_wconf 89' lang='lat' dir='ltr'><strong>liber</strong></span> <span class='ocrx_word' id='word_1_442' title='bbox 749 4092 921 4149; x_wconf 81' lang='lat' dir='ltr'><strong>Florentinus</strong></span> <span class='ocrx_word' id='word_1_443' title='bbox 939 4093 1035 4149; x_wconf 88' lang='lat' dir='ltr'><strong>eadem</strong></span> <span class='ocrx_word' id='word_1_444' title='bbox 1055 4098 1146 4150; x_wconf 89' lang='lat' dir='ltr'><strong>aetate</strong></span> <span class='ocrx_word' id='word_1_445' title='bbox 1164 4109 1219 4164; x_wconf 90' lang='lat' dir='ltr'><strong>qua</strong></span> <span class='ocrx_word' id='word_1_446' title='bbox 1237 4093 1354 4164; x_wconf 90' lang='lat' dir='ltr'><strong>scriptus</strong></span> <span class='ocrx_word' id='word_1_447' title='bbox 1374 4099 1418 4148; x_wconf 92' lang='lat' dir='ltr'><strong>est</strong></span> <span class='ocrx_word' id='word_1_448' title='bbox 1433 4098 1595 4163; x_wconf 87' lang='lat' dir='ltr'><strong>perpetuam</strong></span> 
     </span>
     <span class='ocr_line' id='line_1_38' title="bbox 155 4198 1595 4271; baseline -0.003 -12"><span class='ocrx_word' id='word_1_449' title='bbox 155 4201 379 4259; x_wconf 83' lang='lat' dir='ltr'><strong>emendationem</strong></span> <span class='ocrx_word' id='word_1_450' title='bbox 392 4201 477 4257; x_wconf 77' lang='lat' dir='ltr'><strong>subiIt</strong></span> <span class='ocrx_word' id='word_1_451' title='bbox 488 4201 523 4256; x_wconf 89' lang='lat' dir='ltr'><strong>ad</strong></span> <span class='ocrx_word' id='word_1_452' title='bbox 542 4202 695 4271; x_wconf 85' lang='lat' dir='ltr'><strong>exemplum</strong></span> <span class='ocrx_word' id='word_1_453' title='bbox 708 4201 877 4270; x_wconf 85' lang='lat' dir='ltr'><strong>digestorum</strong></span> <span class='ocrx_word' id='word_1_454' title='bbox 890 4201 1108 4270; x_wconf 89' lang='lat' dir='ltr'><strong>antiquissimum</strong></span> <span class='ocrx_word' id='word_1_455' title='bbox 1126 4207 1154 4256; x_wconf 92' lang='lat' dir='ltr'><strong>et</strong></span> <span class='ocrx_word' id='word_1_456' title='bbox 1166 4201 1298 4270; x_wconf 84' lang='lat' dir='ltr'><strong>optImum</strong></span> <span class='ocrx_word' id='word_1_457' title='bbox 1312 4198 1473 4270; x_wconf 86' lang='lat' dir='ltr'><strong>conlectam,</strong></span> <span class='ocrx_word' id='word_1_458' title='bbox 1492 4205 1524 4254; x_wconf 94' lang='lat' dir='ltr'><strong>ut</strong></span> <span class='ocrx_word' id='word_1_459' title='bbox 1540 4200 1595 4255; x_wconf 90' lang='lat' dir='ltr'><strong>iam</strong></span> 
     </span>
     <span class='ocr_line' id='line_1_39' title="bbox 155 4305 1595 4378; baseline -0.003 -13"><span class='ocrx_word' id='word_1_460' title='bbox 155 4325 233 4365; x_wconf 80' lang='lat' dir='ltr'><strong>uuus</strong></span> <span class='ocrx_word' id='word_1_461' title='bbox 251 4307 320 4364; x_wconf 86' lang='lat' dir='ltr'><strong>liber</strong></span> <span class='ocrx_word' id='word_1_462' title='bbox 336 4307 452 4366; x_wconf 85' lang='lat' dir='ltr'><strong>duorum</strong></span> <span class='ocrx_word' id='word_1_463' title='bbox 469 4309 555 4364; x_wconf 91' lang='lat' dir='ltr'><strong>instar</strong></span> <span class='ocrx_word' id='word_1_464' title='bbox 566 4309 614 4362; x_wconf 91' lang='lat' dir='ltr'><strong>sit:</strong></span> <span class='ocrx_word' id='word_1_465' title='bbox 633 4308 662 4364; x_wconf 95' lang='lat' dir='ltr'><strong>id</strong></span> <span class='ocrx_word' id='word_1_466' title='bbox 680 4307 753 4378; x_wconf 92' lang='lat' dir='ltr'><strong>quod</strong></span> <span class='ocrx_word' id='word_1_467' title='bbox 771 4323 937 4378; x_wconf 87' lang='lat' dir='ltr'><strong>quamquam</strong></span> <span class='ocrx_word' id='word_1_468' title='bbox 956 4313 1019 4362; x_wconf 88' lang='lat' dir='ltr'><strong>ante</strong></span> <span class='ocrx_word' id='word_1_469' title='bbox 1038 4323 1088 4363; x_wconf 93' lang='lat' dir='ltr'><strong>nos</strong></span> <span class='ocrx_word' id='word_1_470' title='bbox 1106 4323 1278 4377; x_wconf 86' lang='lat' dir='ltr'><strong>nequaquam</strong></span> <span class='ocrx_word' id='word_1_471' title='bbox 1297 4305 1483 4376; x_wconf 79' lang='lat' dir='ltr'><strong>ignorabatur,</strong></span> <span class='ocrx_word' id='word_1_472' title='bbox 1502 4311 1595 4361; x_wconf 87' lang='lat' dir='ltr'><strong>tamen</strong></span> 
     </span>
     <span class='ocr_line' id='line_1_40' title="bbox 154 4413 1594 4487; baseline -0.003 -16"><span class='ocrx_word' id='word_1_473' title='bbox 154 4421 297 4487; x_wconf 86' lang='lat' dir='ltr'><strong>quatenus</strong></span> <span class='ocrx_word' id='word_1_474' title='bbox 310 4416 452 4486; x_wconf 88' lang='lat' dir='ltr'><strong>perueniat</strong></span> <span class='ocrx_word' id='word_1_475' title='bbox 462 4429 535 4470; x_wconf 90' lang='lat' dir='ltr'><strong>nunc</strong></span> <span class='ocrx_word' id='word_1_476' title='bbox 547 4414 657 4470; x_wconf 90' lang='lat' dir='ltr'><strong>demum</strong></span> <span class='ocrx_word' id='word_1_477' title='bbox 670 4414 843 4484; x_wconf 88' lang='lat' dir='ltr'><strong>intellegitur,</strong></span> <span class='ocrx_word' id='word_1_478' title='bbox 862 4429 924 4469; x_wconf 91' lang='lat' dir='ltr'><strong>oum</strong></span> <span class='ocrx_word' id='word_1_479' title='bbox 937 4429 972 4470; x_wconf 87' lang='lat' dir='ltr'><strong>ex</strong></span> <span class='ocrx_word' id='word_1_480' title='bbox 984 4413 1219 4470; x_wconf 89' lang='lat' dir='ltr'><strong>emendationibus</strong></span> <span class='ocrx_word' id='word_1_481' title='bbox 1232 4429 1329 4469; x_wconf 89' lang='lat' dir='ltr'><strong>manus</strong></span> <span class='ocrx_word' id='word_1_482' title='bbox 1342 4413 1479 4469; x_wconf 86' lang='lat' dir='ltr'><strong>secundae</strong></span> <span class='ocrx_word' id='word_1_483' title='bbox 1492 4413 1594 4482; x_wconf 87' lang='lat' dir='ltr'><strong>plerae-</strong></span> 
     </span>
     <span class='ocr_line' id='line_1_41' title="bbox 155 4519 1594 4594; baseline -0.004 -15"><span class='ocrx_word' id='word_1_484' title='bbox 155 4539 214 4594; x_wconf 89' lang='lat' dir='ltr'><strong>que</strong></span> <span class='ocrx_word' id='word_1_485' title='bbox 226 4537 331 4594; x_wconf 78' lang='lat' dir='ltr'><strong>eaeqne</strong></span> <span class='ocrx_word' id='word_1_486' title='bbox 349 4523 469 4593; x_wconf 91' lang='lat' dir='ltr'><strong>optimae</strong></span> <span class='ocrx_word' id='word_1_487' title='bbox 481 4521 554 4594; x_wconf 90' lang='lat' dir='ltr'><strong>apud</strong></span> <span class='ocrx_word' id='word_1_488' title='bbox 566 4522 670 4592; x_wconf 91' lang='lat' dir='ltr'><strong>priores</strong></span> <span class='ocrx_word' id='word_1_489' title='bbox 682 4521 801 4577; x_wconf 90' lang='lat' dir='ltr'><strong>editores</strong></span> <span class='ocrx_word' id='word_1_490' title='bbox 814 4521 897 4576; x_wconf 87' lang='lat' dir='ltr'><strong>tacite</strong></span> <span class='ocrx_word' id='word_1_491' title='bbox 910 4523 998 4592; x_wconf 87' lang='lat' dir='ltr'><strong>magis</strong></span> <span class='ocrx_word' id='word_1_492' title='bbox 1011 4521 1147 4577; x_wconf 87' lang='lat' dir='ltr'><strong>admissae</strong></span> <span class='ocrx_word' id='word_1_493' title='bbox 1159 4522 1214 4576; x_wconf 91' lang='lat' dir='ltr'><strong>sint</strong></span> <span class='ocrx_word' id='word_1_494' title='bbox 1226 4536 1308 4590; x_wconf 91' lang='lat' dir='ltr'><strong>quam</strong></span> <span class='ocrx_word' id='word_1_495' title='bbox 1322 4521 1424 4576; x_wconf 90' lang='lat' dir='ltr'><strong>diserte</strong></span> <span class='ocrx_word' id='word_1_496' title='bbox 1437 4519 1594 4574; x_wconf 85' lang='lat' dir='ltr'><strong>adnotatae.</strong></span> 
     </span>
    </p>
   </div>
   <div class='ocr_carea' id='block_1_3' title="bbox 211 4732 1754 4806">
    <p class='ocr_par' dir='ltr' id='par_1_3' title="bbox 211 4732 1754 4806">
     <span class='ocr_line' id='line_1_42' title="bbox 211 4732 1754 4806; baseline -0.007 -15"><span class='ocrx_word' id='word_1_497' title='bbox 211 4735 443 4792; x_wconf 75' lang='lat' dir='ltr'><strong>Pmestantissimi</strong></span> <span class='ocrx_word' id='word_1_498' title='bbox 460 4733 522 4790; x_wconf 93' lang='lat' dir='ltr'><strong>libri</strong></span> <span class='ocrx_word' id='word_1_499' title='bbox 539 4736 720 4806; x_wconf 89' lang='lat' dir='ltr'><strong>proprietates</strong></span> <span class='ocrx_word' id='word_1_500' title='bbox 738 4740 885 4805; x_wconf 87' lang='lat' dir='ltr'><strong>antequam</strong></span> <span class='ocrx_word' id='word_1_501' title='bbox 904 4739 1071 4804; x_wconf 80' lang='lat' dir='ltr'><strong>edomentur,</strong></span> <span class='ocrx_word' id='word_1_502' title='bbox 1089 4735 1206 4805; x_wconf 92' lang='lat' dir='ltr'><strong>primum</strong></span> <span class='ocrx_word' id='word_1_503' title='bbox 1218 4733 1413 4802; x_wconf 79' lang='lat' dir='ltr'><strong>recognitionis</strong></span> <span class='ocrx_word' id='word_1_504' title='bbox 1425 4732 1492 4801; x_wconf 89' lang='lat' dir='ltr'><strong>eins,</strong></span> <span class='ocrx_word' id='word_1_505' title='bbox 1510 4746 1593 4800; x_wconf 91' lang='lat' dir='ltr'><strong>quam</strong></span> <span class='ocrx_word' id='word_1_506' title='bbox 1612 4747 1754 4803; x_wconf 74' lang='lat' dir='ltr'><strong>Recogniuo-</strong></span> 
     </span>
    </p>
   </div>
   <div class='ocr_carea' id='block_1_4' title="bbox 152 4809 1755 4917">
    <p class='ocr_par' dir='ltr' id='par_1_4' title="bbox 152 4809 1755 4917">
     <span class='ocr_line' id='line_1_43' title="bbox 152 4809 1755 4917; baseline -0.006 -17"><span class='ocrx_word' id='word_1_507' title='bbox 152 4843 285 4900; x_wconf 82' lang='lat' dir='ltr'><strong>dedimus</strong></span> <span class='ocrx_word' id='word_1_508' title='bbox 308 4843 336 4900; x_wconf 90' lang='lat' dir='ltr'><strong>in</strong></span> <span class='ocrx_word' id='word_1_509' title='bbox 360 4843 493 4911; x_wconf 89' lang='lat' dir='ltr'><strong>editione,</strong></span> <span class='ocrx_word' id='word_1_510' title='bbox 518 4841 573 4898; x_wconf 91' lang='lat' dir='ltr'><strong>duo</strong></span> <span class='ocrx_word' id='word_1_511' title='bbox 596 4843 786 4914; x_wconf 89' lang='lat' dir='ltr'><strong>supplementa</strong></span> <span class='ocrx_word' id='word_1_512' title='bbox 808 4842 938 4899; x_wconf 86' lang='lat' dir='ltr'><strong>hocloco</strong></span> <span class='ocrx_word' id='word_1_513' title='bbox 956 4841 1134 4913; x_wconf 89' lang='lat' dir='ltr'><strong>proponenda</strong></span> <span class='ocrx_word' id='word_1_514' title='bbox 1152 4845 1217 4896; x_wconf 90' lang='lat' dir='ltr'><strong>sunt</strong></span> <span class='ocrx_word' id='word_1_515' title='bbox 1235 4855 1289 4896; x_wconf 90' lang='lat' dir='ltr'><strong>non</strong></span> <span class='ocrx_word' id='word_1_516' title='bbox 1307 4837 1501 4910; x_wconf 90' lang='lat' dir='ltr'><strong>praetermissa</strong></span> <span class='ocrx_word' id='word_1_517' title='bbox 1518 4839 1593 4892; x_wconf 91' lang='lat' dir='ltr'><strong>inou-</strong></span> <span class='ocrx_word' id='word_1_518' title='bbox 1612 4809 1755 4917; x_wconf 57' lang='lat' dir='ltr'><strong>IIZnIngIo</strong></span> 
     </span>
    </p>
   </div>
   <div class='ocr_carea' id='block_1_5' title="bbox 152 4944 1594 5098">
    <p class='ocr_par' dir='ltr' id='par_1_5' title="bbox 152 4944 1594 5098">
     <span class='ocr_line' id='line_1_44' title="bbox 152 4944 1594 5022; baseline -0.009 -12"><span class='ocrx_word' id='word_1_519' title='bbox 152 4952 243 5022; x_wconf 87' lang='lat' dir='ltr'><strong>riose,</strong></span> <span class='ocrx_word' id='word_1_520' title='bbox 262 4949 311 5006; x_wconf 86' lang='lat' dir='ltr'><strong>sed</strong></span> <span class='ocrx_word' id='word_1_521' title='bbox 328 4949 393 5006; x_wconf 91' lang='lat' dir='ltr'><strong>hnic</strong></span> <span class='ocrx_word' id='word_1_522' title='bbox 410 4950 472 5005; x_wconf 90' lang='lat' dir='ltr'><strong>loco</strong></span> <span class='ocrx_word' id='word_1_523' title='bbox 490 4954 644 5021; x_wconf 88' lang='lat' dir='ltr'><strong>reseruata,</strong></span> <span class='ocrx_word' id='word_1_524' title='bbox 663 4965 726 5005; x_wconf 91' lang='lat' dir='ltr'><strong>cum</strong></span> <span class='ocrx_word' id='word_1_525' title='bbox 745 4949 781 5004; x_wconf 89' lang='lat' dir='ltr'><strong>ad</strong></span> <span class='ocrx_word' id='word_1_526' title='bbox 799 4951 885 5020; x_wconf 89' lang='lat' dir='ltr'><strong>ipsam</strong></span> <span class='ocrx_word' id='word_1_527' title='bbox 905 4950 987 5005; x_wconf 88' lang='lat' dir='ltr'><strong>crisin</strong></span> <span class='ocrx_word' id='word_1_528' title='bbox 1004 4949 1111 5004; x_wconf 87' lang='lat' dir='ltr'><strong>inutilia</strong></span> <span class='ocrx_word' id='word_1_529' title='bbox 1128 4949 1164 5004; x_wconf 87' lang='lat' dir='ltr'><strong>ad</strong></span> <span class='ocrx_word' id='word_1_530' title='bbox 1181 4947 1331 5003; x_wconf 80' lang='lat' dir='ltr'><strong>Florentini</strong></span> <span class='ocrx_word' id='word_1_531' title='bbox 1350 4945 1411 5002; x_wconf 89' lang='lat' dir='ltr'><strong>libri</strong></span> <span class='ocrx_word' id='word_1_532' title='bbox 1429 4951 1458 5000; x_wconf 91' lang='lat' dir='ltr'><strong>et</strong></span> <span class='ocrx_word' id='word_1_533' title='bbox 1475 4944 1594 5000; x_wconf 88' lang='lat' dir='ltr'><strong>maxime</strong></span> 
     </span>
     <span class='ocr_line' id='line_1_45' title="bbox 1314 5051 1349 5098; baseline 0 -24"><span class='ocrx_word' id='word_1_534' title='bbox 1314 5051 1349 5098; x_wconf 64' lang='grc' dir='ltr'><strong>Β.</strong></span> 
     </span>
    </p>
   </div>
   <div class='ocr_carea' id='block_1_6' title="bbox 0 0 1796 5326">
    <p class='ocr_par' dir='ltr' id='par_1_6' title="bbox 0 0 1796 5326">
     <span class='ocr_line' id='line_1_46' title="bbox 0 0 1796 5326; baseline 0 3"><span class='ocrx_word' id='word_1_535' title='bbox 0 0 1796 5326; x_wconf 95' lang='lat' dir='ltr'><strong> </strong></span> 
     </span>
    </p>
   </div>
  </div>
 </body>
</html>
