3516 5340
37 221 161 270 mro
613 197 698 278 177
1178 204 1366 272 vsa-11

37 361 52 415 ri
70 361 133 430 quia
150 357 203 416 init
220 360 362 418 institutrrs
379 356 450 416 forte
468 373 504 414 er
521 359 649 430 semime,
668 373 730 416 cum
749 360 775 415 ei
792 361 920 416 sexmnr¹
940 373 975 414 er
992 358 1146 416 substantia
1163 341 1302 418 tmtatcr'is
1320 362 1366 418 de·

37 465 52 518 ·,
69 453 226 519 atropatus
238 455 313 505 esset
329 453 393 519 post
410 451 514 504 certum
532 449 663 520 temporis
680 448 823 504 restituere
841 447 1028 518 hereditatem,
1047 449 1143 506 merito
1157 450 1308 506 ¹dicendum
1325 455 1368 508 est

56 537 188 594 iudicium
210 537 347 607 mouere⁸,
370 551 434 592 eum
456 535 577 592 debitam
599 538 752 607 portionem
775 537 880 592 eteius
897 537 1002 594 ιιιιοιιιι
1020 537 1122 596 habore
1139 540 1240 609 possit:
1262 537 1367 596 lruotrrs

37 629 112 683 olere
129 627 158 682 in
175 627 324 684 Paloidlam
342 627 479 695 imputari
493 641 548 682 non
571 631 615 680 est
635 626 813 696 incognitum.
849 642 916 697 ergo
939 631 967 682 et
989 628 1013 682 si
1035 627 1071 683 ab
1094 627 1171 684 initio
1195 643 1231 683 ex
1253 629 1367 684 semmae

37 717 172 772 nstitutus
190 721 304 786 rogetur
318 720 383 784 post
399 715 562 772 decennium
579 715 724 770 restituere
741 715 935 786 hereditatem,
954 715 1019 771 nihil
1036 715 1122 772 habet
1137 716 1211 787 quod
1224 721 1367 788 ‘quemtun
1385 729 1400 774 t

37 822 61 860 m
82 803 164 860 facile
188 809 281 875 potest
301 803 422 860 debitam
438 804 592 874 portionem
611 805 724 874 eiusque
741 803 847 860 huctus
865 805 956 860 medio
974 810 1097 876 tempore
1115 821 1222 876 cogere.
1258 804 1288 862 Sl
1306 807 1367 876 quis

37 909 83 949 nm
101 894 176 950 dicat
192 898 387 950 testamemum
404 894 450 950 uel
467 898 578 964 ruptum
595 898 626 948 et
642 891 836 965 inofficiosum,
858 894 982 950 condicio
1001 895 1027 950 ei
1045 895 1144 952 deferri
1161 894 1256 965 debet,
1275 899 1366 950 utrum

37 999 143 1040 mouere
165 984 249 1040 nolet.
286 982 315 1039 Si
339 982 411 1038 lilius
435 981 616 1038 exheredatus
634 984 662 1038 in
680 984 854 1054 possessione
873 984 910 1038 ait
926 981 1098 1056 hereditatis,
1122 985 1240 1054 scriptus
1257 983 1367 1054 qudem

37 1078 106 1141 petet
123 1072 316 1142 hereditatem,
337 1071 409 1128 dlius
426 1087 493 1128 uero
511 1073 539 1126 iu
557 1072 668 1128 modurn
687 1072 910 1130 contadictionis
928 1073 1074 1143 querellam
1092 1074 1219 1144 inducat,
1237 1073 1366 1143 quemad·

37 1177 43 1216 r
62 1169 166 1232 ageret,
185 1163 209 1218 si
227 1178 281 1218 uon
297 1161 459 1232 possideret,
478 1161 528 1216 sed
544 1165 659 1232 peteret.
689 1162 845 1218 Meminisse
864 1166 963 1224 autern¹
975 1162 1112 1232 oportebit
1129 1179 1200 1233 enm,
1219 1163 1266 1232 qui
1282 1167 1366 1218 testa·
1386 1176 1414 1220 ro
1439 1147 1442 1156 ⁴

37 1269 54 1308 u
72 1249 255 1307 moidoiosunr
272 1250 395 1321 improbe
412 1250 482 1306 dixit
499 1254 529 1306 ot
545 1267 601 1306 non
618 1251 744 1321 optinuit,
757 1251 792 1306 ,id
810 1250 884 1321 quod
901 1251 929 1305 iu
947 1255 1112 1314 oesumento
1131 1253 1237 1323 aooepit
1253 1252 1367 1321 perdere

37 1333 98 1396 isco
109 1340 243 1396 uindicari
260 1341 338 1411 qnasi
355 1337 469 1410 indigno
487 1339 619 1396 ablatum.
646 1340 695 1396 sed
712 1342 738 1396 ei
750 1340 861 1396 demum
873 1339 996 1396 auiam
1006 1341 1258 1410 quod'teatamento
1271 1341 1365 1396 datum

37 1430 164 1500 nmque
182 1430 218 1486 ad
236 1430 399 1485 mutantium
416 1428 554 1484 iudicum⁸
571 1429 620 1484 lite
637 1429 762 1500 improba
778 1430 1009 1498 perseuerauerit:
1033 1435 1153 1486 ceterum
1176 1431 1200 1486 si
1223 1435 1287 1486 aute
1305 1445 1366 1485 serr·

37 1535 45 1573 r
69 1517 177 1574 destitit
198 1519 243 1574 uel
265 1519 397 1589 decesdt,
421 1533 477 1574 non
500 1518 526 1573 ei
548 1517 670 1573 aufertur
693 1518 768 1588 quod
790 1518 885 1574 datum
903 1524 960 1574 eat:
982 1519 1096 1588 proinde
1114 1525 1143 1574 et
1160 1520 1184 1574 ai
1201 1519 1315 1575 absente
1334 1535 1367 1574 eo

37 1623 83 1664 um
101 1612 275 1678 praesentem
293 1607 497 1677 pronuntietur,
516 1611 609 1677 potest
626 1607 680 1662 dici
697 1605 916 1664 conseruaudum
934 1607 1052 1678 siquod
1070 1609 1185 1679 accepit
1222 1623 1255 1664 ec
1274 1613 1366 1664 autern
1385 1621 1414 1664 ιι

37 1713 107 1752 arere
128 1698 191 1766 quis
214 1696 310 1768 dehet,
333 1698 412 1752 cuius
433 1695 646 1752 emolumentum
664 1697 701 1751 ad
718 1711 781 1752 anm
793 1697 932 1766 pertinet:
957 1701 1078 1752 ceterum
1096 1697 1119 1751 ri
1138 1695 1167 1751 id
1184 1699 1298 1768 rogatus
1315 1696 1367 1752 tut

37 1801 84 1857 ere,
104 1803 158 1842 non
176 1785 260 1842 debet
277 1787 376 1842 iniuria
392 1785 451 1844 lieri
457 1787 477 1840 ⁴.
510 1785 584 1841 unde
601 1801 656 1842 non
673 1787 745 1842 male
763 1786 932 1856 Papinianus
949 1786 1018 1843 libro
1035 1786 1156 1843 secundo
1174 1801 1366 1857 responsonrm

41 1877 65 1930 ai
83 1875 163 1932 heres
181 1873 235 1930 init
251 1876 394 1931 institutos
412 1879 566 1945 atropatus
578 1875 721 1932 restituere
733 1875 922 1946 hereditatem,
940 1875 1081 1932 deindein
1092 1875 1212 1946 querella
1223 1874 1367 1931 inofliciosi

37 1965 136 2035 tinuit,
159 1965 189 2020 id
207 1964 282 2034 quod
297 1966 357 2021 iure
374 1965 512 2020 Falcidiae
529 1965 620 2034 potuit
636 1963 737 2020 habere
754 1965 842 2020 solum
861 1965 983 2036 perdere.
1017 1964 1126 2034 Siquis
1145 1965 1269 2036 impubes
1287 1965 1366 2020 adro·

37 2055 68 2109 rit
85 2069 121 2109 er
138 2053 182 2108 his
199 2055 331 2124 persona,
350 2069 421 2124 quae
439 2059 467 2109 et
484 2054 553 2110 citra
571 2053 746 2124 adoptionem
759 2059 794 2110 et
811 2054 1055 2124 emancipationem
1074 2055 1151 2124 queri
1169 2054 1204 2112 de
1215 2052 1366 2110 inofficioso
1385 2065 1414 2106 ro

37 2148 55 2213 t,
72 2143 145 2198 bunc
162 2147 231 2213 puto
248 2144 443 2199 remouendum
462 2159 479 2198 a
496 2143 623 2214 querella,
643 2159 705 2200 cum
724 2141 825 2200 habeat
843 2147 969 2213 quartam
987 2159 1023 2200 ex
1040 2143 1234 2200 consdtutione
1246 2143 1304 2198 diui
1316 2142 1365 2200 Pii.

37 2231 47 2286 i
64 2233 123 2302 egit
140 2247 192 2288 nec
210 2233 335 2302 optinuit,
354 2249 389 2288 au
407 2237 532 2302 quamue
550 2231 667 2302 perdat?
694 2237 723 2288 et
739 2237 807 2302 puto
826 2237 875 2288 aut
891 2231 1163 2290 aon'admittendum
1182 2233 1218 2288 ad
1235 2229 1366 2289 inofficio-

37 2329 69 2376 ut
87 2323 110 2377 si
129 2322 296 2392 admittatur,
315 2323 367 2377 etsi
384 2335 440 2378 non
451 2323 607 2392 optinuerit,
625 2325 751 2392 quanam
763 2323 789 2376 ei
801 2322 880 2392 qnasi
893 2337 940 2378 aes
952 2323 1070 2378 slienunr
1082 2322 1294 2379 concedendam.
1315 2317 1365 2406 [Q]

37 2427 116 2466 rausa
134 2411 169 2466 de
187 2409 330 2467 inofficiosi
348 2412 509 2482 cognouerit
526 2411 609 2467 index
627 2415 655 2466 et
672 2412 891 2482 pronuntiauerlt
908 2417 1004 2467 cenna
1015 2417 1210 2468 usamentum
1221 2425 1273 2468 nec
1285 2410 1367 2468 luerit

37 2505 124 2570 stum,
141 2500 204 2568 ipso
221 2500 280 2556 iure
297 2502 444 2556 rescimunr
462 2505 518 2556 eat:
541 2506 570 2556 et
587 2515 654 2556 suus
672 2500 751 2556 heres
768 2501 821 2556 erit
838 2501 990 2557 secundum
1008 2515 1089 2571 quern
1107 2499 1257 2556 iudicatum
1276 2506 1320 2556 est
1337 2505 1366 2556 et
1384 2509 1413 2552 ιι

37 2606 64 2644 m
83 2604 235 2659 possessor,
254 2589 278 2644 si
296 2589 348 2644 hoo
365 2606 395 2645 se
413 2589 568 2646 contendit:
587 2595 616 2660 et
633 2589 773 2646 libertates
791 2591 851 2660 ipsc
869 2594 928 2645 lure
946 2606 1001 2646 non
1018 2591 1124 2646 ualent:
1143 2605 1194 2646 nec
1211 2591 1304 2661 legata
1318 2590 1364 2646 de-

37 2721 42 2746 ,
66 2677 116 2733 sed
141 2679 231 2734 solnta
253 2683 413 2748 repetuntur
435 2685 484 2735 aut
506 2677 542 2735 ab
564 2695 598 2735 eo
616 2679 662 2750 qui
682 2679 777 2734 soluit:
802 2683 851 2734 aut
868 2678 904 2734 ab
921 2693 955 2734 co
974 2681 1020 2750 qui
1038 2681 1156 2750 optinuit
1173 2683 1203 2734 et
1219 2679 1287 2735 haec
1305 2680 1365 2735 utili

37 2771 226 2838 repetuntur.
256 2767 313 2823 iere
331 2774 423 2824 autern
442 2769 465 2824 si
483 2773 548 2824 ante
565 2767 779 2824 oonnouersiam
798 2773 901 2824 motam
919 2770 1009 2824 soluta
1025 2775 1102 2840 sunt,
1124 2770 1171 2840 qui
1189 2771 1307 2840 optinuit
1324 2785 1365 2826 re-

37 2861 67 2912 et
89 2857 129 2912 ita
151 2856 233 2912 diuus
250 2857 405 2912 Hadrianus
428 2862 458 2913 et
481 2855 562 2914 diuus
579 2859 644 2914 Pius
661 2859 868 2930 rescripserunt.
902 2857 986 2914 Plane
1009 2859 1120 2929 sipost
1137 2856 1366 2942 [saturarent

37 2947 143 3001 eunium
167 2943 347 3002 inofficiosum
365 2947 419 3002 dioi
437 2952 565 3017 coaptum
582 2951 626 3002 eat
643 2963 678 3003 er
696 2963 798 3016 magna
814 2951 844 3002 ot
860 2947 934 3002 iusta
951 2961 1049 3019 cama,
1073 2937 1364 3006 lummene
1383 2955 1412 2998 ³⁰

37 3035 113 3105 idas,
132 3049 204 3106 quae
222 3037 421 3105 competierunt
437 3037 482 3092 uel
498 3037 647 3106 praestitae
665 3043 737 3108 sunt,
755 3036 805 3093 sed
823 3033 921 3107 uiginti
939 3031 1038 3093 aureos
1055 3053 1073 3092 a
1091 3038 1205 3108 singulis
1222 3042 1363 3108 praestan·

37 3125 106 3180 32012
675 3157 678 3164 .

37 3225 177 3269 ιιιιιτιιιιιιι
199 3211 267 3268 libro
289 3214 420 3283 singulari
442 3213 477 3268 de
495 3213 645 3270 inofficioso
663 3217 837 3270 toemrnento.
874 3213 904 3270 Si
922 3219 1013 3270 autern
1031 3215 1104 3270 intra
1121 3213 1362 3300 fissannsnhst
1381 3216 1421 3271 E·

37 3303 144 3358 ennium
162 3302 258 3372 egerit,
274 3301 415 3358 libertates
427 3317 482 3358 non
494 3308 660 3373 competunt
687 3303 737 3359 sed
750 3304 851 3358 Paulus
863 3303 903 3358 ait
913 3307 1114 3373 praestaturum
1126 3305 1191 3362 tidei
1203 3307 1364 3362 commhsas

37 3407 78 3461 es,
97 3391 201 3446 seihoet
219 3392 316 3460 uiginti
334 3392 424 3446 arrreis
442 3396 471 3447 et
488 3392 517 3447 in
534 3391 587 3446 hou
605 3407 671 3448 casu
690 3409 707 3447 a
724 3393 838 3462 singulis
855 3392 1028 3462 praeatmuis
1383 3400 1412 3444 tt

37 3493 165 3536 ruamus
182 3479 252 3536 hbro
269 3481 350 3536 tertio
368 3479 546 3550 digestorum.
576 3479 606 3536 Si
623 3495 687 3552 pars
705 3481 883 3537 iudicantium
902 3481 937 3536 ds
954 3479 1106 3538 inofficioso
1123 3487 1207 3538 testa-
1226 3477 1365 3567 [Q
1382 3483 1411 3538 Ε

42 3573 138 3625 conta
155 3573 358 3639 testamentum,
376 3585 440 3639 pars
458 3569 608 3624 secundum
627 3570 656 3625 id
673 3571 837 3626 mutantium
850 3570 963 3640 dederit,
982 3571 1056 3640 quod
1067 3571 1203 3626 interdurn
1216 3571 1275 3628 fieri
1287 3575 1364 3644 solet,

37 3659 76 3714 ius
94 3659 147 3716 erit
163 3659 242 3728 aequi
259 3658 318 3714 eius
335 3659 422 3729 partis
440 3659 604 3716 sermotiem
622 3673 693 3729 quae
711 3659 862 3714 secundum
880 3664 1075 3716 testamentum
1099 3661 1248 3730 spectauit:
1271 3663 1323 3718 nisi
1341 3663 1365 3718 si

41 3747 148 3803 iudices
165 3747 257 3817 inique
275 3748 424 3804 secundum
437 3749 569 3818 scriptum
580 3746 709 3804 heredem
720 3749 911 3818 pronuntiasse
923 3749 1074 3820 apparebit
1109 3749 1180 3804 lllud
1193 3751 1363 3808 notissimum

37 3854 53 3892 u
71 3837 119 3907 qni
136 3837 258 3906 legatum
275 3837 428 3908 perceperit
441 3837 451 3910 ΙΙ
463 3851 519 3893 non
537 3842 611 3894 recte
625 3836 660 3892 de
671 3835 823 3894 inofficioso
833 3843 999 3894 testamento
1008 3839 1154 3908 dicturum,
1173 3839 1225 3894 nisi
1236 3840 1265 3895 id
1275 3845 1364 3898 toturn
1381 3841 1398 3891 t
1410 3844 1456 3890 1⁰2

37 3923 204 3980 ministrarit
1382 3935 1410 3976 rr

37 4027 177 4072 anemius
193 4013 262 4072 libre
278 4015 360 4070 tertio
377 4029 577 4084 responsorum.
604 4015 721 4072 Etiamsi
738 4015 858 4087 querella
874 4014 1017 4074 inofficiosi
1032 4016 1191 4096 ¹testamenti
1209 4011 1363 4102 [ἷιῖῖῖο
1381 4019 1409 4075 Ε

1224 4093 1364 4104 uuna—annn-

37 4131 111 4202 tvl]

37 4300 103 4354 ncia
119 4297 284 4368 (camerarii
336 4297 483 4356 '’debere
502 4309 548 4356 inc.
619 4300 677 4356 ⁸in
695 4309 742 4356 tna.
762 4301 848 4369 (Bari)
918 4299 1015 4370 ⁴lieri]
1034 4299 1093 4357 lieri
1110 4301 1208 4357 alteri?

44 4424 89 4478 *ci*
107 4427 220 4479 serbus
236 4423 274 4478 Ρ
317 4427 414 4480 Posse
426 4425 468 4478 P‘
510 4424 618 4494 iteum]
673 4425 730 4495 aut]
753 4432 784 4481 ut
806 4425 852 4491 P0,
876 4425 915 4480 ait
933 4425 981 4494 Vi
1004 4423 1235 4482 admittend'o'um
1253 4427 1306 4496 pl
1327 4425 1363 4483 ad

37 4511 63 4550 ιιι
81 4495 125 4550 P·
176 4495 373 4550 bdecennium
406 4495 562 4551 uicennim
581 4497 620 4549 P·
674 4516 723 4551 om.
741 4498 768 4551 P
851 4497 886 4552 23
913 4509 960 4552 aes
987 4498 1103 4552 alienum
1144 4512 1179 4553 cx
1205 4498 1293 4554 aheno
1322 4499 1363 4553 P·

37 4581 69 4621 re
86 4565 153 4620 Pu
169 4567 175 4634 i
190 4565 282 4637 debat]
297 4567 346 4632 pr,
384 4565 465 4622 ebeet
478 4565 624 4622 F’PVLU
674 4569 709 4622 st
726 4569 816 4639 quem]
835 4565 1005 4646 quchVL,
1024 4577 1072 4624 tac.
1088 4497 1122 4623 dt
1165 4571 1200 4624 29
1217 4570 1289 4639 post]
1308 4585 1362 4626 non

37 4644 63 4693 st
79 4639 129 4703 1²⁴,
148 4643 178 4692 et
195 4638 221 4693 ei
239 4638 265 4692 U
306 4640 341 4692 13
358 4637 394 4694 ad
412 4655 461 4693 cer.
474 4639 513 4692 P·
527 4641 532 4706 Ι
548 4642 620 4693 eote·
673 4644 737 4710 post
760 4639 807 4703 P·,
833 4653 888 4694 non
904 4645 1002 4710 rpotest
1023 4640 1061 4693 L·
1113 4639 1147 4694 31
1174 4641 1363 4712 competierint

37 4714 117 4766 utum
131 4709 180 4774 P0,
198 4714 291 4764 utrum
307 4709 335 4764 V
376 4709 410 4764 14
427 4707 620 4766 noneiauier·
675 4707 729 4764 PV
764 4711 805 4764 tib
821 4709 928 4780 uiginti]
942 4725 997 4765 xru
1009 4711 1057 4776 1²⁶,
1075 4709 1173 4780 uiginti
1185 4711 1357 4784 quinquehi

37 4785 104 4836 artur
116 4781 164 4845 P·,
177 4779 488 4836 ncneiauiereturVU
520 4782 554 4836 15
566 4795 621 4850 quo
673 4781 712 4851 et]
723 4780 773 4835 sed
783 4781 824 4834 P·
868 4781 903 4835 36
921 4781 1225 4853 Marcellusluipropli
1268 4785 1303 4838 39
1321 4784 1360 4838 iu·

46 4851 183 4922 secundo]
195 4851 251 4907 duo
262 4851 302 4906 P·
344 4852 378 4906 18
395 4851 533 4920 querelam
545 4852 625 4906 PLU
674 4852 761 4908 dicem
779 4851 887 4906 PVLU
928 4853 963 4908 41
982 4851 1182 4910 administrabit
1198 4855 1231 4921 P,
1248 4854 1361 4910 admini-

37 4943 64 4982 m
82 4923 319 4996 perderem
336 4921 621 4994 ιιιίιιιιτίιιιιοιιιοιιιΡι
673 4923 801 4980 shauerit
814 4923 842 4977 V
890 4923 927 4980 42
944 4925 1068 4998 querelas
1084 4925 1149 4981 Pu

37 4995 131 5068 ereda]
144 4995 286 5068 querelam
298 4993 339 5050 P·¹
383 4995 419 5050 22
432 4994 620 5066 egit1eitP⁰t

1116 5087 1150 5141 12
