3540 5340
890 126 933 195 L.

190 308 281 359 autern
301 305 510 374 properauimue
527 304 555 358 io
572 303 685 359 tertium
703 308 827 359 nostrum
846 303 1019 358 consulatum
1038 308 1068 359 et
1084 303 1134 358 has
1151 305 1229 373 leges
1246 303 1341 374 odoro,
1366 304 1431 373 quia
1453 302 1571 358 maximi
1591 300 1638 356 dei

190 397 218 448 ct
241 393 344 447 domiui
367 393 454 448 nostri
478 391 560 447 lhcsn
578 391 679 447 Christi
704 393 835 447 auxilium
858 389 1044 447 felicissimum
1069 407 1132 447 eum
1156 397 1267 448 nostrae
1290 393 1330 446 roi
1353 391 1479 462 publicae
1503 390 1638 445 donauit:

190 495 252 536 curn
276 481 304 536 in
327 480 400 536 hunc
423 485 452 536 et
474 479 548 536 bella
571 479 699 536 Parthica
722 479 825 536 abolita
847 485 912 535 sunt
935 485 964 535 ct
986 481 1071 549 quieti
1094 486 1245 550 perpetuae
1268 479 1385 550 hadita,
1410 485 1438 534 et
1461 479 1546 534 tertia
1568 493 1639 548 pars

190 567 286 623 muudi
310 568 390 624 nobis
414 569 539 624 adorauit
561 571 636 639 (post
653 569 791 639 Europam
817 569 889 624 enim
913 573 942 623 et
962 570 1056 624 Asiam
1081 573 1109 624 et
1132 573 1192 624 tota
1214 567 1305 640 Libya
1327 574 1420 623 nostro
1444 566 1562 637 imperio
1588 565 1638 620 ad-

190 657 284 712 iuncta
302 663 365 728 ost),
384 662 412 712 et
429 661 508 712 tanto
526 667 604 726 open·
621 657 714 727 legum
733 661 818 727 caput
835 657 993 728 impositum
1012 661 1063 726 est,
1085 658 1178 713 omnia
1195 658 1327 712 caelestia
1345 656 1418 712 doun
1436 658 1532 712 nostro
1550 653 1639 709 tertio
1657 665 1671 706 a

141 754 172 800 24
191 745 347 800 consulatui
363 745 478 801 indulta
516 744 617 800 Omnes
634 745 728 815 itaque
746 745 851 800 iudicor
870 745 957 800 nostri
975 760 1024 814 pro
1044 761 1095 800 sun
1112 745 1300 802 iurisdictione
1319 744 1430 800 casdem
1448 745 1528 813 leges
1546 741 1639 796 susci·

190 833 269 902 pient
286 836 315 888 et
332 839 389 888 turn
408 835 436 888 in
455 833 513 889 suis
530 832 639 888 iudiciis
658 850 741 904 quem
759 834 787 888 in
806 833 858 888 hac
875 834 952 904 rogia
970 833 1038 889 urbe
1057 833 1224 890 habeantet
1242 839 1411 904 proponant,
1435 834 1463 886 et
1482 827 1640 902 praecipue

191 922 234 976 uir
258 922 384 977 excelsus
408 921 490 977 huius
514 922 603 977 almae
627 920 703 977 urbis
725 920 892 992 praelectus.
924 937 1006 978 curus
1030 929 1122 978 autom
1148 924 1200 978 erit
1226 922 1313 977 tribus
1341 921 1456 976 excelsis
1483 917 1640 988 praelectis

190 1011 335 1079 praetoriis
353 1016 410 1066 taur
429 1009 608 1066 orientalibus
626 1026 709 1080 qoam
728 1011 843 1082 illyricis
862 1025 985 1066 necnon
1004 1010 1117 1082 Libycis
1139 1027 1188 1080 per
1212 1025 1278 1065 suas
1297 1009 1475 1065 auctoritates
1494 1006 1641 1076 omnibus,

191 1099 238 1168 qui
265 1113 333 1154 suae
359 1098 539 1154 iurisdictloui
564 1100 700 1169 suppositi
726 1102 803 1170 sunt,
832 1114 880 1154 ens
904 1097 1089 1156 manifestare.
1132 1100 1205 1154 Data
1229 1098 1346 1168 septimo
1370 1097 1477 1152 decimo
1502 1094 1642 1150 edendas
1661 1108 1689 1148 ro

191 1186 333 1242 lanuarias
350 1187 502 1243 Iustiniano
520 1187 631 1244 domino
649 1191 744 1245 nostro
763 1191 806 1243 tor
824 1189 962 1244 consulat

191 1301 315 1368 FCOQT

193 1471 202 1505 ¹
221 1488 289 1548 anno
305 1477 366 1541 pout
385 1470 446 1526 Clas.
458 1470 512 1525 533
529 1471 594 1526 Dec.
608 1472 643 1526 16

193 1648 208 1700 1
221 1660 401 1717 properamus
411 1647 458 1703 00
474 1649 478 1715 Ι
494 1648 580 1704 tercio
590 1653 684 1705 nostro
694 1648 838 1704 consulatu
848 1647 885 1706 sl
941 1651 969 1702 ot
982 1651 1039 1704 tam
1050 1648 1079 1703 in
1091 1648 1149 1703 suis
1161 1647 1269 1705 iudiciis
1281 1661 1363 1716 quam
1377 1647 1405 1702 in
1417 1645 1469 1701 hau
1478 1645 1558 1715 regia
1568 1643 1642 1700 urbe

193 1721 222 1772 st
239 1716 290 1772 has
309 1718 385 1788 loges
404 1718 495 1788 cdere]
516 1719 566 1774 has
585 1719 666 1775 edero
678 1721 756 1788 leges
771 1719 794 1784 Q
810 1723 814 1786 Ι
830 1735 886 1772 ma·
940 1718 1061 1774 habeant
1087 1718 1201 1786 (habent
1225 1719 1260 1784 0)
1289 1724 1317 1772 ot
1343 1723 1497 1787 proponunt
1525 1719 1641 1786 (prepo-

192 1788 284 1842 ximac
304 1788 378 1854 000
431 1781 554 1846 inostri
571 1790 638 1846 heau
657 1792 697 1858 ΕΙ
712 1789 887 1845 felicissimus
940 1795 1008 1844 nant
1021 1790 1055 1856 Q)
1075 1789 1163 1844 σπη’
1204 1789 1337 1857 Salmas]
1358 1805 1450 1842 armac
1468 1789 1503 1839 F¹
1520 1789 1525 1854 Ι
1541 1785 1641 1856 curae]

194 1858 438 1928 Qleumlacuum
451 1859 629 1926 ocultam.
642 1861 674 1914 l*
689 1863 694 1928 Ι
710 1861 888 1917 nostrac⁴F²
940 1861 999 1916 iure
1020 1861 1081 1926 0Q⁴
1097 1861 1102 1929 Ι
1117 1860 1242 1928 excelsis]
1262 1861 1385 1928 exceptis
1399 1855 1468 1924 0⁶¹0
1521 1859 1642 1927 9prae-

193 1929 492 1999 3etbella1bella0
543 1932 703 1988 ladcrebit
716 1934 755 1995 Fl
771 1937 800 1987 et
817 1932 885 2000 totu]
941 1933 1011 1986 torio
1040 1931 1073 1985 P
1100 1937 1105 1998 Ι
1132 1929 1318 1998 orientalibus]
1348 1928 1564 1985 auoricntalibus
1595 1929 1642 1995 ρ’,

194 2003 254 2054 tota
278 2001 329 2067 OQ
350 2005 355 2067 Ι
375 2001 451 2057 libua
478 2003 520 2067 ΡΙ,
545 2002 626 2058 libiae
652 2003 685 2056 ll·
741 2005 825 2058 beet
848 2003 885 2070 etl
942 2001 1138 2057 aurientalibus
1170 2001 1205 2068 Q*
1230 2005 1235 2070 Ι
1259 2001 1371 2056 illuriois
1400 2001 1447 2066 ΡΙ
1470 1999 1573 2054 libucis
1604 2001 1642 2053 Ρ

193 2074 223 2124 ct
242 2071 266 2125 0
284 2073 289 2138 Ι
309 2075 386 2126 tanto
410 2073 495 2143 operi]
524 2073 567 2139 ρ’,
591 2079 668 2129 tanto
692 2089 775 2144 opere
800 2074 888 2137 wll,
942 2075 976 2128 10
994 2073 1143 2128 iuriditioni
1157 2072 1181 2138 Q
1197 2077 1201 2140 Ι
1217 2073 1349 2143 suppotiti
1369 2070 1420 2142 0¹1
1438 2070 1505 2126 data
1517 2071 1643 2140 septimo

193 2144 272 2197 tanto
285 2143 376 2212 operis
392 2142 434 2209 Q·,
447 2148 590 2213 tantopere
602 2146 634 2198 l*
649 2147 654 2212 Ι
670 2144 771 2213 omnia]
784 2144 887 2199 omuin-
942 2143 1048 2200 decimo
1067 2143 1196 2199 calendas
1209 2144 1347 2198 ianuarias
1360 2142 1492 2210 (calendis
1505 2141 1643 2196 ianuariis

194 2213 285 2281 queo
339 2214 518 2270 licousnlatu
531 2216 636 2270 indulta
650 2217 725 2280 llOT,
743 2216 887 2271 consulatu
943 2217 1163 2279 llemmdauieoe
1177 2223 1255 2269 conat.
1268 2214 1403 2281 utronea)
1420 2212 1573 2268 iustiniano
1593 2213 1644 2268 (lo

194 2282 301 2338 indulta
321 2290 386 2340 sunt
406 2284 454 2351 OQ
474 2287 479 2352 1
498 2285 592 2356 itaque
614 2301 710 2342 omncs
733 2287 754 2342 S
776 2288 781 2354 Ι
801 2287 887 2341 susci·
942 2283 1644 2352 minonostrotcrcousulc(consulc‘t'lclioitcrF³)

194 2353 281 2424 piant]
301 2356 454 2425 suspiciant
471 2358 506 2411 F¹
563 2359 626 2413 lot
643 2358 710 2427 tam]
729 2363 785 2413 turn
800 2357 887 2424 COQ:
942 2358 1027 2412 vm.S
