3570 5362
71 229 245 288 scmus
741 207 827 289 291
1243 212 1330 280 villi
1350 216 1370 280 ι
1390 220 1504 275 ιι-ιι

71 374 252 439 mptum
269 371 324 424 estc
348 367 413 426 nlhll
431 383 465 425 so
482 367 591 426 nomine
607 371 701 439 potest
718 369 777 440 agl,
801 370 824 425 si
842 383 896 426 nou
913 367 1092 439 intellegitur,
1115 374 1177 425 uter
1194 368 1230 425 sb
1248 375 1308 426 utro
1327 383 1440 425 auersus
1459 369 1504 426 sit.

39 455 134 527 (Qui,
152 473 216 513 cum
234 457 313 513 aliter
329 459 400 514 tueri
418 473 448 514 se
466 473 521 514 non
538 461 659 528 possent,
678 457 770 514 damni
788 459 913 529 culpam¹
932 457 1065 527 dederint,
1088 457 1191 513 innoxii
1209 464 1285 514 suut:
1309 459 1366 514 uim
1385 459 1457 514 enim
1476 459 1505 514 ui

72 544 222 602 debndere
244 562 340 603 omnes
362 547 440 617 leges
461 547 608 618 omnisque
630 546 691 601 iura
710 548 880 617 permittunt.
911 544 961 601 sed
979 545 1003 600 si
1026 544 1190 602 defendendi
1213 547 1268 602 mei
1285 563 1370 604 causa
1386 548 1504 618 lapidem

71 635 101 690 in
118 633 307 691 ademarium
325 637 434 707 misero,
452 636 503 692 sed
520 651 575 691 non
593 650 664 706 eum,
683 634 968 706 ssd-praetereuntem
985 647 1153 706 percussero,
1171 635 1286 692 tenebor
1302 637 1364 707 lege
1382 635 1505 707 Aquita:

70 723 154 778 ssbxm-
165 724 239 780 enim
256 725 345 781 solum
363 727 410 796 qui
427 726 483 780 uim
501 723 583 780 infert
600 722 681 780 ferire
699 723 870 794 conceditur,
894 729 923 778 et
939 723 1006 794 hoo,
1030 724 1054 779 ai
1071 723 1166 780 tuendi
1183 721 1333 795 dumtaxat,
1352 739 1407 780 uon
1423 726 1505 780 etiam
1524 738 1538 779 u

38 821 53 869 t
71 813 222 868 maenti
234 829 318 869 cansa
328 813 431 870 iactum
443 815 487 870 sit.
507 811 559 880 Qui
570 813 699 870 idoneum
710 812 843 882 parietmn
855 813 972 882 sustulit,
985 812 1077 867 damni
1089 812 1186 868 iniuria
1197 813 1308 870 domino
1320 815 1379 869 eius
1387 818 1505 870 tenetur.

16 901 53 960 46
125 900 279 959 Unruuus
295 902 364 959 lubre
381 903 626 974 quinquagensimo
644 901 679 958 sd
697 900 836 957 Sabinum.
864 899 894 957 Si
911 903 1054 958 uulnerato
1072 915 1153 958 seruo
1171 903 1232 973 lege
1244 903 1328 974 Aqui·
1348 897 1506 988 Q
1524 909 1546 966 s

71 989 109 1046 lis
126 997 221 1047 actum
237 992 282 1062 sit,
299 997 397 1064 postea
413 997 520 1048 mortuo
538 1007 574 1048 ex
591 1007 625 1048 co
642 992 755 1046 uulnere
773 989 819 1060 agi
836 991 898 1060 lege
916 990 1027 1061 Aquilia
1044 989 1126 1047 nihilo
1144 992 1233 1047 minus
1251 996 1351 1062 potest.

16 1077 54 1137 47
125 1079 270 1136 quxsuus
285 1079 354 1136 libro
368 1082 556 1150 octagensimo
567 1085 647 1136 sexto
660 1079 836 1149 digestorum.
864 1077 920 1134 Sed
937 1080 962 1134 si
978 1081 1068 1150 priore
1085 1079 1185 1135 iudicio
1202 1081 1329 1136 aestim-
1348 1075 1506 1166 [Q
1524 1087 1564 1142 St

70 1169 148 1224 tiene
165 1167 249 1238 iacta,
267 1175 364 1239 postea
381 1173 489 1225 mortuo
506 1183 595 1240 seruo,
614 1169 649 1224 de
666 1169 757 1226 occiso
776 1182 859 1238 agere
871 1167 997 1223 dominus
1014 1169 1170 1239 instituerit,
1189 1170 1351 1240 exceptione
1368 1169 1423 1225 doli
1443 1171 1506 1226 meli
1526 1183 1554 1223 ιι

72 1257 201 1328 opposita
218 1257 403 1328 compelletur,
426 1264 458 1314 ut
475 1273 510 1314 ex
526 1263 643 1328 utroquo
660 1256 760 1312 iudicio
778 1256 844 1312 nihil
862 1257 979 1328 amplius
997 1262 1186 1328 eoumquatur,
1209 1273 1291 1328 quam
1311 1260 1442 1328 consequi
1459 1259 1506 1315 de·

71 1345 159 1416 beat,
177 1347 202 1401 si
220 1346 298 1402 initio
315 1346 350 1402 de
367 1348 459 1408 occiso
477 1347 586 1402 homins
603 1347 715 1416 egisset.

17 1433 54 1493 48
125 1435 247 1491 Pronus
263 1434 332 1492 libro
349 1436 509 1506 trigensimo
527 1451 599 1492 nono
617 1435 653 1490 ad
670 1433 798 1489 edictum.
831 1433 861 1490 si
878 1449 975 1490 seruus
993 1437 1056 1490 ante
1074 1433 1177 1490 aditam
1194 1435 1330 1491 beredita-
1350 1430 1508 1520 [iffi-H
1526 1443 1547 1498 s

70 1529 128 1579 tem
140 1521 272 1579 damnum
283 1525 311 1579 in
323 1539 353 1580 re
364 1525 528 1580 berediuria
540 1525 646 1581 dederit
658 1527 686 1579 et
696 1523 765 1580 liber
775 1520 864 1578 iactus
882 1523 910 1578 in
928 1525 979 1578 ea’
995 1537 1026 1580 re
1044 1523 1173 1580 demum
1191 1524 1246 1596 det,
1265 1531 1382 1595 utraque
1399 1513 1507 1583 actitffi

71 1611 219 1682 tenebitur,
236 1613 302 1683 quia
319 1613 430 1669 alterius
447 1617 477 1670 et
494 1615 605 1670 ulterius
622 1611 688 1668 iacti
705 1613 758 1668 bae
775 1627 820 1668 res
838 1617 912 1668 sunt.
1528 1626 1556 1667 ru

18 1702 54 1762 49
126 1701 364 1758 numerosiore
381 1718 454 1758 nono
472 1702 695 1772 deputationum.
729 1700 758 1758 Si
776 1702 838 1772 quis
854 1699 930 1757 fumo
948 1699 1022 1758 iacto
1044 1715 1112 1772 apes
1133 1702 1235 1757 alienas
1252 1699 1330 1772 fuga·
1350 1697 1508 1788 [Q
1527 1709 1548 1763 s

71 1791 144 1846 nexit
161 1791 307 1846 ueletiam
324 1791 471 1863 uocauerit,
490 1792 578 1862 magis
597 1807 708 1848 causam
727 1791 822 1846 mortis
839 1790 1009 1860 praestitisse
1023 1789 1133 1846 uidetur
1144 1807 1226 1861 qnam
1239 1791 1380 1862 occidisse,
1399 1798 1428 1848 et
1445 1793 1507 1850 ideo

41 1893 52 1938 1
70 1881 99 1935 in
116 1877 223 1935 inctmn
240 1881 348 1936 acione
367 1880 512 1936 tenebitur.
545 1880 625 1946 Quod
649 1881 748 1938 dicitur
771 1879 901 1935 damnum
923 1879 1031 1935 iniuria
1045 1877 1139 1935 datum
1157 1879 1284 1950 Aquilia·
1300 1881 1443 1951 persequi,
1467 1883 1507 1938 sic

71 1969 125 2024 erit
141 1969 341 2040 accipiendum,
359 1976 391 2025 nt
404 1969 530 2028 uideatur
541 1970 670 2026 damnum
688 1969 788 2026 iniuria
799 1968 902 2038 datum,
921 1968 995 2039 quod
1013 1983 1075 2024 cum
1093 1967 1194 2024 damno
1211 1969 1506 2025 iniuriamattulerit⁴:

70 2058 125 2114 uisi
141 2073 245 2128 magns
262 2059 291 2114 ui
305 2063 421 2128 cogente
433 2058 516 2115 inerit
525 2057 637 2130 iactum
656 2061 689 2114 ut
700 2057 796 2115 cesus
808 2055 903 2112 scribit
913 2057 987 2112 circs
998 2071 1070 2128 eum,
1089 2058 1136 2127 qui
1154 2057 1271 2112 incendii
1290 2057 1401 2113 arcendi
1419 2059 1508 2129 gratia
1525 2044 1556 2113 'so

70 2147 179 2202 uiduis
196 2145 281 2202 ιοᾶαι
297 2147 449 2203 intercidit:
465 2164 529 2204 uam
547 2147 592 2203 iric
609 2147 704 2203 scribit
722 2160 830 2204 cesama
847 2145 917 2216 legis
935 2143 1061 2216 Aquiliae
1079 2147 1229 2202 actionem:
1247 2146 1322 2202 iusto
1342 2147 1414 2202 enim
1432 2153 1508 2203 metu

71 2235 182 2306 ductus,
200 2251 237 2292 ue
254 2235 291 2291 ad
307 2251 339 2291 se
356 2237 428 2306 ignis
445 2237 608 2307 peruenlret,
627 2236 731 2292 uicinae
749 2235 833 2291 aedes
850 2234 1000 2291 intercidit:
1019 2239 1048 2291 et
1058 2235 1117 2292 siue
1134 2235 1260 2306 peruenit
1276 2235 1348 2306 iguis
1367 2237 1425 2292 siue
1444 2241 1508 2292 ante

71 2325 213 2382 exunctus
231 2328 282 2396 est,
300 2326 440 2382 exisdmat
455 2327 526 2396 legis
543 2325 669 2396 Aquiliae
687 2325 823 2380 actionem
841 2337 959 2379 cessus.
1453 2343 1455 2348 ·

22 2417 56 2476 50
125 2413 280 2471 Umerus
294 2414 364 2471 libro
382 2421 461 2471 sextu
478 2416 645 2486 opinionum.
673 2413 725 2480 Qui
737 2413 848 2470 domum
861 2413 977 2468 suenum
991 2411 1079 2469 inuito
1091 2411 1202 2470 domino
1219 2411 1333 2469 demolit
1350 2407 1509 2498 W
1527 2421 1549 2476 s

71 2509 103 2560 et
118 2517 153 2560 sc
170 2503 233 2560 loeo
249 2501 363 2560 balneas
379 2505 528 2575 exstruxit,
550 2509 660 2574 praeter
677 2504 801 2558 naturale
818 2503 875 2573 ius,
898 2501 973 2573 quod
991 2500 1149 2574 superficies
1167 2502 1204 2558 ad
1222 2499 1360 2560 dominum
1379 2505 1430 2559 soli
1440 2491 1508 2575 perf·
1528 2513 1557 2557 ιι

71 2593 150 2664 tinet
169 2593 253 2648 em
271 2592 368 2648 damni
381 2593 439 2649 dati
456 2593 566 2649 nomine
584 2592 687 2648 actioni
704 2591 844 2648 subicitur.

23 2685 54 2742 51
125 2681 271 2738 Imauus
286 2681 356 2738 libro
373 2682 560 2752 octogensimo
578 2685 657 2738 sexto
672 2680 850 2752 digestorum.
877 2681 921 2736 Ita
934 2680 1097 2738 numeratus
1115 2684 1159 2736 ast
1176 2695 1281 2750 seruus,
1300 2683 1332 2736 nt
1350 2675 1509 2766 [Q
1527 2688 1549 2743 S

72 2784 107 2826 eo
124 2771 183 2826 ictu
200 2777 306 2826 certum
324 2775 399 2827 meet
415 2771 590 2828 moriturum:
612 2770 704 2826 medic
721 2770 820 2826 deinde
837 2775 961 2840 tempore
983 2769 1062 2825 beree
1085 2769 1227 2834 institutus
1249 2774 1293 2825 cst
1312 2773 1341 2826 et
1357 2777 1455 2841 postca
1472 2771 1508 2828 ab

73 2859 127 2915 elie
144 2861 218 2916 ictus
236 2859 368 2915 decessit:
392 2875 507 2930 quaero,
526 2875 562 2916 an
579 2875 642 2915 cum
660 2864 775 2930 utroque
793 2860 829 2914 de
846 2860 938 2916 coebo
956 2860 1017 2928 lege
1035 2857 1146 2928 Aquilia
1163 2859 1209 2928 agi
1226 2859 1322 2929 possit.
1353 2860 1507 2930 respoudit:

73 2947 208 3004 cecidere
219 2947 319 3004 dicitu
331 2949 415 3019 uulgo
426 2949 545 3019 quidem,
563 2949 610 3018 qui
628 2949 724 3004 mortis
736 2963 847 3004 causam
859 2946 981 3019 quolibet
998 2947 1080 3003 modo
1098 2946 1238 3018 praebuit:
1257 2947 1306 3003 sed
1323 2949 1385 3018 lege
1397 2948 1508 3020 Aquilia
1527 2959 1555 2999 ao

113 3037 228 3092 demum
245 3038 332 3093 tenen
348 3038 426 3093 uisus
444 3043 494 3107 est,
513 3039 560 3108 qui
572 3035 695 3093 adbibita
711 3037 740 3091 ui
752 3037 870 3107 etquasi
882 3052 964 3092 manu
977 3031 1088 3092 musam
1107 3037 1202 3092 mortis
1219 3035 1400 3108 praebuisset,
1419 3043 1508 3094 uecta

73 3126 203 3182 uidebcet
219 3127 443 3197 interpretatione
460 3126 569 3182 occisa
580 3126 720 3182 caedendo
739 3131 767 3182 et
785 3142 802 3182 a
820 3126 919 3181 caede.
941 3141 1035 3180 rursus
1047 3124 1157 3195 Aquilia
1174 3127 1236 3195 lege
1255 3127 1342 3180 teucri
1359 3127 1507 3183 existimati

73 3219 138 3272 ant
155 3230 213 3270 uon
231 3216 319 3270 solum
337 3215 383 3286 qui
398 3216 441 3270 its
458 3215 655 3285 uulnerassent,
680 3219 711 3270 nt
728 3213 872 3270 confestim
890 3215 949 3270 uuita
965 3215 1113 3284 ptinerent,
1138 3215 1288 3270 sedetiam
1307 3214 1318 3287 Ι
1337 3214 1373 3285 bi,
1392 3231 1507 3285 quorum
1525 3221 1542 3269 i.
1552 3223 1598 3269 154

72 3319 108 3360 ex
125 3304 239 3360 numere
257 3311 361 3360 certum
379 3308 452 3360 essct
470 3305 587 3374 aliquem
606 3305 665 3359 uita
681 3317 866 3360 excessurum.
896 3303 982 3374 igitur
999 3303 1023 3358 si
1041 3303 1202 3373 quis‘seruo
1221 3302 1389 3360 mortiterum
1407 3306 1507 3362 uulnus

72 3391 202 3448 indixerb
218 3392 389 3463 eundemque
406 3394 476 3449 alius
489 3407 529 3448 ex
547 3393 691 3450 interuallo
706 3394 747 3447 ita
763 3393 937 3464 percusserit,
955 3396 987 3448 nt
997 3392 1131 3448 maturius
1149 3390 1353 3461 interficeretur,
1372 3407 1453 3462 quam
1466 3407 1507 3448 -cx
1526 3403 1554 3444 se

71 3481 162 3552 qum
185 3481 299 3538 uulnere
321 3482 468 3538 moriturus
484 3479 593 3551 ¹iuerat,
622 3482 798 3537 statuendum
825 3487 869 3537 est
895 3485 1042 3550 utrumque
1068 3495 1163 3536 eorum
1189 3479 1250 3550 lege
1273 3480 1385 3552 Aquilia
1410 3481 1506 3537 teneri.

41 3581 53 3626 t
72 3570 160 3640 idque
176 3574 222 3626 est
238 3585 408 3640 oomequens
425 3570 582 3626 auawritati
599 3575 732 3640 ueterum,
750 3570 806 3640 qul,
825 3585 887 3625 cum
903 3569 1056 3640 apluribus
1072 3569 1147 3624 idem
1165 3583 1262 3624 seruus
1281 3567 1404 3654 [fflplrr
1416 3579 1507 3641 tiit

70 3661 111 3714 its
126 3659 289 3714 uuluam
306 3664 394 3728 esset,
412 3663 444 3714 nt
461 3675 516 3714 uon
534 3665 678 3729 appareret
695 3660 773 3714 euius
791 3659 848 3714 ictu
865 3657 995 3728 perisset,
1014 3673 1109 3713 omues
1127 3658 1189 3728 loge
1206 3657 1318 3728 Aquilia
1334 3661 1421 3715 teneri
1438 3659 1507 3716 iudi·

39 3751 214 3806 renuerunt.
245 3746 408 3802 Aestimatio
436 3752 528 3803 autem
554 3748 690 3818 perempti
716 3763 771 3803 non
797 3747 894 3803 eadem
920 3746 948 3802 in
976 3747 1118 3817 utriusque
1143 3762 1261 3817 persona
1285 3747 1347 3803 fiet:
1374 3765 1437 3803 nem
1461 3750 1508 3818 qui
1565 3741 1566 3744 ’

70 3835 258 3908 mmm]

70 3927 1509 4032 Tium

69 4037 81 4068 ⁴
88 4036 213 4104 sortem
229 4032 377 4110 suctim
393 4035 471 4086 tolia:
489 4030 548 4088 fieri
565 4038 657 4090 autem
675 4048 731 4088 non
747 4037 847 4104 potest,
865 4037 897 4088 ut
914 4031 1043 4087 damnum
1061 4031 1186 4092 iniuriam
1204 4047 1259 4088 nou
1277 4031 1399 4088 attulerit

70 4139 301 4210 interluente
314 4139 353 4210 P
398 4141 546 4210 ipossuut
560 4140 596 4192 Ρ
640 4138 765 4210 4ριιιιι·
817 4137 915 4194 balnea
927 4137 1007 4193 L‘U'
1035 4139 1071 4193 26
1084 4139 1190 4194 actione
1202 4137 1281 4208 libri!
1298 4138 1511 4194 subicieturPV

69 4225 133 4266 sero
151 4211 180 4264 F
221 4211 240 4265 b
256 4209 280 4264 si
298 4209 393 4264 tuendi
411 4208 563 4280 dumtaxat]
581 4210 605 4264 si
623 4211 763 4266 uenditum
818 4211 851 4265 il
870 4207 1149 4279 octus‘no'gensimoi}
1169 4214 1267 4265 octauo
1284 4213 1343 4278 (om.
1356 4211 1445 4276 serto)
1457 4209 1509 4267 LU

70 4287 149 4336 taxat
166 4281 204 4334 Ρ
258 4282 276 4335 6
299 4281 346 4350 qul
367 4280 430 4336 ideo
447 4281 475 4336 iu
494 4295 557 4336 cum
576 4281 707 4350 parietem
725 4282 765 4335 P·
818 4281 852 4336 29
875 4281 982 4351 possint
1005 4281 1044 4334 P·
1064 4283 1068 4348 Ι
1092 4280 1220 4350 respondi
1244 4282 1271 4336 P
1329 4282 1364 4336 30
1391 4281 1472 4350 uolgo
1487 4285 1514 4356 s

72 4355 106 4408 14
123 4353 153 4406 in
170 4365 230 4405 rem
248 4349 440 4406 berediurism
459 4351 562 4418 PVUl
582 4353 610 4406 iu
628 4367 662 4407 ea
679 4353 718 4422 re]
736 4353 765 4406 in
817 4353 852 4407 32
869 4351 1125 4422 interpr'a'ctatione
1144 4353 1182 4405 1³²
1196 4355 1201 4418 l
1217 4353 1278 4422 lege
1293 4353 1359 4422 ten]
1378 4353 1440 4422 lege
1451 4357 1506 4406 ten.

70 4423 170 4479 eadem
181 4438 212 4477 rc
224 4422 300 4476 liat:
318 4421 393 4478 uitis
413 4423 496 4494 iiius
511 4423 561 4494 [ri]
576 4423 624 4478 urie
637 4435 764 4495 stupesc-
817 4423 855 4476 ΓΙ
891 4423 926 4478 33
944 4422 1095 4479 comsertim
1115 4425 1139 4476 F
1149 4425 1154 4490 Ι
1169 4424 1326 4494 ριίιιιιιθῚιι*
1344 4425 1380 4476 Ρ
1399 4425 1404 4490 Ι
1425 4424 1507 4478 etism

70 4495 130 4549 uiae
148 4494 283 4564 rupit-uara
306 4493 355 4550 BS
373 4495 519 4565 (Dorum),
543 4493 658 4565 τιιιιιὼιῃ
678 4494 706 4548 is
724 4495 764 4562 τῷ
816 4493 986 4564 iniquorum
1011 4510 1046 4549 ex
1062 4493 1292 4550 'uulner'e’asssut
1314 4500 1346 4550 ut
1363 4493 1506 4550 confestim

71 4565 288 4694 iiiiii
306 4565 557 4691 {titini
572 4563 765 4706 h‘ttttnt'i
816 4563 1508 4706 stilus.adrisitlstfflstut

72 4709 201 4779 quinum
220 4708 296 4763 rim.-
317 4707 524 4772 tiburticanus,
549 4705 587 4761 ὅτι
606 4707 655 4761 risu
674 4708 764 4762 iiiios
817 4707 862 4774 F’,
881 4707 964 4778 priori
981 4705 1009 4761 P
1057 4708 1093 4762 38
1115 4711 1206 4762 esset*
1225 4707 1263 4760 F’
1282 4708 1287 4776 Ι
1307 4705 1506 4778 iudicauerunt]

72 4781 164 4834 ιιιιιὶιιι
189 4777 367 4842 ὁἉκογίΑιοο
389 4779 535 4852 τιιιωρεῑιιι
560 4779 609 4832 BS
632 4779 765 4845 (Dorotb.)
816 4779 955 4850 putauerit
976 4779 1038 4847 cogi
1061 4783 1090 4833 et
1110 4779 1193 4848 louge
1216 4777 1361 4834 absurdius
1378 4779 1507 4835 constitui

73 4851 109 4906 Ἠ
130 4852 303 4922 meum
323 4849 366 4904 Ρ·
417 4850 453 4906 24
474 4849 610 4922 ulpianus]
634 4849 765 4915 FPVLU,
817 4851 877 4906 odd.
897 4849 1091 4923 (rflp.292,7)
1109 4849 1185 4915 ΡΨ,
1208 4849 1253 4904 ubi
1275 4851 1362 4904 eaden
1384 4869 1430 4906 coo
1452 4853 1506 4906 loco

73 4921 146 4986 Ὶογι.
163 4923 198 4990 Β,
214 4922 290 4978 idem
310 4921 389 4975 Your.
409 4923 415 4989 l
435 4921 556 4990 demolit]
575 4920 655 4986 FLU,
673 4920 766 4976 demo·
817 4922 907 4978 ἀιιιιιιι
923 4921 1088 4996 desumptis
1139 4922 1175 4977 39
1191 4920 1360 4992 peremptio*
1376 4923 1415 4975 Γ*

73 4993 138 5050 lium
144 4993 216 5068 11³³,
229 4993 336 5050 detulit
347 4993 388 5048 P·-
431 4993 466 5048 25
482 4991 604 5062 heincus]
619 4992 707 5048 ualles
718 4993 765 5056 1³⁴,

1236 5080 1294 5138 to*
