3712 5370
248 181 350 251 XVIII
373 165 528 248 1402-44
917 171 1004 254 520
1350 201 1396 247 nn
1419 197 1678 248 counasnnuos
1793 221 1796 234 ·

249 341 316 397 etsi¹
334 340 363 396 ln
381 338 478 395 diebus
495 339 609 409 trigInta
626 339 810 394 renuntiasset
828 337 957 394 minorem
977 336 1087 392 modum
1106 337 1165 406 agri
1182 352 1251 408 esse,
1270 339 1395 409 quamuis
1414 338 1506 393 multis
1522 343 1586 408 post
1598 337 1678 392 annis

216 444 229 491 1
248 445 330 501 posse
355 443 417 485 enm
441 444 495 498 quo
519 429 606 483 minor
628 427 653 482 is
676 426 773 482 modus
795 427 854 496 agri
877 424 976 481 suisset
996 431 1129 496 repetere.
1164 427 1196 482 In
1213 427 1274 497 lege
1292 426 1370 482 modi
1388 443 1486 497 aquarn
1505 441 1678 482 accessuram

249 520 330 576 dixit:
349 518 539 589 quaerebatur,
557 535 592 574 an
610 517 693 572 etiam
710 517 762 572 iter
780 529 867 586 aquae
885 515 1057 570 accessisset.
1084 516 1225 586 respondit
1242 517 1294 572 sibi
1311 517 1399 572 uideri
1416 515 1445 572 id
1459 521 1549 571 actum
1561 531 1631 585 esse,
1650 521 1679 571 et

216 609 311 670 uideo
333 609 386 664 iter
407 623 515 678 quoque
539 607 710 662 uenditorem
732 605 842 660 tradere
864 610 998 676 oportere.
1035 605 1086 672 Qui
1111 621 1207 675 agrurn
1225 604 1376 676 uendebat,
1402 605 1471 660 dixit
1488 603 1566 660 tundi
1583 606 1679 674 iugera

249 699 344 754 decern
363 701 391 753 et
408 702 471 753 octo
490 711 560 766 esse,
579 701 607 751 et
625 694 698 765 quod
716 695 775 750 eius
793 693 954 750 admonsum
972 695 1032 764 orit,
1051 694 1086 748 ad
1104 695 1212 764 singula
1229 695 1324 764 iugera
1341 700 1445 750 certum
1463 695 1580 765 pretium
1593 693 1678 764 stipu-
1698 705 1713 747 s

216 788 320 848 elatus
343 791 415 842 erat:
437 786 537 855 uiginti
560 786 673 840 inuenta
696 789 773 839 sunt:
796 799 846 853 pru
869 784 966 853 uiginti
988 782 1082 838 deberi
1099 785 1242 853 pecuniam
1261 784 1410 855 respoudit.
1446 783 1535 839 Fundi
1552 783 1679 839 uenditor

248 876 385 932 tramenta
403 889 485 931 mauu
503 879 564 930 sata
582 878 734 944 receperat:
753 873 783 928 in
799 887 833 928 eo
852 871 937 928 fundo
955 887 990 927 ex
1008 873 1109 943 stipula
1126 887 1206 942 seges
1224 878 1284 928 erat
1295 879 1387 928 enata:
1406 874 1560 943 quaesitum
1572 877 1623 942 est,
1642 888 1678 927 an

247 969 330 1038 pacto
353 963 545 1020 contineretur.
578 962 719 1033 rospondit
741 963 860 1016 mantne
878 960 990 1031 reterre,
1014 961 1080 1031 quid
1098 967 1142 1017 est
1159 965 1263 1017 actum:
1288 968 1408 1018 ceterum
1426 962 1574 1017 secundum
1593 960 1679 1016 uerba

248 1075 299 1110 noo
316 1067 378 1109 esse
396 1057 487 1108 aetum
495 1052 515 1121 ¹,
539 1050 613 1120 quod
630 1067 665 1106 ex
683 1051 784 1120 stipula
802 1056 973 1120 nasceretur,
991 1065 1046 1106 non
1064 1051 1152 1121 magis
1169 1067 1252 1120 quam
1271 1052 1294 1106 si
1312 1052 1395 1122 (111111ι
1413 1067 1448 1107 es
1466 1065 1547 1106 saeco
1565 1051 1679 1105 saccarii

121 1161 122 1166 ¹
215 1157 231 1205 4
249 1143 394 1198 cecidisset
411 1146 460 1197 aut
476 1157 511 1196 ex
529 1156 562 1196 eo
580 1139 654 1211 quod
673 1140 770 1196 auibus
788 1155 823 1195 ex
840 1154 903 1194 uere
921 1139 1066 1194 cecidisset
1083 1145 1177 1195 natum
1195 1146 1277 1196 esset.
1313 1141 1382 1198 Cum
1401 1139 1515 1196 trundum
1533 1139 1594 1209 quis
1612 1153 1679 1194 uen-
1700 1153 1729 1193 re

248 1231 356 1288 diderat
373 1236 401 1287 et
418 1245 525 1286 omnem
543 1227 661 1285 fructum
680 1233 833 1299 receperat,
852 1233 881 1284 et
898 1228 1057 1283 arundinem
1077 1230 1208 1284 caeduam
1227 1233 1256 1284 et
1273 1231 1388 1285 siluam⁴
1405 1230 1433 1284 in
1450 1227 1540 1283 fructu
1558 1243 1619 1284 esse
1637 1243 1678 1282 re-

215 1321 367 1391 sspondit.
403 1320 497 1389 Dolia,
516 1333 587 1389 quae
604 1318 633 1372 in
650 1315 735 1373 tundo
754 1317 856 1373 domini
874 1322 978 1386 essent,
998 1333 1142 1372 accessura
1160 1318 1243 1373 dixit:
1262 1319 1344 1374 etiam
1363 1333 1410 1388 ea,
1429 1333 1499 1388 quae
1518 1331 1613 1372 seruus
1631 1317 1678 1386 qui

215 1407 362 1473 oiundum
385 1409 506 1464 coluerat
530 1408 641 1463 emisset
663 1407 823 1477 peculiaria,
848 1407 964 1476 emptori
981 1421 1093 1462 cessura
1110 1407 1258 1477 respondit.
1294 1408 1366 1463 Rota
1383 1422 1506 1477 quoque,
1529 1419 1679 1477 perquam

248 1513 320 1568 aqua
336 1496 497 1567 traheretur,
515 1495 598 1552 nihilo
616 1497 706 1552 minus
725 1494 841 1552 aedificii
858 1501 902 1551 est
919 1511 1001 1566 quarn
1019 1496 1109 1551 situla.
1699 1507 1731 1548 rs

190 1594 228 1652 41
300 1587 442 1642 immune
460 1585 528 1640 libro
546 1585 627 1640 tertio
646 1585 681 1640 ad
693 1584 819 1640 Urseium
831 1584 970 1640 Ferocem.
999 1583 1067 1640 Cum
1086 1584 1122 1640 ab
1139 1597 1181 1654 eo,
1200 1585 1248 1655 qui
1266 1583 1380 1640 tuntum
1398 1585 1443 1640 alii
1456 1584 1503 1640 ob-
1522 1578 1722 1667 [ΜΕ

247 1675 361 1745 ligatum
379 1673 511 1745 habebat,
531 1674 641 1744 quidem
660 1675 700 1730 sie
718 1679 840 1744 emptum
858 1677 995 1744 rogasset,
1015 1678 1046 1728 ut
1063 1679 1137 1728 esset
1153 1675 1177 1728 is
1196 1673 1248 1728 sibi
1266 1678 1382 1743 emptus,
1402 1673 1425 1728 si
1443 1689 1506 1728 eum
1524 1673 1678 1742 liberasset,

248 1763 396 1820 dummodo
414 1768 478 1819 anto
495 1763 628 1818 kalendas
647 1763 729 1818 Iulias
746 1763 887 1832 liberaret,
908 1763 1061 1832 quaesitum
1079 1768 1136 1833 ost,
1155 1779 1190 1818 an
1208 1763 1312 1818 utiliter
1330 1777 1411 1832 agere
1428 1764 1516 1833 possit
1533 1778 1568 1816 ex
1586 1767 1678 1831 empto

247 1853 275 1908 in
292 1852 352 1922 hoe,
371 1857 403 1907 ut
419 1851 545 1908 uenditor
563 1867 626 1908 oum
644 1849 779 1907 liberaret
807 1851 960 1922 respondit:
979 1851 1130 1922 uideamus,
1149 1853 1215 1922 quid
1233 1853 1303 1906 inter
1321 1857 1453 1906 ornentsm
1472 1855 1500 1906 et
1512 1850 1677 1906 uendentem

247 1948 338 1998 actum
356 1943 399 1998 sit
427 1958 491 1997 nam
510 1941 533 1996 si
550 1941 579 1996 id
596 1945 688 1996 actum
707 1946 757 2011 est,
777 1945 808 1995 ut
825 1941 898 1996 omui
916 1941 998 1996 modo
1015 1942 1086 1996 intra
1104 1941 1236 1996 kalendas
1254 1941 1336 1996 lulias
1348 1940 1476 1996 uenditor
1486 1938 1600 1994 fundum
1612 1938 1680 1994 libe-

246 2036 333 2102 rarot,
354 2046 389 2087 ex
407 2035 499 2101 empto
517 2031 569 2085 orit
587 2031 672 2099 actio,
691 2034 722 2085 ut
739 2028 849 2100 liberet,
868 2045 918 2084 nec
936 2029 988 2084 sub
1006 2030 1165 2086 condicione
1183 2031 1285 2100 emptio
1304 2028 1377 2085 faeta
1395 2029 1574 2098 intellegatur,
1593 2028 1679 2084 ueluti
1698 2045 1729 2086 se

247 2121 271 2176 si
292 2120 344 2175 hoc
367 2120 448 2176 modo
472 2123 579 2190 emptor
602 2119 825 2189 interrogauerit:
844 2117 904 2174 'erit
927 2118 991 2173 mihi
1009 2118 1109 2175 fundus
1127 2125 1235 2190 emptus
1253 2120 1305 2189 ita,
1329 2123 1360 2174 ut
1377 2133 1439 2174 eum
1458 2119 1529 2172 intra
1547 2116 1679 2173 kalendas

248 2209 337 2264 ‘Iulias
360 2207 475 2278 liberes',
499 2209 544 2263 uel
562 2208 608 2262 'ita
630 2213 660 2264 ut
683 2223 746 2263 eum
769 2209 840 2263 intra
863 2207 995 2262 kalendas
1018 2225 1036 2262 a
1053 2209 1126 2263 TItio
1147 2207 1282 2263 redimas'.
1316 2209 1340 2262 si
1363 2223 1428 2263 uero
1449 2206 1500 2262 sub
1519 2205 1679 2262 conditione

215 2315 228 2363 1
247 2296 322 2353 laeta
339 2297 440 2368 emptio
458 2300 510 2366 est,
528 2313 583 2353 non
600 2297 700 2366 poterit
718 2297 772 2368 agi,
791 2303 822 2352 ut
840 2297 964 2366 condicio
982 2297 1133 2368 impleatur.
1165 2297 1286 2352 Mensam
1304 2303 1420 2367 argento
1439 2301 1594 2367 coopertam
1613 2295 1679 2351 milri

247 2387 383 2458 ignoranti
405 2400 454 2456 pro
478 2385 566 2442 solida
588 2386 736 2442 condidisti
759 2385 931 2457 imprudens:
956 2387 1030 2441 nulla
1052 2391 1095 2441 est
1117 2387 1219 2456 emptio
1241 2387 1412 2457 pecuniaque
1435 2387 1595 2442 eonomine
1613 2385 1680 2440 data

247 2476 413 2533 condicetru.
1698 2491 1729 2534 as

188 2573 228 2633 42
249 2607 253 2622 .
300 2565 475 2620 haumar:
493 2562 562 2619 libro
579 2563 666 2634 primo
684 2563 893 2620 institutionum.
921 2563 1031 2619 Domini
1048 2578 1136 2634 neque
1154 2579 1204 2634 per
1221 2579 1251 2618 se
1269 2557 1361 2634 nequo
1376 2579 1425 2634 per
1440 2579 1502 2634 pro·
1520 2557 1679 2646 Q
1698 2573 1721 2628 s

248 2659 388 2710 curatores
406 2667 471 2708 suos
488 2657 605 2723 possunt
623 2653 719 2708 saloem
738 2653 896 2708 criminosos
914 2667 1008 2709 seruos
1027 2652 1153 2724 uendere,
1172 2657 1204 2707 ut
1221 2668 1283 2708 cum
1302 2653 1397 2709 bestiis
1410 2659 1572 2724 pugnarent
1599 2653 1680 2708 etita

247 2743 305 2799 diui
322 2741 420 2798 iratres
438 2743 644 2812 rescripserunt

189 2842 229 2902 43
300 2832 510 2888 heumanmus
532 2829 602 2887 libro
624 2835 723 2886 octauo
746 2831 955 2887 institutionum.
992 2831 1034 2886 Ea
1056 2846 1127 2901 quae
1149 2830 1358 2886 commendandi
1375 2829 1504 2884 causatu
1523 2825 1721 2914 ΜΗ

143 2921 145 2924 ’
247 2919 452 2982 uenditionibue
470 2919 609 2990 dicuntur,
628 2921 652 2975 si
669 2921 759 2991 palam
779 2923 954 2991 appareanu,
972 2920 1142 2976 uenditorem
1161 2935 1215 2976 non
1234 2919 1368 2990 obligant,
1387 2919 1473 2976 uoluti
1491 2919 1514 2973 si
1532 2919 1607 2974 dicat
1624 2935 1679 2976 sor·
1699 2937 1731 2980 so

247 3027 313 3068 uum
332 3011 500 3081 speciosum,
523 3009 633 3064 domurn
651 3009 722 3064 bene
741 3007 926 3064 aedificatam:
950 3015 980 3064 at
997 3011 1020 3065 si
1038 3010 1138 3064 duent
1154 3009 1290 3064 hominem
1309 3009 1458 3064 litteratum
1476 3009 1520 3064 uel
1539 3007 1678 3080 ardicam,

215 3119 228 3166 1
247 3105 388 3172 praestare
406 3097 501 3154 debet:
521 3115 584 3154 nam
604 3093 614 3167 ss
634 3097 685 3153 hoc
702 3097 762 3168 ipso
780 3099 865 3168 pluris
883 3099 985 3154 uendit.
1013 3099 1153 3165 Quaedam
1169 3099 1251 3153 etiam
1262 3099 1473 3168 pollicitationes
1485 3097 1608 3154 uendito—
1627 3095 1679 3182 [(11]
1696 3113 1714 3161 r,
1726 3112 1781 3163 uro·

247 3205 305 3246 rem
323 3204 378 3244 non
396 3187 527 3258 obligant,
546 3187 570 3242 si
587 3188 627 3242 ita
643 3188 672 3242 in
689 3191 816 3258 promptu
834 3203 878 3244 res
897 3189 940 3258 sit,
959 3194 990 3242 ut
1007 3203 1067 3244 eam
1086 3193 1192 3258 emptor
1209 3203 1264 3244 non
1282 3189 1455 3258 ignorauerit,
1475 3188 1560 3243 ueluti
1578 3188 1679 3257 siquis

247 3277 383 3335 hominem
407 3276 554 3333 luminibus
576 3277 683 3332 effossis
706 3282 781 3331 emat
801 3283 830 3332 et
847 3277 881 3333 de
899 3278 1017 3333 sanitate
1035 3278 1192 3347 stipuletur:
1218 3293 1281 3332 nam
1299 3277 1333 3332 de
1352 3283 1443 3333 cetera
1460 3281 1538 3348 parte
1557 3277 1678 3347 eorporis

215 3373 338 3439 2potas
357 3367 503 3437 stipulatus
521 3365 638 3435 uidetur,
656 3380 738 3434 quam
757 3365 792 3420 de
809 3381 851 3435 eo,
870 3367 897 3422 in
914 3381 969 3436 quo
987 3381 1017 3421 se
1029 3366 1089 3436 ipse
1101 3366 1262 3438 decipiebat.
1290 3367 1388 3422 Dolum
1402 3367 1503 3422 malum
1536 3362 1678 3435 a‘sarssca
1696 3381 1719 3436 s

248 3471 313 3512 ase
331 3456 429 3512 abesse
446 3459 587 3526 praestare
605 3455 731 3510 uenditor
748 3454 839 3526 debet,
857 3456 904 3526 qui
922 3471 976 3511 non
994 3460 1099 3511 tantum
1118 3457 1148 3512 in
1164 3471 1197 3512 co
1216 3461 1266 3528 est,
1285 3457 1331 3526 qui
1344 3455 1454 3512 ludendi
1466 3471 1550 3512 causa
1562 3443 1678 3512 ob's‘our‘e
1697 3475 1727 3518 se

248 3546 374 3616 loquitur,
394 3545 543 3601 sedetiam
562 3545 609 3614 qui
626 3545 756 3600 insidioso
773 3538 905 3600 obs'euret
924 3544 1085 3600 dissimulat.

189 3644 230 3702 44
299 3634 475 3690 illacrsrrus
493 3633 562 3690 libro
580 3634 660 3690 tertio
679 3636 842 3704 regularum.
871 3633 900 3689 Si
917 3633 987 3690 dues
1005 3635 1066 3704 quis
1084 3650 1179 3691 seruos
1198 3635 1294 3690 emerit
1310 3635 1412 3706 pariter
1429 3649 1483 3690 uno
1497 3635 1593 3705 pretio,
1611 3649 1679 3705 quo·
1697 3638 1720 3693 S

246 3739 307 3778 rum
325 3723 395 3778 alter
412 3727 475 3779 ante
493 3723 678 3780 uenditionem
697 3727 821 3780 mortuus
838 3727 889 3795 est,
908 3725 1042 3794 usquein
1059 3725 1124 3781 uiuo
1142 3728 1251 3780 constat
1268 3723 1379 3794 emptio.

246 3828 411 3900 FlPtVUd

248 3979 338 4048 ¹etsi]
359 3978 401 4034 si?
472 3979 736 4050 ’actum1eatnmi
805 3981 870 4037 ἐκ
889 3996 921 4038 eo
940 3982 1013 4052 quod
1031 3984 1243 4051 (Omtartnasus)
1262 3991 1310 4038 tm.
1380 3984 1440 4037 ⁴et
1454 3980 1632 4037 harundinem
1649 3984 1678 4038 ot

247 4051 343 4107 siluam
363 4049 495 4106 caeduam
515 4052 681 4119 (Galaesum
751 4055 763 4088 ⁸
782 4059 913 4123 appareat
931 4057 965 4122 (a.
978 4054 1026 4122 t.)?
1096 4053 1240 4110 ⁰obscure
1259 4056 1304 4109 det.
1324 4055 1359 4122 (a.
1373 4056 1400 4121 t.)

247 4183 377 4240 tmodis
395 4184 435 4237 P‘
455 4187 459 4252 Ι
481 4189 622 4254 repetere
642 4181 690 4236 ΓΗ
753 4185 847 4240 iliter
865 4202 936 4256 aqua
988 4187 1081 4243 didisti
1100 4190 1139 4243 tir
1157 4189 1192 4241 F:
1213 4190 1217 4256 Ι
1237 4188 1324 4244 solido
1347 4189 1439 4258 1²th
1461 4198 1505 4248 cst
1522 4193 1676 4264 om.P·Vl

247 4257 401 4326 accepisset
413 4255 452 4310 P⁰
468 4257 473 4324 Ι
489 4257 541 4310 siui
554 4256 590 4308 F¹
628 4257 752 4326 tingere
765 4257 800 4310 F¹
836 4257 933 4326 boeto]
987 4261 1213 4330 pecuniaquaeF
1252 4263 1286 4315 21
1298 4276 1392 4317 seruos
1402 4265 1500 4320 om.P⁶
1515 4267 1519 4332 Ι
1534 4265 1630 4320 uestiis
1641 4265 1677 4318 5¹

247 4343 346 4382 nouem
372 4328 412 4380 P⁰
432 4329 436 4395 Ι
458 4328 526 4398 eius]
549 4343 613 4382 esus
636 4327 683 4380 F¹²
705 4331 709 4397 t
728 4328 877 4398 pr'a'etium
900 4331 936 4382 F²
988 4331 1024 4386 30
1036 4337 1167 4402 appareat
1180 4332 1219 4386 P⁶
1235 4334 1239 4398 Ι
1255 4331 1513 4401 obliga‘uora‘n:F²‚
1526 4337 1678 4404 obligatP·

248 4399 410 4469 brespondi
428 4400 455 4452 P
505 4401 637 4454 lmanus
656 4401 694 4454 P·
709 4403 714 4466 Ι
730 4401 858 4471 stipulata
870 4402 934 4470 P⁰1
989 4403 1022 4458 31
1041 4419 1112 4459 neue
1132 4404 1165 4456 F¹
1182 4405 1186 4469 1
1203 4402 1240 4472 at]
1257 4407 1305 4458 aut
1316 4405 1357 4458 P·
1403 4407 1438 4460 33
1457 4408 1621 4477 impromptu
1633 4407 1683 4462 FP

247 4469 445 4538 enata]nataP
459 4471 942 4597 enouessejPltesseFlsaceo's'F
989 4475 1201 4530 3411011111)
1247 4477 1281 4530 35
1300 4477 1390 4545 potuis
1408 4477 1434 4529 F
1446 4479 1542 4603 (staff
1591 4480 1626 4532 36
1644 4495 1678 4534 eo

248 4541 282 4595 10
291 4541 365 4609 aere]
375 4541 442 4606 FP·,
453 4556 499 4596 ore
500 4541 594 4618 fpsV
649 4542 936 4614 lliruetu]F²PVtU,
989 4547 1041 4616 est]
1060 4547 1154 4602 eodem
1175 4547 1213 4600 p.
1266 4549 1300 4602 31
1319 4548 1466 4604 insidiosae
1526 4549 1676 4620 tobscure]

246 4610 364 4667 fructum
391 4612 470 4666 Μ’·
550 4615 584 4668 12
610 4615 701 4683 etiam]
732 4621 760 4670 et
786 4617 867 4670 etiam
896 4617 935 4671 P·
990 4617 1181 4690 uqaoscuatB:
1200 4617 1231 4680 οῩ
1249 4619 1332 4672 cesos
1351 4617 1676 4692 desorbctninsparpaosi

248 4685 281 4738 16
299 4684 409 4754 quidem
428 4685 468 4738 P·
488 4686 494 4752 1
514 4689 545 4738 ut
562 4689 636 4740 esset
659 4687 698 4740 bis
715 4687 754 4740 P·
809 4687 841 4742 li
859 4689 935 4742 iulia·
988 4690 1084 4753 tuba,
1103 4687 1166 4743 isai
1185 4691 1222 4744 rai
1242 4688 1366 4761 inrepere
1384 4693 1421 4746 sic
1435 4693 1532 4747 etiosa
1546 4691 1676 4762 tnonpoc-

247 4770 298 4809 nue
321 4755 362 4809 Ρ·
426 4756 459 4810 18
482 4756 626 4826 ementem]
642 4757 727 4830 sPU,
754 4762 893 4814 omentum
915 4761 941 4812 F
988 4761 1160 4822 neruiuesoc:
1178 4763 1224 4816 sed
1240 4770 1307 4816 reete
1324 4763 1425 4818 uidetur
1443 4766 1562 4818 deiecisse
1577 4765 1677 4820 erene-

247 4826 282 4880 20
305 4841 339 4880 ex
363 4831 455 4897 empto
477 4828 529 4882 erit
551 4829 623 4884 ectio
648 4834 679 4882 111
696 4828 791 4884 liberet
808 4849 856 4884 om.
868 4829 938 4884 P⁰V
988 4851 1102 4894 mannua,
1120 4851 1176 4886 eum
1189 4833 1240 4887 sibi
1254 4842 1416 4903 opponantur
1428 4843 1457 4890 at
1469 4833 1579 4890 fallendi
1592 4851 1677 4891 canu

248 4897 283 4950 22
299 4896 396 4951 liberet
412 4898 452 4952 P·
467 4899 472 4966 Ι
488 4899 586 4969 atilio]
603 4899 675 4954 actio
687 4901 728 4954 P·
780 4901 815 4956 23
832 4900 935 4970 emptio
988 4910 1012 4957 et
1028 4902 1177 4974 insidiose,
1189 4911 1226 4958 tta
1241 4903 1356 4960 obscure
1374 4907 1448 4976 loqui
1466 4915 1490 4964 st
1505 4905 1676 4970 dusimulare

247 4967 299 5040 eat]
317 4975 471 5039 emptonem
489 4969 529 5024 P‘
581 4971 617 5030 24
633 4972 770 5042 ignoranti
787 4989 814 5050 p.
831 4987 853 5031 s.
869 4987 934 5028 uen-
987 4975 1087 5043 38'qui
1105 4975 1145 5028 P:¹
