3698 5364
246 183 366 252 Xllllll
387 187 407 250 3
429 191 542 246 13-21
924 181 1012 260 720
1216 203 1349 252 sonoro
1371 201 1595 250 usnamomo
1616 201 1692 250 nos

192 343 230 400 13
299 342 418 398 Psunus
439 340 508 396 libro
531 341 648 412 septimo
671 340 707 396 sd
725 339 865 397 Sabinum.
901 341 967 412 quis
990 341 1045 396 tale
1067 339 1230 397 beneficium
1251 341 1396 412 personale
1416 345 1505 398 estet
1523 335 1691 424 [iffi-{13
1712 347 1735 401 S

248 445 310 484 cum
328 445 446 500 persona
463 430 653 500 exstinguitur.

193 521 230 578 14
302 518 452 574 Uarrones
474 517 543 575 libro
564 519 726 589 trigessimo
749 524 827 573 sexte
850 518 886 574 ad
909 517 1050 574 Sabinum.
1089 518 1153 574 Alia
1174 533 1260 574 eausa
1282 523 1326 574 est
1347 515 1507 586 defensoris,
1526 512 1735 600 [ΜΒ

248 622 330 677 quem
348 609 439 677 placet
455 606 622 664 sufficienter
639 607 726 662 uideri
746 605 917 677 defendisse,
941 608 1094 664 sitantum
1118 607 1197 663 uxori
1218 613 1352 677 praestet,
1377 610 1509 676 quantum
1533 621 1690 675 conseque·

217 703 336 766 iretur,
360 697 384 751 si
406 697 495 767 ipsum
519 696 646 752 maritum
670 697 852 752 conuenisset
888 696 1036 765 Eleganter
1057 697 1165 766 qusent
1181 697 1348 765 Pomponius
1370 694 1440 751 libro
1462 695 1558 765 qrriuto
1576 695 1726 750 decimos

249 800 284 840 ex
302 784 412 854 Sabino,
431 785 455 840 si
472 786 627 854 paciscatur
645 785 769 854 maritus,
787 800 823 840 ne
841 785 869 840 in
887 784 916 840 id
934 785 1008 854 quod
1026 783 1116 841 faeere
1133 786 1222 855 possit
1232 785 1437 854 condemnetur,
1455 783 1506 839 sed
1517 783 1546 838 ιιι
1557 783 1690 853 solidum,

249 889 285 930 an
303 873 355 929 boo
371 879 483 944 paetum
501 873 666 928 seruandum
685 875 740 930 siti
766 881 794 930 et
817 879 901 943 negat
924 875 1028 930 seruari
1050 881 1191 945 oportere,
1215 874 1290 944 quod
1311 873 1422 944 quidem
1445 872 1557 928 etmihi
1574 872 1692 928 uidetur

249 977 359 1018 uerum:
377 977 496 1032 namque
514 967 609 1018 uonna
625 962 713 1019 bonos
731 978 821 1020 mores
839 962 868 1018 id
885 968 997 1033 pactum
1015 979 1077 1020 esse
1095 964 1191 1020 melius
1209 968 1253 1018 est
1269 962 1369 1033 dicem,
1387 962 1490 1032 quippe
1507 977 1569 1018 eum
1588 966 1691 1018 centn

249 1057 387 1122 receptam
405 1053 595 1123 reuerentiam,
613 1066 685 1121 quse
703 1052 807 1107 maritis
824 1051 979 1108 exbibenda
996 1059 1048 1122 cst,
1065 1052 1094 1107 id
1111 1067 1173 1108 esse
1192 1057 1315 1123 apparet.
1711 1061 1726 1101 s

194 1141 232 1199 15
302 1141 421 1195 Paunus
444 1140 513 1196 libro
536 1140 652 1212 septimo
675 1141 711 1196 ad
729 1139 869 1196 Sabinum.
905 1141 956 1196 Rei
979 1141 1114 1197 iudicatae
1137 1147 1247 1211 tempus
1264 1143 1419 1210 spectatur,
1442 1155 1508 1208 qua
1528 1132 1734 1221 [QQS

218 1242 230 1285 1
250 1233 330 1284 tenus
349 1229 463 1284 maritus
480 1227 572 1285 iacere
590 1233 691 1300 potest.
727 1229 829 1286 Herodi
846 1230 944 1299 mariti,
962 1230 1027 1286 licet
1043 1231 1072 1285 ιιι
1089 1229 1206 1286 solidum
1224 1229 1429 1298 condemnetur,
1448 1229 1692 1298 oompsmationes

249 1323 355 1387 umen,
379 1333 450 1387 quae
472 1318 508 1374 ad
531 1319 717 1388 pecuniariam
741 1335 852 1374 causam
876 1319 1039 1388 respiciunt,
1062 1318 1225 1389 proderunt,
1248 1323 1279 1374 ut
1301 1317 1354 1374 hoc
1377 1317 1467 1372 minus
1484 1317 1521 1372 sit
1537 1315 1690 1386 obligatus,

217 1419 232 1464 s
250 1407 335 1464 ueluti
353 1405 388 1462 ob
406 1421 450 1462 res
468 1406 585 1462 donatas
603 1412 632 1463 et
648 1411 756 1464 amotas
773 1413 802 1464 et
818 1409 970 1478 impensas:
989 1423 1094 1464 morum
1113 1421 1179 1462 uero
1191 1407 1384 1463 coercitionem
1399 1404 1556 1462 nonhabet
1583 1405 1691 1462 Socero

145 1485 146 1488 '
250 1510 367 1566 quoque,
387 1511 450 1551 eum
468 1511 523 1566 quc
542 1511 626 1552 nurus
645 1495 679 1550 de
697 1495 763 1552 dote
781 1497 846 1567 agit,
865 1496 938 1552 idem
956 1496 1042 1552 honor
1060 1495 1184 1566 habetur,
1203 1503 1232 1550 st
1247 1497 1276 1551 in
1293 1495 1322 1550 id
1339 1495 1484 1552 mmnetur
1501 1494 1575 1564 quod
1593 1492 1692 1550 heere

249 1589 350 1654 potest,
1712 1596 1744 1638 ιι

195 1677 232 1736 16
302 1673 474 1728 Poueorrrus
501 1672 569 1730 libro
599 1679 679 1730 sexto
708 1673 814 1730 dodino
842 1673 879 1730 ad
901 1673 1041 1730 Sabinum.
1083 1674 1149 1744 quia
1171 1674 1292 1744 parentis
1313 1674 1404 1730 loourn
1427 1688 1505 1730 socer
1529 1667 1735 1754 Qec-‚efres

250 1761 365 1832 optinet.

195 1853 232 1914 17
303 1851 423 1906 Pennus
445 1848 514 1905 libro
538 1850 655 1921 septimo
679 1851 716 1906 ad
733 1849 874 1908 Sabinum.
911 1853 955 1908 Ex
977 1851 1086 1918 diuerm
1104 1853 1128 1908 si
1148 1867 1227 1908 sooer
1244 1867 1280 1908 ex
1296 1852 1476 1922 promissione
1494 1867 1511 1906 a
1529 1843 1733 1933 [QAES

250 1940 348 1994 manto
367 1939 558 2009 conueniatur,
577 1939 648 1996 solet
664 1941 767 2010 quaeri,
786 1957 821 1996 au
838 1940 912 1996 idem
930 1940 957 1996 ei
974 1940 1061 1997 honor
1078 1941 1221 1998 habendus
1238 1942 1288 1997 sit:
1312 1941 1441 1996 Neratius
1458 1939 1534 1997 libris
1552 1937 1691 1994 membra-

219 2037 232 2080 1
250 2045 348 2084 narum
366 2033 395 2082 et
412 2029 542 2084 Proculus
560 2027 684 2084 scribunt
700 2029 753 2085 heo
770 2031 873 2086 iustum
891 2045 961 2086 esse.
999 2031 1069 2086 Item
1087 2032 1111 2086 ei
1128 2032 1224 2086 mulier
1247 2045 1282 2086 ex
1296 2030 1481 2101 promissione
1499 2027 1691 2107 οοιιιιοιιιιιοι,
1711 2045 1744 2085 ιο

251 2117 340 2187 magis
356 2117 459 2186 placuit
476 2115 677 2174 defendendam
694 2133 755 2174 eam
773 2133 822 2188 per
840 2119 1041 2189 exceptionem:
1066 2119 1138 2175 idem
1158 2125 1186 2176 et
1203 2119 1334 2176 Proculus
1352 2119 1404 2173 ait:
1427 2117 1507 2174 sicuti
1530 2131 1592 2172 cum
1610 2117 1693 2174 scoia

218 2211 233 2256 2
251 2205 311 2276 iuit,
329 2205 439 2261 dabitur
458 2205 482 2260 ei
500 2207 640 2277 exceptio,
665 2207 791 2278 quamuis
813 2208 872 2264 iure
895 2208 968 2264 ciuili
987 2209 1023 2264 sit
1040 2208 1170 2278 obligate.
1207 2207 1237 2264 si
1253 2208 1282 2264 in
1299 2207 1400 2262 iudicio
1417 2206 1491 2263 dotis
1508 2205 1591 2260 iudex
1609 2205 1692 2274 igne·

251 2295 340 2352 tantia
362 2295 428 2350 iuris
450 2294 545 2364 lapsus
567 2295 790 2352 cendemnauerit
812 2297 941 2352 maritum
961 2297 990 2352 ιιι
1007 2297 1138 2368 solidum,
1161 2297 1288 2354 Neratius
1306 2295 1424 2352 Sabinus
1447 2295 1502 2352 doli
1524 2294 1692 2363 exceptione

251 2400 315 2440 eum
333 2384 373 2438 uti
390 2387 516 2453 oportere
535 2384 612 2439 aiunt
629 2399 716 2455 eaque
734 2389 824 2441 tutum
842 2384 908 2441 iore.
1679 2439 1681 2444 ,
1713 2401 1746 2441 ιι

196 2466 234 2525 18
304 2473 476 2528 Poemenius
493 2471 561 2528 libro
579 2479 659 2530 sexto
677 2473 784 2531 decimo
802 2474 838 2530 ad
856 2474 997 2530 Sabinum.
1033 2475 1124 2531 Etiam
1138 2473 1209 2530 lilios
1226 2474 1356 2544 mulieris,
1374 2473 1422 2543 qui
1439 2471 1511 2542 patri
1528 2465 1734 2554 [Qssijs'fi
1832 2501 1839 2514 ·

219 2569 232 2613 1
251 2561 366 2618 heredes
384 2561 560 2631 exstiterunt,
583 2561 612 2618 ιιι
634 2562 663 2618 id
687 2563 761 2632 quod
785 2562 875 2620 iacere
899 2569 1016 2634 possunt
1033 2563 1254 2620 condemnandos
1271 2561 1365 2620 Labeo
1383 2562 1431 2616 ait.
1467 2561 1545 2618 Licet
1562 2560 1591 2614 in
1608 2559 1692 2616 deta·

250 2651 322 2706 libus
340 2649 422 2706 rebus
440 2651 600 2706 conscium
619 2651 725 2722 dolum,
748 2653 799 2710 sed
822 2660 850 2709 et
868 2655 975 2724 eulpam
998 2654 1113 2710 maritus
1134 2658 1270 2724 praestet,
1295 2667 1358 2708 cum
1380 2657 1473 2707 ιιιιιιοιι
1496 2649 1637 2720 quaeritur
1661 2650 1692 2705 in

252 2740 352 2796 iudioio
371 2739 406 2794 de
424 2737 488 2794 dote
506 2756 542 2795 an
560 2736 650 2796 iacere
667 2741 763 2811 possit,
781 2741 861 2798 dolus
879 2742 1023 2806 dumtaxat
1040 2741 1287 2813 comprehenditur,
1304 2741 1370 2811 quia
1386 2740 1415 2796 in
1432 2754 1522 2795 rerum
1533 2738 1620 2808 ipsius
1639 2739 1691 2794 ad·

252 2829 450 2885 ministratione
468 2844 523 2884 non
541 2833 601 2884 erat
618 2829 654 2884 ab
672 2845 705 2885 eo
723 2831 804 2900 eulpa
821 2831 965 2900 exigenda.
993 2847 1159 2902 quamquem
1184 2846 1247 2887 eum
1271 2829 1416 2886 dumtaxat
1433 2829 1526 2884 dolum
1544 2827 1570 2882 ei
1587 2842 1692 2884 nocere

252 2923 360 2989 putem,
379 2919 403 2973 si
420 2915 510 2972 iacere
527 2932 583 2974 non
600 2919 701 2990 possit,
725 2935 806 2988 quem
825 2927 936 2990 propter
952 2935 1066 2976 uxorem
1084 2919 1221 2990 adhibuit,
1245 2935 1280 2976 ne
1297 2919 1324 2974 oi
1340 2917 1458 2975 solidum
1476 2917 1607 2986 solueret,
1632 2933 1692 2972 ιιοιι
1712 2928 1744 2969 ro

251 3012 363 3078 propter
381 3005 529 3076 quembbet
546 3007 637 3063 alium
665 3005 760 3064 Ofilius
778 3013 870 3064 autem
890 3008 989 3079 aiebat,
1011 3010 1035 3065 si
1052 3009 1116 3067 dole
1134 3009 1224 3064 mariti
1242 3023 1286 3063 res
1304 3007 1404 3064 doubs
1420 3007 1560 3062 interisset
1576 3009 1606 3060 et
1622 3006 1692 3061 alio·

252 3097 320 3167 quin
337 3094 469 3152 soluendo
487 3109 542 3150 nen
560 3101 646 3165 esset,
670 3097 796 3166 quamuis
820 3097 886 3154 nihil
904 3097 966 3154 dolo
985 3095 1109 3168 iecisset,
1132 3113 1187 3168 quo
1205 3098 1295 3152 minus
1313 3096 1444 3152 soluendo
1462 3098 1550 3164 esset,
1573 3094 1692 3164 perinde

252 3191 345 3240 tamen
363 3200 426 3240 eum
444 3183 629 3240 mmnsndnm
648 3185 707 3241 eius
725 3187 764 3241 rei
782 3185 881 3242 (ιοιιιιιι
899 3188 1008 3242 nomine
1026 3187 1055 3242 in
1072 3203 1128 3257 qua
1145 3187 1237 3242 dolum
1255 3184 1379 3254 iecisset,
1404 3189 1486 3254 atoue
1505 3185 1529 3239 ei
1547 3183 1610 3239 dolo
1628 3183 1692 3240 eius

253 3273 356 3330 iactum
374 3277 460 3344 emet,
484 3287 538 3342 quo
556 3273 645 3328 minus
663 3271 754 3330 faeere
771 3275 867 3344 possit.
895 3282 1016 3332 ceterum
1034 3277 1058 3332 si
1075 3277 1149 3332 eirca
1171 3276 1309 3332 interitum
1327 3275 1367 3331 rei
1384 3273 1484 3329 dotalis
1502 3273 1580 3329 dolus
1599 3273 1692 3328 malus

253 3369 282 3418 et
299 3363 380 3433 culpa
398 3362 487 3417 mariti
505 3361 590 3432 absit,
613 3362 735 3418 actiones
759 3364 844 3433 solas,
868 3379 937 3435 quas
960 3379 993 3422 eo
1018 3365 1127 3421 nomine
1149 3365 1229 3434 quasi
1251 3365 1365 3420 maritus
1388 3362 1485 3432 babet,
1508 3360 1693 3434 praestandas
1711 3375 1743 3417 ss

253 3453 368 3520 mulieri,
387 3451 473 3506 ueluti
489 3449 554 3505 furti
573 3451 616 3505 uel
634 3451 727 3508 damni
745 3453 868 3508 iniuriae.
976 3497 979 3500 .

198 3540 235 3598 19
306 3541 457 3596 Uermrrus
474 3539 542 3596 libro
560 3540 701 3610 trigesimo
720 3546 799 3598 sexto
817 3542 853 3598 ad
867 3540 1007 3598 Sabinum.
1044 3541 1075 3598 Si
1092 3543 1189 3598 mulier
1206 3541 1349 3598 diuerterit
1366 3545 1395 3597 et
1411 3539 1512 3596 iudicio
1531 3533 1735 3622 Q&

254 3629 289 3685 de
307 3629 371 3685 dote
389 3631 544 3684 οοιιιοιιιιιο
561 3644 673 3684 reuersa
690 3629 773 3686 inerit
789 3631 818 3686 iu
835 3631 1046 3702 matrimonium,
1066 3630 1077 3702 ΙΙ
1095 3631 1281 3702 redintegrato
1294 3629 1468 3687 matrimonio
1480 3629 1602 3698 exspirat
1618 3629 1692 3688 iudi·
1709 3639 1790 3688 tter

254 3719 326 3774 cium
345 3722 373 3773 et
390 3717 482 3772 omnia
500 3718 528 3773 in
546 3723 620 3775 statu
637 3718 751 3788 pristino
770 3725 890 3776 manent.
1713 3731 1745 3772 ss

197 3807 238 3866 ιθ
307 3807 426 3862 Paetus
438 3805 507 3862 libro
519 3807 636 3876 septime
648 3807 684 3862 ad
697 3805 836 3864 Sabinum.
873 3809 1003 3876 Quamuis
1018 3809 1115 3864 mulier
1127 3825 1183 3864 non
1199 3809 1228 3864 in
1246 3795 1433 3879 hee'aeeipiat
1450 3823 1513 3863 eon·
1532 3799 1737 3890 &bi-‘2⁶8

255 3901 345 3952 eunte
363 3896 535 3952 matrimonio
553 3895 659 3966 dotem,
683 3901 715 3952 ιιι
737 3912 785 3952 aes
808 3897 927 3952 alienum
951 3899 1041 3954 soluat
1058 3903 1107 3954 aut
1123 3899 1237 3969 praedis
1253 3898 1353 3954 idonea
1370 3901 1457 3967 emat,
1481 3896 1531 3952 sed
1548 3902 1580 3952 ut
1597 3881 1694 3952 liberis

255 4001 291 4040 ex
307 3985 361 4040 alio
379 3986 439 4040 uiro
456 3984 602 4054 egentibus
621 3991 670 4041 aut
686 3983 816 4042 iratribus
834 3991 883 4041 aut
900 3987 1060 4056 parentibus
1078 3988 1233 4044 consuleret
1251 3987 1295 4042 uel
1313 3991 1345 4042 ut
1363 4001 1411 4042 ees
1429 4001 1465 4040 ex
1481 3983 1606 4040 hostibus
1619 3983 1694 4040 redi-

255 4080 350 4145 meret,
368 4073 433 4144 quis
449 4075 522 4128 iusta
540 4079 569 4129 et
586 4073 701 4130 honesta
719 4090 803 4130 eausa
821 4080 872 4146 est,
890 4091 945 4131 non
963 4075 1072 4134 uidetur
1090 4076 1161 4131 male
1179 4075 1302 4146 accipere
1320 4079 1349 4131 et
1362 4074 1425 4131 ideo
1437 4079 1511 4130 reete
1524 4073 1550 4129 ei
1562 4073 1695 4130 soluitur:

255 4161 338 4233 idque
356 4167 385 4218 et
401 4163 430 4218 in
446 4161 503 4218 filia
520 4161 636 4218 familias
655 4163 824 4220 obseruator.
1715 4177 1749 4218 ιι

199 4255 236 4312 21
309 4250 460 4323 Umerus
483 4249 552 4308 libro
575 4253 656 4308 tertio
679 4253 905 4324 disputationum.
942 4251 997 4309 Sed
1021 4259 1049 4310 et
1072 4254 1097 4310 si
1119 4253 1181 4310 idec
1200 4253 1314 4310 maritis
1333 4269 1368 4310 ex
1385 4252 1450 4308 dote
1468 4267 1514 4308 ex·
1533 4245 1693 4334 [tanati
1715 4262 1754 4316 s·

1547 4327 1694 4336 -.---.--

255 4339 364 4411 pendit,
389 4345 421 4395 ut
439 4356 456 4396 a
473 4339 624 4396 latronibus
642 4341 789 4399 redimeret
806 4343 975 4398 necessarias
993 4343 1099 4398 mulieri
1116 4358 1249 4413 personas
1271 4343 1317 4398 nel
1334 4349 1366 4398 ut
1383 4342 1481 4398 mulier
1496 4340 1613 4396 uinculis
1630 4341 1695 4397 nin·

256 4429 382 4586 ᾱιὲιὲιηᾱο
399 4430 552 4486 necessarie
570 4431 627 4486 suis
646 4431 778 4503 aliquem,
800 4435 942 4502 reputatur
965 4431 991 4486 ei
1009 4431 1038 4486 id
1055 4431 1130 4502 quod
1148 4447 1299 4503 expensum
1318 4434 1376 4486 est¹
1397 4431 1456 4486 siue
1473 4445 1537 4500 pars
1555 4427 1628 4484 detis
1647 4429 1696 4503 sit,

256 4518 282 4572 F
364 4518 397 4588 U)

258 4633 268 4668 ¹
286 4636 315 4685 et
332 4639 380 4686 ins.

258 4747 471 4816 eparoisoatur
492 4747 529 4802 Fi
590 4748 770 4806 9exibenda
792 4751 841 4818 F}
865 4765 948 4820 appa·
1001 4755 1068 4804 nant
1085 4751 1121 4804 F¹
1175 4747 1528 4805 transcendissem
1582 4749 1619 4804 46
1637 4766 1698 4806 mo-

257 4822 335 4871 reat
356 4819 395 4870 F’
455 4819 488 4873 14
513 4825 544 4874 ut
567 4838 615 4874 om.
631 4820 658 4872 F
711 4823 746 4876 24
769 4820 889 4890 eaqu'a'e
911 4821 949 4874 Ρ
1000 4821 1051 4875 lier
1068 4822 1104 4875 F¹
1158 4822 1193 4876 4⁷
1210 4826 1353 4892 reputatur
1369 4822 1396 4876 ei
1417 4820 1479 4892 sep]
1506 4821 1698 4885 κιτιιοιιιετιι

258 4887 294 4943 28
312 4887 583 4958 ccmpr'a'ehenditur
604 4891 640 4944 Γ*
694 4893 729 4948 35
753 4893 894 4948 actiones
912 4891 948 4945 F*
1004 4891 1068 4962 oiri]
1087 4891 1102 4946 ὁ
1120 4891 1194 4964 ιιιιρ,
1214 4892 1261 4948 deo
1279 4894 1318 4947 soi
1337 4892 1401 4964 ir'ep
1419 4891 1541 4954 tortirac
1552 4892 1601 4946 rire
1613 4893 1700 4949 siriae

257 4959 293 5014 38
311 4961 512 5017 matrimonium
529 4963 658 5031 exe1).F²
710 4964 745 5020 39
763 4963 884 5034 manent]
902 4963 951 5020 mi·
1005 4965 1145 5020 κιτὲΒιλεκ
1164 4963 1227 5036 oiri}
1244 4965 1282 5020 κιι
1298 4964 1350 5020 aire
1368 4965 1449 5036 ratpot
1466 4964 1498 5034 rrJr
1517 4964 1613 5028 [γιιιιιιὶ
1634 4983 1701 5020 κιτ·
