3600 5354
276 193 305 260 11
331 195 370 259 15
389 200 487 254 9-17
971 187 1028 267 78
1327 213 1374 259 nn
1396 210 1714 259 nnsnsscnronrnus

277 347 442 404 adnemarlis
458 353 541 417 pacto
558 349 701 418 transegit,
718 352 825 404 tantum
842 349 871 403 in
888 348 931 403 his
948 348 1138 417 interpositum
1155 352 1267 416 pactum
1285 347 1403 418 nocebit,
1422 347 1574 416 dequibus
1586 349 1715 404 intereos

277 440 369 492 actum
387 451 448 492 essa
464 436 604 506 probatur.
631 436 674 492 his
691 441 799 492 tantum
815 435 964 492 transactio
976 435 1064 505 obest,
1083 437 1209 504 quamuis
1221 438 1308 492 maior
1319 437 1397 492 annis
1408 437 1509 507 uiginti
1521 437 1646 506 quinque
1657 452 1715 492 eam

276 525 447 594 interposuit,
466 525 501 580 de
519 525 618 594 quibus
637 530 729 581 aetum
743 525 882 595 probatur.
909 541 974 580 nam
986 539 1027 595 ea,
1045 539 1161 594 qnorum
1179 525 1301 581 wdones
1320 529 1475 596 competere
1493 527 1519 581 ei
1536 531 1639 594 postea
1655 541 1715 581 con-

277 618 385 683 pertum
403 617 455 683 est,
472 613 595 683 iniquum
613 617 656 668 est
673 615 776 684 peremi
793 617 884 684 pacto.
910 614 940 669 id
958 614 993 669 de
1011 627 1067 682 quo
1084 614 1234 683 rogitatum
1252 629 1307 671 non
1326 615 1464 670 doceturl.
1733 629 1747 668 a

222 703 261 762 10
329 703 407 756 inum
424 701 493 758 libro
510 701 598 770 primo
616 716 816 771 responsorum.
844 703 886 758 De
904 718 934 758 re
951 699 1076 773 filiorum,
1095 717 1164 773 quos
1178 703 1206 758 in
1218 707 1355 772 potestate
1367 717 1422 760 non
1433 703 1537 774 babuit,
1558 696 1718 786 [Q
1734 713 1768 788 ss

276 791 473 860 transigentem
494 793 600 859 patrem
618 791 729 848 minime
747 793 787 846 eis
805 790 904 846 obesse
922 791 1020 860 placet.

222 881 257 938 11
330 880 407 933 Innsr
424 878 494 934 libro
511 883 610 948 quarto
627 879 663 934 ad
680 880 809 935 edictum.
838 881 906 934 Post
923 895 981 934 rem
998 879 1146 936 iudicatam
1165 880 1247 936 οιίιιιο
1265 881 1289 936 si
1306 880 1466 949 prouocatio
1484 894 1539 934 non
1559 873 1758 962 ΜΕ

278 971 321 1022 est
337 969 506 1036 interposita,
524 971 617 1021 tamen
635 967 658 1022 si
676 971 793 1038 negetur
809 967 959 1023 iudicatum
978 983 1040 1023 esse
1057 969 1102 1023 nel
1118 968 1238 1038 ignorari
1255 973 1348 1036 potest
1366 985 1401 1023 an
1417 968 1570 1024 iudicatum
1582 969 1635 1024 sit:
1654 969 1719 1038 quia

278 1055 368 1110 adhuc
384 1057 418 1116 lis
437 1055 551 1111 subesse
568 1057 663 1126 possit,
681 1057 831 1112 tmnsactio
846 1055 905 1111 fieri
922 1059 1022 1126 potest
1736 1064 1748 1104 ⁹

221 1147 259 1205 12
332 1143 445 1200 Cursus
462 1144 531 1200 libro
547 1146 629 1200 tertio
646 1144 824 1214 digestorum.
851 1144 912 1200 Non
930 1149 973 1199 est
984 1141 1113 1200 ferendus
1124 1143 1172 1212 qui
1184 1144 1348 1213 generaliter
1359 1145 1387 1200 in
1400 1144 1450 1214 his,
1468 1159 1540 1216 quae
1560 1139 1719 1228 [τῆξ-οἷο
1735 1147 1760 1203 li

277 1235 442 1288 memorante
460 1234 486 1288 ei
504 1234 598 1289 relicta
611 1238 683 1303 sunt,
700 1233 873 1302 transegerit,
892 1233 916 1287 si
927 1236 1026 1302 postea
1036 1237 1165 1288 causetur
1176 1232 1211 1287 de
1224 1247 1254 1287 eo
1267 1233 1325 1288 solo
1337 1252 1364 1288 se
1376 1233 1521 1303 cogitasse,
1541 1233 1617 1303 quod
1629 1234 1719 1303 prima

277 1325 355 1390 parte
372 1323 530 1378 testamenti
548 1337 582 1377 ao
599 1337 654 1377 non
667 1322 754 1377 etiam
771 1321 846 1391 qaod
863 1321 1013 1390 posterim
1031 1321 1153 1390 legatum
1171 1320 1216 1376 ait.
1250 1321 1274 1376 si
1292 1327 1385 1377 tamen
1402 1327 1501 1390 postea
1518 1321 1638 1378 cofficilli
1656 1337 1718 1391 pro·

277 1409 409 1480 feruntur,
427 1425 482 1465 non
500 1411 623 1480 improbe
640 1410 706 1465 mibi
724 1411 846 1465 diuturnas
863 1409 974 1465 uidetur
991 1409 1026 1464 dc
1044 1423 1077 1464 eo
1092 1409 1235 1464 dumtaxat
1252 1425 1282 1464 se
1301 1409 1447 1479 cogitasse,
1465 1411 1540 1479 quod
1556 1411 1666 1466 illarum
1678 1415 1718 1465 ta·

277 1483 410 1568 bolarum,
429 1513 498 1568 quas
516 1503 582 1554 tunc
600 1503 723 1567 nouerat,
742 1499 877 1566 scriptura
894 1498 1087 1554 contineretur.
1737 1509 1763 1548 ιι

221 1589 259 1648 13
330 1586 477 1643 mannos
494 1588 602 1643 Maean
618 1585 687 1642 libro
705 1586 793 1654 prime
811 1586 848 1642 ad
865 1587 954 1656 legem
972 1585 1150 1640 uicensimam
1166 1584 1367 1642 hereditatium.
1394 1586 1466 1642 Nulli
1478 1601 1539 1655 pro·
1573 1580 1719 1668 effi}
1736 1591 1774 1664 lis

277 1679 432 1730 curatemm
449 1676 580 1745 principis
597 1676 753 1744 inconsulto
770 1675 893 1744 principe
910 1674 1062 1744 transigere
1081 1674 1153 1728 licet.

221 1767 259 1824 14
330 1762 489 1820 Scsnuons
501 1764 569 1820 libro
578 1763 699 1819 secundo
708 1777 909 1832 responsorum.
929 1762 1122 1819 Οοοιιοιιοτοίο
1130 1762 1202 1816 inter
1209 1761 1360 1844 legitimum
1371 1763 1539 1831 etscriptnm
1560 1757 1719 1845 [τῆ-,ζῇ
1735 1767 1760 1821 Ρ

276 1849 404 1906 heredem
426 1855 489 1908 orta
511 1855 554 1907 est
577 1867 664 1922 eaque
685 1852 871 1907 transactione
893 1851 968 1906 laeta
992 1855 1067 1906 certa
1089 1851 1151 1919 lege
1171 1848 1251 1906 finita
1266 1855 1322 1906 est:
1345 1865 1447 1920 quaero
1465 1851 1617 1907 creditores
1636 1866 1717 1920 quern

276 1941 423 1996 conuenire
439 1941 576 2010 possunt?
602 1940 751 2010 respondit,
770 1941 794 1994 si
809 1940 882 1996 idem
894 1940 1044 1996 creditores
1062 1943 1162 2008 essent,
1181 1939 1229 2007 qni
1246 1939 1460 1995 transactionem
1472 1937 1612 2010 iecissent,
1633 1943 1664 1994 ol
1674 1941 1718 1995 ol-

276 2030 430 2082 aeruundum
447 2031 479 2083 ds
497 2048 556 2084 aare
574 2032 667 2093 alieno,
687 2029 756 2100 quod
773 2036 839 2084 later
857 2047 899 2082 eor
917 2034 1085 2082 conuenisset:
1103 2027 1128 2082 si
1146 2027 1191 2082 alii
1209 2027 1357 2083 creditores
1375 2033 1481 2096 efflent,
1499 2033 1614 2096 propter
1631 2029 1718 2084 incer·
1736 2039 1762 2080 to

276 2121 335 2170 tum
358 2117 541 2172 successionis
557 2131 607 2186 pro
624 2121 703 2186 parte
720 2115 894 2185 hereditatis,
918 2129 1000 2185 quam
1017 2120 1134 2185 uterque
1151 2115 1180 2170 in
1197 2117 1381 2172 transactione
1399 2117 1578 2186 expresserit,
1603 2115 1718 2172 utilibus

277 2205 420 2260 misellae
438 2205 641 2260 conueniendus
659 2209 711 2260 est.
767 2229 768 2232 ¹
1337 2221 1341 2232 ·

221 2296 259 2355 15
329 2293 449 2349 Faunus
465 2292 535 2348 libro
551 2295 639 2363 primo
657 2293 862 2348 sententiamm.
888 2294 974 2348 Paeto
991 2297 1127 2348 conuento
1140 2291 1287 2361 Aquiliana
1302 2293 1360 2362 qui·
1380 2289 1519 2376 [siffis
1529 2306 1551 2350 a.
1571 2305 1596 2350 Β.
1607 2307 1718 2376 llffilt
1736 2303 1760 2356 Ρ

277 2379 340 2436 dem
357 2381 497 2450 stipulatio
515 2381 602 2438 subici
621 2382 703 2438 solet:
722 2381 771 2437 sed
789 2382 939 2438 consultius
958 2386 1002 2436 est
1018 2382 1082 2436 hnic
1099 2381 1242 2450 poenalem
1260 2395 1370 2450 quoqne
1387 2381 1591 2450 stipulationem
1604 2381 1717 2438 subinn-

276 2484 349 2539 gere,
368 2471 434 2538 quia
450 2471 567 2525 rescisso
584 2468 655 2526 lorte
673 2475 755 2540 pacto
772 2485 862 2539 poena
879 2485 915 2525 ex
932 2471 1065 2539 stipulatu
1083 2471 1141 2540 peti
1157 2473 1258 2538 potest.
1736 2485 1762 2526 as

222 2565 259 2622 16
329 2557 588 2614 ffimoomnsns
605 2558 674 2614 libro
691 2559 779 2628 primo
792 2557 859 2612 iuris
871 2559 1059 2627 epitomarum.
1086 2559 1138 2624 Qui
1151 2556 1231 2613 iidem
1244 2558 1335 2614 licitae
1345 2557 1539 2614 transactionis
1559 2553 1718 2642 [sajo-W
1736 2569 1761 2623 Ρ

276 2647 361 2715 rupit,
379 2661 435 2702 non
453 2647 613 2716 exceptione
630 2651 739 2702 tantum
757 2646 986 2718 summonebitur,
1004 2647 1054 2702 sed
1072 2644 1105 2702 et'
1118 2661 1243 2717 poenam,
1261 2661 1353 2716 quam,
1372 2647 1397 2701 si
1414 2650 1509 2702 contra
1526 2647 1661 2717 placitum
1679 2637 1718 2704 ie]

277 2736 344 2792 oerit
361 2739 422 2790 rato
438 2740 567 2790 manente
584 2739 674 2804 pacto,
693 2734 835 2804 stipulanti
852 2740 927 2790 recte
944 2736 1115 2804 promiserat,
1132 2739 1273 2804 praestare
1291 2739 1414 2805 eogetrrr.

221 2829 259 2888 17
329 2823 510 2879 Peenameus
521 2821 590 2878 libro
603 2823 724 2902 secundo
736 2823 935 2892 quaestionum.
960 2823 1091 2879 Uendltor
1103 2822 1263 2878 hereditatis
1274 2808 1390 2892 emptori
1402 2823 1539 2880 mandatis
1559 2819 1719 2908 fles-fl'saffl
1736 2836 1771 2890 Ρ·

276 2911 429 2967 actionibus
451 2927 514 2968 oum
537 2910 661 2966 debitore
684 2911 861 2981 hereditario,
884 2912 931 2980 qui
948 2911 1093 2982 ignorabat
1110 2911 1251 2967 uenditum
1269 2926 1331 2986 esse
1349 2911 1542 2982 hereditatem,
1567 2902 1719 2984 banse‘ffit‘:
1737 2931 1763 2971 ao

276 3000 301 3054 si
323 3003 429 3069 emptor
451 2999 611 3056 hereditatis
633 2999 685 3056 boc
702 2998 825 3056 debiturn
844 2999 879 3055 ab
898 3015 931 3055 eo
949 3000 1060 3069 erigere
1077 2999 1158 3070 uelit,
1183 3001 1309 3069 exceptio
1325 3001 1458 3056 mansueti
1476 3002 1580 3070 negotii
1599 3002 1718 3059 debitori

155 3093 158 3098 '
276 3092 387 3158 propter
403 3089 586 3158 ignorantiam
604 3103 682 3143 suam
701 3089 933 3144 accommodanda
950 3093 1001 3143 est.
1027 3088 1100 3144 idem
1118 3089 1338 3157 respondendum
1356 3093 1400 3144 est
1418 3095 1446 3144 et
1463 3090 1492 3146 in
1510 3105 1552 3159 eo,
1572 3092 1620 3159 qui
1640 3090 1719 3148 fidei-

276 3177 448 3232 commissum
467 3177 572 3247 recepit
588 3175 776 3246 hereditatam,
795 3177 819 3232 si
837 3177 916 3233 berea
934 3191 996 3234 cum
1014 3178 1157 3248 ignorame
1175 3177 1298 3234 debitore
1315 3178 1458 3248 transegit.

275 3282 402 3352 FPWU)

278 3441 286 3474 ¹
306 3439 379 3494 Haec
396 3439 499 3494 wrbala
518 3441 768 3510 interpretationibus
789 3447 902 3512 antiquis
924 3443 989 3494 mole
1012 3448 1078 3495 later
1095 3441 1174 3495 uerba
1197 3449 1305 3512 receptis
1326 3449 1365 3498 sic
1387 3442 1448 3494 olim
1461 3443 1586 3514 suerum:
1609 3445 1719 3497 tantum

276 3509 305 3564 in
323 3508 365 3564 his
382 3509 530 3566 baumctlo
548 3508 641 3580 obest,
665 3511 790 3580 quamuis
814 3511 900 3566 mmor
922 3511 1020 3580 uiginti
1043 3511 1163 3580 quinque
1187 3512 1265 3566 annis
1288 3527 1348 3567 eam
1367 3511 1542 3581 interposuit,
1561 3511 1718 3582 dequibus

277 3586 368 3636 actum
387 3579 531 3651 probatur:
551 3597 613 3634 nam
632 3581 754 3650 iniquum
773 3587 816 3636 est
833 3582 937 3650 peremi
954 3587 1035 3652 pacto
1053 3582 1081 3636 id
1100 3582 1135 3636 de
1153 3597 1208 3652 quo
1227 3581 1375 3652 cogitatum
1394 3597 1450 3638 non
1468 3581 1591 3638 docetur.

277 3704 437 3759 MesetP·
490 3703 578 3758 tetsi
595 3707 693 3773 postea
704 3703 970 3774 compennmhabot
1022 3705 1182 3768 φωκιιθὲοτο
1205 3704 1300 3765 aerati
1322 3705 1409 3766 abdo
1434 3705 1560 3776 spartium
1582 3706 1640 3775 περὶ
1661 3706 1717 3760 udas

277 3775 371 3828 Latine
388 3776 467 3849 affert
484 3775 533 3828 RS
551 3775 661 3845 (slepi.)
717 3776 735 3830 5
758 3780 913 3844 possemne*
932 3777 969 3829 F’
1022 3777 1108 3863 χρεῶν
1135 3777 1183 3830 RS
1205 3777 1305 3847 (Gyr.):
1331 3777 1353 3828 el
1376 3775 1424 3829 οὲιι
1449 3777 1473 3830 οἰ
1492 3773 1565 3836 aiunl
1585 3778 1716 3830 basercrai

277 3845 398 3900 Sedet*
417 3847 454 3898 F’
517 3845 551 3899 10
574 3858 645 3914 quae
668 3845 764 3899 omF¹
827 3847 860 3900 ll
885 3851 968 3901 testa-
1023 3865 1086 3902 ecee
1096 3845 1144 3901 asic
1157 3847 1336 3918 desponsatae,
1346 3845 1449 3900 ἒτιοκτοι
1462 3847 1517 3900 τοῖο
1530 3848 1717 3909 cynomorion?-

277 3920 369 3970 mento
387 3915 422 3986 ei]
435 3943 461 3968 a·
476 3919 641 3970 testamento
653 3916 693 3969 P·
708 3917 712 3984 Ι
728 3918 966 3988 bansegeratffll
1022 3917 1361 3984 ascomannorum
1372 3923 1449 3971 etiam
1459 3917 1546 3988 Scapt
1583 3919 1619 3971 22
1632 3919 1717 3973 actio

276 3985 312 4041 de
330 3987 372 4055 eo]
392 3987 444 4042 deo
462 3987 508 4054 ΕΙ
528 3986 567 4054 se]
587 3985 679 4050 PVU,
697 3989 784 4041 oro-F
827 3989 861 4042 12
876 3993 968 4057 poste·
1021 3989 1103 4044 οἴοιτο
1115 4006 1163 4042 om.
1173 3989 1206 4042 F:
1220 3985 1332 4048 omeliae
1344 3985 1445 4051 drusio
1457 3987 1541 4058 ἒχογει
1556 3986 1717 4058 B(Anoa),

276 4057 340 4112 riori
357 4057 395 4110 Ρ
450 4057 483 4112 13
501 4056 676 4112 eodemmxat
693 4059 719 4110 F
729 4058 734 4124 Ι
749 4057 831 4127 quod]
851 4067 889 4113 eiu
907 4059 969 4114 Hac.
1022 4058 1143 4121 οῩτιΛίωο
1166 4058 1325 4123 ἐτιοτὸιιεκοε
1348 4059 1397 4112 BS
1425 4059 1535 4130 (Scapt.)
1594 4060 1631 4114 23
1654 4075 1717 4115 oon·

277 4147 333 4183 cum
356 4128 405 4182 BS
428 4127 558 4202 (sceptu
579 4127 643 4198 ὃιιερ
666 4127 697 4198 τῷ
723 4128 804 4198 τροφῇ
828 4129 967 4200 περιέχεται
1022 4135 1123 4186 demto
1146 4130 1184 4183 F³
1199 4131 1203 4198 Ι
1220 4129 1374 4198 *aquiliana
1392 4127 1427 4182 F*
1449 4129 1454 4195 Ι
1477 4127 1589 4198 quidem
1606 4149 1665 4184 ,oen
1678 4131 1718 4184 P·

276 4199 332 4252 τῶιι
345 4199 486 4260 bretesche,
506 4211 560 4267 quo
574 4199 634 4252 istra·
680 4197 713 4252 14
725 4199 879 4254 confinctur
890 4200 972 4255 PVU
1022 4202 1131 4255 stPauli
1139 4201 1206 4265 libri,
1217 4219 1323 4272 parmam
1334 4208 1459 4272 perpauci
1470 4207 1567 4254 lantum
1580 4202 1719 4272 doccapnt

278 4269 312 4324 15
337 4269 406 4323 dius
430 4269 579 4324 martianus
602 4269 639 4334 P,
666 4269 734 4324 elius
760 4270 914 4324 marcianus
936 4271 968 4336 V,
1021 4272 1113 4326 labent
1162 4272 1198 4324 24
1214 4270 1357 4341 poenalem
1376 4285 1485 4340 quoque
1503 4271 1718 4341 stipulationem]

277 4339 362 4394 nebus
385 4341 476 4404 lucioli
493 4339 589 4406 aelius)
613 4353 704 4394 macer
726 4339 761 4394 U:
785 4341 897 4394 Αἰμίλιοι
916 4343 967 4404 iil
1021 4355 1138 4411 poenam
1156 4355 1265 4410 quoque
1288 4343 1366 4396 Pauli
1383 4342 1444 4395 libre
1497 4343 1533 4396 25
1550 4339 1633 4412 sorte]
1652 4355 1718 4411 quo

277 4407 439 4465 hereditatio
461 4411 509 4475 P0,
536 4409 716 4464 hereditatum
741 4410 794 4465 VU
814 4412 818 4480 Ι
841 4425 969 4482 procura·
1022 4412 1160 4480 quomodo
1171 4413 1250 4466 Paula·
1267 4413 1328 4466 liora·
1342 4415 1347 4479 Ι
1362 4427 1452 4481 poena
1470 4431 1518 4466 om.
1527 4411 1568 4466 Ρ·
1583 4413 1588 4482 Ι
1604 4415 1718 4482 adpuls-

276 4487 363 4536 torem
387 4483 425 4534 F*
481 4481 514 4535 18
537 4481 729 4550 transactione]
754 4483 903 4536 transactio
928 4487 971 4537 est
1023 4483 1096 4537 tione
1105 4483 1183 4536 Pauli
1194 4484 1258 4537 liber
1268 4482 1357 4536 Aorsi.
1374 4485 1379 4550 l
1394 4482 1460 4552 peti]
1473 4482 1560 4570 repeti
1569 4483 1649 4538 Ponit
1661 4487 1717 4538 edd.

277 4553 316 4605 P‘·
337 4555 341 4619 Ι
361 4550 452 4606 iacta⁴
470 4553 508 4605 F’
563 4553 597 4606 19
620 4551 748 4621 respondi
772 4553 891 4608 F’PVU
909 4553 914 4622 Ι
933 4553 968 4606 ίο-
1022 4560 1111 4608 casura
1124 4553 1214 4624 librom
1226 4553 1314 4608 Aurei.
1357 4553 1392 4608 26
1404 4553 1494 4608 licitae
1511 4553 1530 4608 t'
1539 4553 1718 4610 mansneti*

277 4621 340 4677 dem
356 4623 400 4691 Ρ1
416 4622 444 4676 id
462 4621 520 4678 obs.
593 4623 628 4676 20
641 4623 815 4678 conuenisset
833 4643 881 4677 om.
893 4625 927 4678 F:
947 4623 970 4677 εἰ
1022 4623 1058 4678 30
1076 4622 1217 4678 debitore
1234 4623 1273 4677 Fi
1288 4625 1292 4692 l
1308 4623 1453 4694 ignorauat
1471 4625 1498 4677 F
1670 4639 1673 4646 ¹

278 4693 325 4748 uis
337 4693 360 4747 oi
374 4693 553 4756 οιολγοὰοεοοι
567 4692 639 4756 sirei
653 4693 698 4750 sicr
712 4694 848 4760 Δοκειοτιὶ,
861 4693 893 4748 ri
905 4712 968 4758 cra·

864 4909 1129 4920 ———-
