3652 5362
910 163 998 248 806
1332 189 1378 238 un
1401 185 1707 240 mommsen-mua

460 533 498 611 ι
537 505 601 608 ιι
629 391 1013 608 unarsralurbbla'
1043 527 1389 606 ιοιιιιιιιιιι
1428 529 1468 608 ι
1718 539 1764 594 ss

202 697 218 754 1
292 692 443 748 Unrmrrus
460 688 530 745 libro
547 687 689 758 trigesimo
708 691 787 742 sexto
806 686 841 742 ad
859 687 989 742 edictum.
1019 687 1051 742 In
1064 685 1187 742 ordinem
1203 685 1366 742 subsidiaria
1380 687 1453 743 actio
1466 702 1526 742 non
1545 679 1696 769 [Q
1715 687 1735 742 S

239 781 357 848 dabitur,
376 780 426 835 sed
444 781 472 834 in
490 779 676 848 magistratus,
695 791 747 832 nec
764 777 792 832 in
810 773 986 832 fideiussores
1004 791 1114 830 eorum:
1132 775 1160 831 lui
1178 775 1251 830 enirn
1269 790 1326 830 rem
1345 775 1482 846 publicam
1498 777 1613 832 saluam
1635 775 1696 832 iore

238 871 409 941 promittunt,
428 884 482 924 non
500 867 604 937 pupilli.
634 866 750 938 proinde
768 881 819 921 nec
837 865 1022 921 nominatores
1040 864 1250 934 magistratuum
1274 880 1309 922 ex
1331 865 1383 920 hac
1401 881 1487 922 causa
1505 865 1694 934 tenebuntur,
1712 871 1726 913 Ι

239 959 289 1016 sed
312 959 363 1014 soli
381 958 569 1027 magistratus.
597 955 646 1011 sed
670 955 694 1010 si
718 955 785 1011 ordo
804 955 940 1024 receperit
955 954 985 1010 in
1008 969 1038 1008 se
1061 954 1225 1023 periculum,
1250 954 1304 1010 dici
1327 953 1411 1010 debet
1433 955 1524 1010 teneri
1549 969 1619 1023 ecs,
1645 953 1693 1023 qni

238 1053 398 1118 praesentas
417 1045 540 1102 luerunt:
559 1045 638 1115 parui
656 1045 729 1100 enim
747 1041 838 1114 relert,
858 1043 1061 1098 nominauerint
1078 1043 1122 1098 uel
1140 1041 1324 1099 ddeiusserint
1339 1060 1375 1098 an
1387 1045 1415 1098 in
1431 1059 1461 1099 ιο
1473 1044 1635 1114 periculum
1649 1058 1692 1098 re·

239 1137 374 1206 ceperint:
398 1136 473 1190 utilis
497 1149 564 1203 ergo
587 1134 615 1190 in
639 1149 687 1189 eos
711 1133 783 1188 actio
806 1133 946 1202 competit.
979 1131 1076 1186 sedai
1100 1147 1118 1186 a
1139 1132 1347 1200 magistratibus
1370 1131 1586 1203 municipalibus
1612 1137 1692 1187 tutor

205 1237 218 1284 1
239 1225 321 1280 datus
340 1225 388 1294 sit,
412 1239 468 1279 non
485 1223 596 1278 uidetur
612 1237 662 1292 per
685 1221 808 1278 ordinem
832 1222 945 1276 electus.
982 1219 1077 1290 Neque
1095 1225 1206 1290 praetor
1223 1235 1314 1290 neque
1331 1221 1392 1291 quis
1410 1222 1494 1291 alius,
1519 1222 1566 1276 cni
1585 1223 1689 1278 tutoris

205 1326 220 1372 a
240 1312 322 1368 dandi
341 1313 384 1368 ius
402 1315 453 1381 est,
472 1311 524 1366 hac
542 1311 651 1366 actione
669 1309 815 1366 tenebitur.
846 1309 876 1364 Si
894 1325 1006 1379 praeses
1024 1309 1182 1379 prouinciae
1200 1309 1362 1365 denuntiare
1374 1311 1556 1380 magistratus
1576 1315 1688 1366 tanturn
1708 1317 1735 1358 ιο

239 1402 274 1458 de
293 1399 470 1456 facultatibus
487 1405 608 1456 tutorum
626 1399 724 1466 uoluit,
742 1403 774 1454 ut
790 1399 851 1469 lpse
869 1398 955 1468 daret,
975 1398 1127 1466 uideamus,
1145 1413 1181 1452 an
1193 1403 1222 1454 et
1233 1403 1369 1467 quatenus
1380 1403 1535 1454 teneantur.
1565 1405 1597 1454 et
1608 1405 1689 1454 extat

239 1490 297 1546 diui
314 1490 399 1546 llarci
417 1490 594 1559 rescriptum,
617 1503 672 1557 quo
690 1487 778 1543 noluit
795 1502 858 1557 eos,
882 1488 928 1558 qui
951 1486 1071 1557 praesidi
1088 1487 1258 1556 renuntiant,
1282 1503 1337 1544 non
1355 1487 1468 1558 perinde
1486 1489 1576 1544 teneri
1601 1493 1689 1557 atque

240 1579 263 1634 si
281 1579 333 1648 ipsi
352 1578 506 1648 dedissent,
531 1577 581 1634 sed
599 1577 623 1632 ai
640 1576 822 1647 deceperunt,
846 1576 936 1645 μιιίι
953 1574 1024 1631 sorte
1042 1581 1091 1631 aut
1108 1577 1226 1646 pecunia
1244 1574 1314 1632 ialsa
1331 1577 1530 1633 renuntiantes.
1559 1579 1643 1648 plane
1663 1578 1687 1632 si

239 1681 352 1738 praeses
370 1667 527 1738 prouinciae
545 1666 614 1722 satis
632 1679 680 1722 eos
701 1666 812 1736 exigere
836 1665 930 1734 iussit,
953 1679 1008 1720 non
1030 1664 1217 1721 dubitabimus
1239 1665 1326 1720 teneri
1349 1681 1411 1735 eos,
1436 1666 1544 1721 etiamsi
1569 1682 1688 1737 praeses

206 1769 220 1814 a
240 1756 355 1814 dederit.
391 1755 421 1812 Si
439 1771 551 1827 praeses
569 1755 727 1826 prouinciae
745 1753 901 1810 nominibus
925 1752 961 1808 ab
979 1754 1033 1810 alio
1051 1755 1172 1824 acceptia
1191 1755 1227 1810 ad
1245 1755 1423 1824 magistratus
1441 1755 1624 1826 municipales
1644 1771 1687 1810 re·
1706 1761 1730 1803 ¹⁵

240 1846 358 1915 miserit,
382 1851 413 1902 ut
431 1861 462 1900 se
479 1845 515 1902 do
533 1843 689 1900 nominibus
707 1845 858 1912 instruant,
881 1847 910 1896 et
927 1841 1042 1913 perinde
1064 1843 1214 1900 instructus
1232 1843 1339 1900 dederit
1356 1849 1476 1900 tutores:
1500 1860 1535 1900 an
1555 1845 1687 1915 exemplo

240 1949 333 1992 eorum
352 1935 400 2004 qui
417 1939 572 2004 praetorem
591 1934 729 1989 instruunt
747 1931 868 1988 debeant
885 1932 1064 2001 magistratus
1079 1933 1174 2002 teneri,
1193 1934 1346 2002 quaeritur:
1365 1934 1459 2004 ntique
1471 1933 1544 1988 enim
1558 1933 1686 2003 interest,

239 2029 330 2080 utrum
348 2024 401 2094 ipsi
420 2024 598 2092 magistratus
616 2022 727 2078 nomina
745 2022 833 2077 electa
851 2021 977 2076 dederint
994 2021 1115 2092 praesidi
1133 2037 1168 2076 an
1186 2035 1234 2092 ea,
1257 2036 1328 2091 quae
1347 2022 1382 2077 ab
1401 2023 1454 2077 alic
1471 2037 1587 2093 praeses
1606 2037 1686 2078 acce·

239 2113 292 2183 pit,
317 2113 495 2182 inquisierint
524 2115 553 2166 et
570 2116 637 2181 puto
655 2117 773 2182 utroque
791 2126 857 2166 casu
876 2111 916 2166 sic
933 2110 1035 2180 tened,
1060 2109 1138 2179 quasi
1162 2108 1225 2164 dolo
1248 2111 1294 2165 uel
1311 2111 1368 2166 lata
1385 2111 1467 2182 culpa
1484 2113 1591 2168 uersati
1610 2118 1686 2168 sunt

175 2212 221 2260 st
239 2201 300 2258 Non
319 2207 425 2256 tantum
444 2201 554 2272 pupilli,
573 2201 622 2256 sed
641 2201 723 2256 etiarn
743 2215 916 2256 successores
934 2215 1029 2255 eorum
1047 2197 1212 2254 subsidiaria
1230 2214 1313 2268 agere
1330 2206 1455 2270 possunt
1492 2199 1522 2256 Si
1540 2206 1687 2257 curatores
1705 2209 1731 2250 tt

239 2289 351 2346 luerunt
368 2291 458 2346 minus
477 2290 569 2347 idonei
587 2289 654 2360 dati,
672 2288 819 2345 dicendum
837 2294 880 2344 est
898 2289 985 2344 teneri
1003 2289 1181 2358 magistratus
1200 2293 1335 2358 oportere,
1353 2289 1378 2344 si
1392 2305 1427 2344 ex
1439 2295 1577 2360 suggestu
1589 2306 1687 2346 eornm

239 2380 284 2436 uel
302 2379 457 2436 nominibus
475 2379 511 2436 ab
529 2379 570 2436 eia
588 2379 709 2450 acceptis
727 2393 841 2448 praeses
858 2378 973 2434 dederit.
1002 2378 1051 2432 sed
1070 2382 1099 2432 et
1116 2377 1140 2432 si
1158 2377 1194 2432 ad
1212 2391 1260 2432 eos
1278 2379 1420 2448 remiserit,
1439 2385 1471 2433 ut
1488 2379 1542 2449 ipsi
1559 2379 1631 2435 dent
1642 2381 1688 2436 nel

207 2481 221 2528 o
239 2472 304 2540 post
321 2469 460 2524 dationem
479 2475 510 2525 ut
528 2469 670 2538 exigerent
687 2467 903 2536 satisdationem,
924 2467 1076 2537 periculum
1095 2465 1131 2521 ad
1149 2481 1197 2522 cos
1215 2466 1371 2537 pertinebit.
1407 2467 1618 2538 Magistratibus
1637 2469 1688 2524 irn-

241 2563 354 2629 putatur
371 2559 468 2627 etiarn,
493 2559 517 2613 si
541 2558 652 2614 omnino
675 2561 750 2612 tutor
773 2557 818 2611 uel
842 2555 965 2623 culfratcr
986 2555 1068 2610 datus
1092 2555 1214 2610 nonsit:
1239 2555 1289 2610 sed
1306 2556 1347 2612 ita
1364 2555 1473 2612 demum
1492 2562 1641 2628 tenentur,
1664 2560 1689 2614 si
1705 2555 1768 2609 saal

242 2648 337 2704 moniti
355 2662 410 2703 non
428 2647 562 2704 dederint.
590 2647 651 2702 ideo
671 2646 810 2716 damnum,
828 2644 901 2715 quod
920 2643 1076 2714 impuberes
1095 2644 1139 2699 uel
1157 2644 1348 2701 adulescentes
1362 2645 1452 2702 medio
1464 2649 1593 2718 tempora
1611 2649 1689 2718 passi
1706 2656 1731 2696 ιι

242 2741 320 2806 sunt,
343 2736 380 2792 ad
398 2751 446 2792 eos
464 2737 642 2806 magistratus
661 2735 797 2806 pertinere
821 2749 875 2790 non
900 2733 1060 2803 ambigitur,
1084 2734 1131 2804 qni
1151 2737 1279 2790 munere¹
1299 2735 1428 2790 mandato
1450 2751 1506 2791 non
1523 2743 1688 2805 paruerunt

210 2833 224 2880 'l
243 2824 388 2882 Sciendum
408 2831 499 2881 autern
518 2829 575 2896 est,
600 2826 624 2880 si
642 2825 822 2894 magistratus
840 2823 1020 2892 municipales
1038 2821 1104 2878 data
1121 2837 1206 2892 opera
1223 2823 1337 2879 tutelam
1356 2824 1511 2880 distulerint
1528 2825 1558 2880 in
1577 2841 1689 2882 succes·

243 2931 319 2970 sores
338 2930 403 2970 suos
422 2916 466 2970 uel
484 2915 508 2970 si
525 2914 732 2970 satisdationem
751 2912 818 2968 data
835 2927 920 2982 opera
938 2912 1073 2968 traxerint
1090 2912 1181 2982 quoad
1199 2927 1373 2968 successores
1391 2913 1540 2983 accipiant,
1560 2915 1629 2970 nibil
1648 2916 1689 2970 eis

210 3013 225 3059 e
242 3004 383 3075 prodesse.
420 3004 508 3059 Diuus
526 3003 682 3060 Hadrianus
700 3002 842 3072 rescripsit
860 3003 942 3057 etiam
960 3002 989 3056 in
1006 3017 1083 3070 eum,
1102 3001 1150 3070 qui
1168 3002 1272 3057 electus
1290 3007 1334 3057 est
1352 3001 1387 3057 ad
1406 3003 1596 3058 aestimandas
1614 3009 1689 3060 tuto

210 3101 303 3148 orum
327 3092 534 3162 satisdationes,
560 3093 695 3148 actionem
720 3091 849 3146 dandam.
890 3089 920 3146 Si
943 3090 1015 3146 inter
1037 3089 1215 3159 magistratus
1239 3089 1290 3146 hoc
1314 3091 1486 3162 conuenerit,
1512 3097 1546 3146 ut
1574 3094 1689 3150 alterius
1707 3102 1731 3143 ιι

243 3186 350 3238 tantum
368 3183 489 3252 periculo
512 3187 618 3238 tutores
641 3181 785 3250 darentur,
810 3180 1008 3236 contentiones
1026 3179 1128 3250 pupillo
1147 3195 1201 3234 ncn
1219 3179 1408 3249 praeiudicare
1426 3179 1508 3236 dinus
1527 3182 1689 3238 Hadrianus

243 3272 396 3341 rescripsit:
419 3273 601 3327 conuentione
624 3271 697 3326 enim
720 3270 926 3325 duumuirorum
951 3269 994 3324 ins
1018 3267 1156 3338 publicum
1178 3268 1277 3322 mutari
1298 3283 1352 3324 non
1369 3272 1470 3339 potest.
1496 3271 1575 3340 prius
1593 3275 1690 3330 umen

244 3360 361 3416 arbitror
378 3361 595 3416 conueniendum
615 3375 692 3429 eum,
716 3359 763 3428 qui
781 3357 834 3414 hoc
851 3358 980 3428 suscepit,
999 3356 1099 3412 deinde
1117 3357 1241 3412 excussis
1264 3355 1441 3414 facultatibus
1459 3359 1536 3414 οἰιιΙ
1554 3364 1624 3416 tunc
1643 3377 1690 3417 ιο

244 3449 374 3506 alendum
392 3449 428 3506 ad
446 3450 588 3519 collegam,
607 3446 846 3518 quemadmodum,
866 3447 889 3502 si
908 3447 983 3502 solus
1001 3445 1131 3515 dedisset,
1151 3445 1304 3502 dicaremus
1322 3447 1399 3517 prins
1417 3463 1494 3516 eum,
1512 3447 1616 3506 deinde
1635 3452 1691 3506 col·

196 3547 226 3593 ιο
244 3541 334 3609 legam
353 3539 578 3608 adgrediendum.
610 3536 639 3592 si
657 3536 767 3606 quando
786 3536 877 3592 desint
894 3537 922 3591 in
940 3535 1062 3604 ciuitate,
1081 3549 1115 3590 οι
1134 3551 1189 3604 qua
1206 3537 1301 3606 pupilli
1319 3537 1427 3592 oriundi
1442 3541 1514 3608 suant,
1534 3539 1732 3608 quittancias

244 3629 399 3696 uideantur,
418 3626 537 3684 cilicium
550 3631 594 3682 cst
606 3627 815 3696 magistratuum
829 3626 972 3694 exquirere
983 3640 1018 3679 ex
1030 3624 1128 3680 uicinis
1141 3625 1299 3682 ciuitatibus
1313 3625 1536 3682 honestissimum
1549 3643 1692 3700 quemque

197 3725 225 3770 11
245 3723 274 3774 et
296 3717 407 3772 nomina
430 3715 602 3786 praesidibus
624 3715 781 3785 prouinciae
805 3714 928 3784 mittere,
951 3729 1006 3769 non
1028 3714 1103 3784 ipsos
1128 3713 1269 3770 arbitrium
1294 3715 1378 3771 dandi
1401 3715 1454 3771 sibi
1470 3715 1623 3772 uindicare.
1662 3717 1692 3774 Si

245 3807 423 3874 magistratus
442 3804 477 3860 ab
496 3805 573 3860 initio
590 3808 710 3860 tutorem
729 3803 857 3859 idoneum
876 3803 953 3857 dedit
971 3807 1000 3858 et
1017 3803 1084 3857 satis
1103 3818 1157 3858 non
1173 3804 1274 3873 exegit,
1293 3819 1349 3859 non
1361 3802 1476 3860 sufficit:
1495 3805 1571 3874 quod
1585 3807 1609 3862 si
1622 3807 1692 3863 satis

246 3895 339 3964 exegit
356 3897 386 3950 et
402 3894 531 3949 idoneum
549 3893 643 3963 exegit
649 3893 668 3962 ¹,
692 3893 818 3962 quamuis
835 3895 935 3962 postea
952 3890 1129 3947 facultatibus
1152 3892 1221 3962 lapsi
1244 3893 1299 3947 rint
1315 3897 1421 3949 tutores
1439 3893 1484 3948 uel
1501 3891 1692 3966 fideiussores,

245 3983 312 4038 nibil
330 3989 381 4052 est,
399 3983 473 4054 quod
492 3983 518 4037 ei
535 3983 583 4052 qui
601 3981 677 4037 dedit
694 3983 857 4052 imputetur:
882 3997 937 4036 non
955 3981 1028 4036 enim
1047 3979 1149 4036 debent
1166 3981 1344 4050 magistratus
1362 3981 1468 4038 tuturos
1486 3999 1571 4039 casus
1590 3989 1621 4040 et
1639 3984 1691 4041 ior·
1709 3995 1733 4035 ιι

198 4081 228 4126 ra
246 4077 341 4128 tunam
359 4073 462 4143 pupillo
479 4077 629 4142 praestare.
666 4070 721 4128 Sed
740 4075 768 4126 et
786 4071 809 4126 si
828 4069 896 4126 satis
913 4084 969 4126 non
987 4069 1088 4140 exegit,
1106 4069 1221 4125 idoneus
1239 4073 1333 4126 tamen
1350 4075 1426 4128 tutor
1437 4087 1471 4128 eo
1483 4076 1613 4144 tempore
1631 4073 1692 4146 init,

245 4177 464 4248 rrwnano)

247 4323 257 4358 ¹
275 4321 397 4376 iniuncto
415 4330 463 4376 ιι.
534 4320 546 4354 ¹
564 4317 664 4374 deinde
682 4318 806 4374 excussis
822 4317 1000 4376 facultatibus
1018 4320 1078 4376 eius
1097 4321 1145 4376 del.
1217 4321 1229 4356 ⁸
1247 4321 1331 4392 elegit
1348 4323 1418 4388 (dett.
1430 4322 1571 4394 qnidam?

246 4465 264 4518 2
287 4469 316 4517 et
332 4461 479 4516 heredibus
497 4476 590 4516 eorum
615 4461 719 4526 (eorum
738 4458 884 4516 heredibus
902 4461 939 4526 Ε)
998 4461 1061 4516 Wli
1077 4461 1131 4528 (abi
1148 4463 1236 4516 deletis
1251 4464 1337 4517 uerbis
1354 4461 1488 4518 traxerint
1505 4479 1591 4533 quarn
1612 4469 1694 4523 adae·

245 4541 304 4606 pert
313 4532 507 4588 conueniendis
517 4534 577 4586 adel.
587 4533 639 4585 ind
650 4531 676 4584 F
685 4531 809 4598 WDQE,
821 4552 869 4586 orn.
881 4532 943 4587 ΠΟ
994 4541 1064 4589 tatur
1076 4542 1103 4587 ιι
1115 4542 1231 4605 maryres
1244 4534 1332 4604 pi[sis]
1346 4549 1400 4590 non
1413 4537 1465 4601 est)
1480 4535 1502 4599 i,
1521 4537 1592 4593 data
1610 4555 1696 4610 opera

247 4625 302 4659 cum
321 4606 348 4659 Β
398 4605 493 4674 ticoli]
511 4603 641 4669 DQEIO,
660 4603 715 4657 deli
733 4603 797 4656 FW
842 4605 874 4659 11
894 4619 940 4658 cx·
995 4605 1173 4660 detraxerunt
1190 4606 1263 4674 qnod
1281 4607 1395 4662 tutelam
1410 4606 1447 4670 D,
1464 4610 1603 4666 traxerint
1620 4611 1696 4680 qued

246 4679 323 4730 *stat
339 4677 374 4728 Ρ
421 4677 455 4730 14
473 4675 660 4732 dubitauimus
678 4674 714 4727 F
760 4675 794 4730 25
812 4673 941 4730 moniti‘o'
995 4676 1060 4732 data
1072 4691 1156 4746 opera
1167 4677 1322 4732 tutelamO
1356 4679 1390 4732 31
1410 4677 1510 4733 dinus
1523 4681 1562 4732 F*
1599 4685 1637 4738 35
1650 4683 1695 4738 de

247 4762 303 4801 non
322 4747 357 4799 Ft
405 4749 439 4801 27
459 4747 525 4801 data
543 4761 627 4816 opera
643 4745 767 4814 tutelam]
789 4743 858 4812 QE‘,
876 4747 942 4800 data
996 4745 1077 4802 sin'i't
1094 4748 1131 4802 Γ*
1185 4749 1220 4802 38
1244 4747 1318 4818 quod
1341 4749 1365 4803 si
1383 4749 1450 4804 satis
1469 4751 1567 4821 exegit
1590 4760 1621 4809 et
1639 4755 1696 4812 ido

248 4832 333 4887 opera
351 4816 492 4872 'traxerint
514 4817 588 4888 quod
612 4817 648 4872 ad
672 4831 845 4873 successores
869 4817 941 4874 suos'
995 4835 1077 4874 neum
1095 4819 1197 4889 exegit]
1216 4819 1239 4874 ei
1257 4819 1288 4874 sl
1305 4819 1398 4875 ἒιιιιι
1416 4819 1550 4892 ιῩιόριγι
1570 4823 1698 4890 'arnaria

248 4889 363 4942 tutelam
382 4888 427 4952 Ρ,
450 4889 516 4944 data
537 4904 621 4957 opera
638 4889 771 4942 traxerint
789 4893 941 4950 (contraxe-
997 4893 1076 4944 altero
1095 4899 1218 4946 commate
1237 4899 1330 4946 omisso
1348 4891 1375 4946 B
1393 4893 1504 4960 (Anca.)

248 4958 303 5018 rint
320 4959 342 5026 J,
361 4960 407 5014 sed
424 4973 475 5016 oon
490 4961 550 5028 del.)
569 4959 643 5031 quod
661 4963 754 5030 (quam
772 4959 809 5029 Ε)
827 4962 941 5016 tutelam
