3684 5356
194 227 358 278 rnsrrnne
866 202 950 286 651
1400 209 1490 277 XXII
1509 211 1530 278 d
1548 214 1629 274 3-4

196 368 291 424 'ueluti
308 369 482 426 consentiens
500 366 575 438 inme
592 365 734 424 confirmat
750 367 790 424 rei
808 367 843 424 de
861 383 917 438 qna
933 368 1072 438 quaeritur
1089 365 1180 424 tidem.
1207 367 1260 424 boc
1277 383 1343 439 ergo
1362 369 1448 424 solum
1466 366 1517 424 tibi
1534 368 1629 424 rescri-

197 457 269 514 bere
291 472 404 528 possum
423 458 579 514 summatim
597 472 652 514 non
670 457 765 527 ntique
783 457 819 513 ad
837 473 920 514 unam
937 457 1105 528 probationis
1123 457 1241 528 speciem
1260 459 1443 528 cognitionem
1460 457 1553 513 statim
1572 457 1629 512 clli-

198 546 264 616 'gari
283 547 391 616 debere,
411 547 460 602 sed
478 563 513 602 ex
531 547 668 603 sententia
686 547 769 602 animi
786 547 827 602 tui
844 550 873 602 te
891 547 1036 602 aestimare
1054 551 1187 617 oportere,
1206 547 1272 617 qnid
1290 552 1338 603 ant
1355 547 1451 603 eredas
1469 552 1518 603 aut
1532 561 1629 617 parum

163 647 179 692 o
198 634 350 706 'probatum
367 635 419 692 tibi
436 635 573 707 opineris'.
600 636 677 692 Idem
695 636 776 692 diuus
794 636 949 692 Hadrianus
968 635 1044 692 Iunio
1059 634 1158 692 Rufino
1176 637 1331 706 proconsuli
1347 635 1473 692 Macedo·
1491 631 1629 720 Q

197 725 259 780 niae
282 725 422 795 rescripsit
442 723 560 779 testibus
584 739 628 794 se,
652 739 708 780 non
730 723 894 780 testimoniis
917 725 1091 781 crediturum.
1124 725 1210 782 uerba
1231 726 1364 796 epistulae
1382 725 1418 782 ad
1436 725 1506 780 hanc
1523 729 1661 796 partemi

196 814 362 884 pertinentia
384 813 452 868 haec
464 817 541 869 snut:
562 813 649 879 ‘Quod
667 814 780 870 erimina
797 813 928 870 obiecerit
945 813 1019 885 apud
1037 830 1081 869 me
1093 813 1249 870 Alexander
1260 814 1336 884 Apro
1355 817 1399 870 et¹
1414 815 1479 884 qnia
1495 828 1550 869 non
1567 829 1629 884 pro·

197 901 289 962 ‘babet
311 918 362 958 uec
384 907 470 958 testes
488 901 672 974 producebat,
696 903 745 958 sed
763 903 926 958 testimoniis
944 904 985 958 uti
1003 903 1126 973 uolebat,
1149 901 1248 973 quibus
1266 903 1339 973 apud
1358 919 1402 958 me
1419 903 1496 958 locus
1514 917 1569 958 non
1587 907 1631 957 est

196 991 277 1060 lnam
297 991 372 1062 ipsos
390 993 557 1060 interrogare
575 991 670 1062 soleo),
689 992 788 1062 quem²
805 992 911 1048 remissi
930 992 965 1047 ad
977 993 1133 1063 prouinciae
1145 991 1307 1062 praesidem,
1326 993 1393 1047 ntis
1405 991 1440 1048 de
1452 991 1506 1047 fide
1517 991 1628 1047 testium

162 1093 178 1141 4
197 1080 348 1151 'quaereret
365 1086 394 1136 et
410 1081 463 1136 nisi
481 1081 622 1151 implesset
639 1081 713 1150 qnod
724 1081 899 1150 intenderat,
918 1079 1101 1152 relegaretur.
1139 1080 1274 1138 Gabinio⁸
1292 1095 1400 1151 quoqne
1418 1081 1474 1136 lla·
1505 1075 1629 1153 W

196 1171 270 1226 ximo
287 1170 360 1225 idem
378 1171 504 1241 princeps
522 1171 550 1226 in
567 1169 636 1226 haee
653 1169 739 1224 uerba
756 1170 908 1240 rescripsit:
923 1169 998 1225 ‘Alia
1012 1174 1055 1226 est
1067 1171 1214 1226 auctoritas
1232 1171 1416 1240 praesentium
1433 1169 1555 1240 testium,
1577 1157 1631 1224 alis
1650 1179 1676 1218 ¹0

196 1257 421 1314 'testimoniorum
440 1275 510 1329 quae
528 1260 636 1314 recitari
655 1259 756 1314 solent:
774 1263 865 1316 tecum
884 1273 950 1329 ergo
968 1258 1098 1329 delibera,
1117 1263 1155 1328 nt,
1174 1259 1198 1314 sl
1217 1258 1228 1330 ΙΙ
1243 1260 1359 1316 retinere
1372 1273 1420 1314 cos
1431 1259 1509 1328 uelis,
1528 1258 1577 1314 des
1590 1259 1630 1313 eis
1646 1264 1663 1312 t.
1674 1259 1729 1312 319⁴

162 1357 177 1404 e
197 1346 358 1418 impendia.
385 1349 461 1416 Lege
479 1348 548 1403 Iulia
566 1347 600 1403 de
618 1348 647 1403 ni
664 1352 786 1417 cauetur,
804 1363 838 1402 ne
856 1347 909 1402 hac
925 1349 987 1417 lege
1002 1348 1030 1402 in
1042 1363 1118 1403 reum
1129 1348 1205 1402 testi·
1240 1360 1268 1406 cf.
1280 1359 1486 1420 tripudiatur.
1501 1359 1629 1420 lepram

196 1437 317 1492 monium
336 1436 426 1492 dicere
443 1437 545 1506 liceret,
563 1438 611 1507 qui
628 1452 659 1493 se
677 1436 712 1492 ab
731 1451 764 1492 eo
782 1441 932 1506 parentene
951 1438 1010 1492 eins
1021 1435 1185 1506 liberauerit,
1203 1425 1286 1506 unffi
1298 1437 1453 1508 impuberes
1465 1425 1553 1508 erunt,
1571 1437 1629 1506 qui·

196 1523 268 1595 que‘
291 1525 391 1581 iudicio
414 1525 523 1595 publico
546 1525 691 1580 damnatus
714 1526 767 1582 erit
790 1527 837 1595 qui
861 1541 954 1582 eorum
979 1527 1007 1581 in
1025 1526 1161 1594 integrum
1179 1526 1322 1581 restitutus
1340 1541 1395 1581 non
1413 1527 1479 1596 erit,
1502 1527 1584 1596 quiue
1601 1526 1630 1582 in

195 1615 313 1670 uinculis
331 1613 492 1670 custodiaue
509 1613 620 1685 publiea
637 1615 696 1685 erit,
715 1615 798 1686 qniue
816 1615 852 1670 ad
868 1615 973 1671 bestias
990 1619 1021 1670 ut
1038 1613 1210 1686 depugnaret
1221 1630 1251 1670 se
1262 1615 1402 1685 monuerit,
1421 1629 1527 1685 quaene
1538 1615 1628 1686 palam
1649 1625 1677 1668 rs

196 1709 340 1773 quaestum
359 1703 443 1758 faciet
459 1702 597 1774 leceritue,
616 1703 699 1773 quine
717 1703 753 1758 ob
771 1704 955 1758 testimonium
974 1703 1119 1758 dicendum
1137 1705 1183 1760 nel
1199 1718 1255 1760 non
1272 1703 1417 1760 dicendum
1429 1704 1573 1774 pecuniam
1586 1717 1630 1758 ae·

196 1792 302 1862 cepisse
321 1791 458 1848 indicatus
475 1793 521 1847 uel
541 1793 684 1848 conuictus
702 1792 779 1847 srit‘.
806 1808 870 1847 nam
889 1791 1000 1862 qnidam
1018 1797 1129 1863 propter
1146 1793 1327 1848 reuerentiam
1346 1808 1474 1864 persona·
1492 1788 1630 1878 ffffpffi

195 1896 264 1950 rum,
283 1880 394 1950 quidam
411 1885 523 1952 propter
541 1881 674 1937 lubricum
693 1881 797 1936 consilii
815 1881 866 1950 sni,
885 1882 931 1936 alii
948 1895 1015 1937 nero
1033 1886 1145 1952 propter
1162 1885 1256 1937 nomm
1273 1885 1303 1936 et
1319 1881 1457 1938 infamiam
1476 1869 1630 1938 ciffi

163 1968 358 2029 conmittendi
380 1985 435 2026 non
459 1975 524 2026 sunt
546 1969 582 2026 ad
602 1971 752 2026 testimonii
774 1968 866 2026 fidem.
898 1971 997 2025 Testes
1020 1985 1075 2026 non
1098 1975 1200 2026 temere
1219 1971 1352 2027 euocamli
1371 1975 1435 2026 sunt
1451 1987 1501 2042 per
1517 1972 1629 2042 longum

195 2059 247 2114 iter
269 2064 298 2114 et
319 2060 405 2115 multo
428 2059 518 2115 minus
541 2059 641 2115 milites
663 2059 799 2116 enecandi
823 2063 887 2114 snut
910 2075 928 2113 a
949 2059 1035 2129 signis
1059 2061 1103 2115 nel
1128 2059 1286 2116 muneribus
1303 2059 1464 2131 perhibendi
1481 2059 1631 2116 testimonii
1649 2075 1677 2116 ao

196 2162 289 2217 eausa,
307 2148 389 2218 idque
407 2148 488 2203 dinus
506 2148 662 2204 Hadrianus
680 2149 828 2218 rescripsit.
859 2147 909 2203 sed
927 2151 956 2202 et
971 2149 1030 2204 'diui
1047 2147 1145 2206 iratres
1162 2150 1373 2222 rescripserunt:
1392 2148 1477 2216 ‘Quod
1496 2149 1630 2204 adiectas

196 2235 360 2292 'enecandos
377 2237 509 2307 pertinet,
531 2237 690 2307 diligentiae
708 2237 854 2292 indicentis
873 2241 916 2292 est
933 2239 1087 2308 explorare,
1105 2253 1177 2308 quae
1195 2237 1365 2294 consuetudo
1383 2239 1411 2294 in
1429 2253 1463 2294 eu
1480 2238 1629 2309 prouincia,

196 2323 232 2380 'in
250 2341 332 2395 quam
350 2325 461 2396 iudicat,
480 2323 579 2381 inerit'.
607 2341 670 2380 nam
689 2327 713 2381 si
731 2325 892 2396 probabitur
910 2328 1039 2397 scopein
1057 2328 1139 2382 aliam
1157 2327 1296 2384 ciuitatem
1313 2328 1462 2384 testimonii
1474 2327 1563 2396 gratia
1574 2328 1631 2398 ple·

195 2429 295 2484 rosque
314 2421 453 2484 euocatos,
472 2430 527 2470 non
546 2429 607 2470 esse
625 2414 815 2486 dubitandum,
835 2415 901 2486 quin
919 2415 1052 2472 enecandi
1069 2417 1132 2488 sint,
1150 2432 1219 2488 quos
1238 2417 1407 2474 necessarios
1425 2417 1453 2472 in
1466 2417 1528 2488 ipsa
1539 2416 1631 2486 cogni·

195 2503 270 2558 tione
287 2502 497 2573 deprehenderit
513 2504 560 2573 qui
577 2503 688 2559 iudicat
1650 2522 1679 2564 ss

157 2599 178 2658 4
249 2592 368 2648 Psunue
389 2591 458 2648 libro
482 2593 604 2648 secundo
628 2593 664 2648 ad
686 2593 776 2663 legem
800 2593 897 2648 Iuliam
920 2598 949 2649 et
971 2594 1093 2665 Papiam.
1129 2596 1205 2665 Lege
1225 2595 1295 2650 Iulia
1312 2593 1473 2650 iudiciorum
1491 2589 1631 2678 Q
1648 2605 1676 2660 Ε

194 2679 365 2752 publicorum
384 2687 506 2752 canetur,
524 2697 559 2737 ne
577 2683 663 2738 inuito
681 2683 865 2754 denuntietur,
882 2687 914 2738 nt
930 2683 1116 2739 testimoninm
1134 2685 1190 2740 litis
1207 2683 1282 2740 dicat
1299 2683 1432 2739 aduersus
1447 2699 1571 2739 socerum
1583 2699 1630 2753 ge·

195 2785 303 2840 nerum,
327 2771 454 2826 uitricum
471 2771 642 2842 priuignum,
666 2772 806 2828 sobrinum
824 2772 975 2842 sobrinam,
999 2772 1109 2828 sobrino
1126 2774 1232 2829 sobnam
1249 2776 1357 2843 natum,
1376 2788 1459 2828 eosue
1476 2773 1524 2842 qul
1541 2773 1631 2843 priore

195 2859 283 2929 gradu
301 2861 369 2930 sint,
393 2861 459 2915 item
477 2876 511 2915 ne
529 2860 627 2916 liberto
646 2862 745 2932 ipsius,
769 2861 915 2917 liberorum
933 2863 1006 2932 eins,
1028 2862 1195 2932 parentium,
1214 2863 1266 2916 uiri
1283 2861 1390 2931 uxoris,
1408 2862 1473 2916 item
1494 2857 1630 2945 [W

195 2949 303 3019 patroni
326 2953 472 3018 patronae:
496 2955 525 3004 et
548 2953 580 3006 ut
601 2966 637 3006 ne
659 2951 768 3020 petroni
789 2958 921 3022 patronae
939 2951 1072 3007 aduersus
1090 2949 1201 3006 libertos
1219 2965 1308 3022 neque
1326 2949 1415 3006 liberti
1433 2937 1630 3022 muniamur*-
1649 2967 1678 3010 eo

195 3039 322 3093 mosum⁸
340 3043 474 3108 cogantur
490 3039 677 3094 testimoninm
695 3039 795 3096 dicere.

195 3135 385 3208 smmum]

199 3289 206 3322 ¹
226 3287 263 3356 ot]
283 3287 334 3342 eu?
387 3289 399 3323 ¹
417 3287 508 3358 quem]
526 3303 588 3342 eum
601 3289 731 3354 (similiter
742 3289 830 3355 adep?
883 3287 894 3323 ³
913 3285 1001 3343 Gauio
1014 3289 1074 3354 (ceu
1086 3288 1117 3344 ds
1135 3286 1240 3342 Water:
1258 3285 1382 3360 cs.0rsll.
1396 3296 1472 3342 inser.
1483 3287 1554 3342 3422
1565 3287 1643 3355 aldi*

196 3357 309 3428 ‘quiue
322 3361 365 3432 (cs.
378 3379 402 3412 n.
414 3359 462 3427 5)?
522 3362 534 3396 ⁶
554 3360 633 3430 Lepis
645 3359 727 3414 Iulius
740 3359 811 3442 ἅμα·
827 3359 930 3430 publicu
943 3367 1082 3431 elpriuata
1100 3359 1169 3412 cte
1187 3357 1265 3413 unda
1283 3361 1361 3434 affert
1376 3357 1500 3429 Ulpianus
1517 3361 1533 3412 l.
1546 3378 1566 3412 c.
1578 3367 1631 3413 eie:

196 3429 246 3485 His
265 3429 366 3500 [uerbis
386 3439 431 3484 ins.
446 3431 519 3499 Coit]
537 3429 693 3485 hominibus
712 3429 765 3485 hec
781 3431 843 3500 lege
861 3430 889 3484 in
907 3445 983 3485 reum
1002 3430 1188 3485 testimoninm
1206 3429 1297 3484 dicere
1315 3444 1350 3484 ne
1367 3430 1463 3498 liceto,
1481 3429 1528 3499 qui
1546 3443 1576 3484 se
1595 3427 1630 3484 ab

197 3515 230 3556 eo
238 3508 390 3572 parenteue
403 3501 464 3557 eius
475 3502 608 3558 llbertcue
621 3503 699 3557 cuius
711 3517 804 3556 eorum
817 3501 980 3572 liberauerit,
999 3502 1081 3571 quiue
1093 3501 1219 3572 impubes
1231 3502 1290 3570 erit,
1309 3501 1392 3570 quiue
1404 3501 1504 3556 indicio
1521 3499 1631 3570 publico

197 3573 344 3629 damnatus
362 3574 414 3628 erit
431 3574 478 3643 qni
497 3575 523 3643 [i.
536 3591 563 3644 p.
578 3574 605 3628 d.
619 3588 642 3628 e.
656 3574 703 3642 qui
722 3593 769 3627 om.
785 3573 857 3641 Gelil
877 3587 970 3628 eornm
989 3574 1018 3628 in
1035 3573 1171 3642 integrum
1190 3573 1333 3627 restitutus
1352 3578 1479 3643 nonest,
1502 3573 1585 3642 quine
1603 3573 1631 3630 in

196 3646 313 3701 uinculis
332 3645 491 3700 custodiens
507 3645 695 3715 {custodiaque
709 3645 782 3714 Uolt]
800 3643 911 3714 publica
928 3646 987 3714 erit,
1006 3645 1088 3714 quiue
1106 3644 1283 3714 depugnandi
1299 3659 1384 3699 cansa
1395 3647 1552 3700 auctoratus
1570 3644 1630 3713 erit,

197 3718 280 3786 quine
298 3717 334 3772 ad
352 3716 456 3772 bestias
473 3717 632 3786 depugnare
650 3732 681 3771 se
698 3717 800 3771 locauit
816 3717 957 3784 locauerit,
975 3722 1166 3786 praeterquam
1184 3716 1231 3785 qni
1242 3715 1380 3772 iaculandi
1391 3731 1476 3772 causa
1487 3715 1523 3770 ad
1534 3715 1631 3770 urbem

197 3789 298 3844 missus
316 3793 367 3856 est,
385 3803 492 3857 quaene
510 3789 600 3858 pelam
614 3789 758 3857 [palamne
772 3807 820 3841 om.
833 3803 913 3856 quae,
927 3788 1001 3856 Cot]
1014 3801 1127 3858 corpore
1139 3793 1283 3856 quaestum
1296 3786 1380 3843 saciet
1391 3786 1529 3856 feceritue,
1548 3787 1631 3856 quiue

197 3858 233 3916 ob
251 3860 437 3915 testimonium
456 3858 601 3914 dicendum
618 3859 762 3928 pecuniam
782 3859 922 3928 accepisse
940 3859 1077 3914 iudicatus
1095 3859 1158 3927 erit,
1182 3875 1217 3914 ne
1241 3860 1303 3929 quis
1325 3875 1419 3916 eorum
1442 3858 1494 3914 hae
1515 3859 1577 3929 lege
1601 3859 1631 3915 in

196 3945 272 3985 reum
291 3931 478 3986 testimoninm
496 3930 578 3986 dicat.
649 3931 768 3999 ⁶neque
785 3929 875 3985 liberti
894 3929 1027 3986 aduersus
1043 3935 1187 4001 patronum
1206 3933 1253 3985 det

197 4068 291 4126 linmi
301 4071 340 4124 P·
375 4071 512 4140 inpetere
523 4071 569 4136 P·,
582 4086 693 4142 operm.
702 4071 738 4126 L·
774 4071 885 4142 dquodl
938 4079 1043 4145 precer
1055 4073 1198 4127 F’iabazt
1213 4079 1289 4127 etlam
1302 4073 1328 4127 Β
1344 4074 1348 4142 Ι
1363 4072 1525 4129 indiciorum
1542 4070 1630 4142 publi·

196 4157 250 4213 que
268 4141 337 4206 PL‘,
355 4157 426 4211 qnae
446 4143 514 4207 V‘U,
533 4147 587 4212 quo
600 4145 643 4208 11⁶,
663 4151 710 4197 inc.
724 4144 759 4195 γ’
804 4145 888 4199 'lnce
941 4143 1352 4214 corum]F¹PVLU,publ.ind.
1366 4145 1400 4196 F’
1443 4144 1629 4213 ilgeneriP·

196 4233 245 4270 om.
261 4214 299 4267 P·
342 4213 413 4268 ede
426 4233 473 4267 om.
488 4215 526 4268 1³⁰
570 4215 616 4268 on
635 4215 790 4270 chassiuos
803 4215 886 4268 utiu-
940 4217 976 4270 28
994 4214 1112 4284 sobrina]
1133 4215 1265 4270 adunes.
1278 4235 1334 4270 cum
1349 4216 1470 4271 Graecis:
1488 4213 1520 4277 oi
1533 4233 1629 4286 uepre-

196 4304 246 4340 uos
265 4285 314 4339 Be
332 4284 398 4356 (ull.)
453 4287 485 4340 ll
504 4235 632 4356 retinereff
650 4285 798 4350 FlPVLU,
819 4286 887 4341 deti·
942 4287 981 4376 ξεῖ
998 4287 1070 4340 damu
1094 4286 1216 4355 coepisse
1239 4286 1301 4340 sard
1326 4287 1449 4372 caspinos
1473 4285 1630 4356 occepisse

196 4371 260 4411 nere
278 4357 328 4410 F’:
346 4355 443 4418 sireis
461 4357 595 4428 uurscxeis
614 4358 663 4411 BS
677 4355 755 4428 (ut),
775 4356 886 4428 ὲπιοχεῖκ
942 4377 956 4411 s
976 4359 1039 4413 sard
1057 4357 1104 4420 τοῨ
1122 4357 1262 4427 τεχθὲκτοε
1284 4357 1313 4412 ἐκ
1337 4377 1385 4420 τογ
1407 4358 1529 4429 ecepimus
1548 4357 1562 4410 ᾗ
1581 4356 1630 4412 ricc

195 4427 259 4489 rote
277 4426 408 4498 udprppac
427 4428 573 4495 B(Anon.)
620 4429 654 4484 15
672 4429 708 4482 ad
726 4429 829 4483 uesties
842 4429 886 4495 F1,
941 4431 1063 4500 coepisse
1075 4429 1124 4483 BS
1135 4429 1208 4499 (nt),
1230 4429 1243 4482 i
1262 4427 1370 4493 ᾸκεψιοῨ
1390 4430 1404 4482 r's
1422 4428 1629 4492 inconscissus

196 4499 329 4554 adestias
341 4499 373 4564 L,
389 4514 451 4553 oum
464 4499 560 4554 bestiis
573 4499 637 4554 wll
680 4501 712 4554 li
726 4501 887 4556 conuinotus
940 4500 967 4557 ὲΞ
987 4500 1075 4563 ΔῨτῶκ
1090 4501 1239 4570 repeteres
1255 4501 1406 4571 eliseos),
1420 4520 1468 4554 om.
1478 4501 1539 4555 libri
1550 4499 1628 4570 boni!

195 4569 275 4625 P=u⁰
319 4571 353 4624 18
364 4575 495 4640 *propter
507 4571 543 4623 F‘
587 4573 622 4626 20
640 4588 657 4626 a
674 4571 760 4640 signis
773 4573 817 4627 uel
830 4589 887 4626 mu·
939 4574 1029 4644 priore
1047 4571 1143 4642 gradu]
1163 4574 1255 4626 Fcum
1275 4573 1396 4628 Graecis:
1415 4572 1478 4626 sari
1495 4590 1568 4626 risos
1586 4569 1630 4624 ὲκ-

195 4639 315 4710 neribus]
334 4646 486 4715 conficerent
497 4643 546 4697 Rs
558 4641 638 4714 (nl.)r
657 4641 709 4696 ine
722 4645 778 4697 rdrs
792 4644 886 4709 cissos
941 4645 1052 4714 tmripm
1071 4643 1150 4697 dsroc
1168 4643 1216 4706 τοΫ
1234 4644 1252 4696 z'
1270 4644 1370 4706 tutuo?
1388 4644 1437 4698 BS
1452 4642 1525 4713 (nt),
1546 4642 1629 4698 lerdis

197 4711 258 4766 scr
277 4713 376 4784 ὲτέρωκ
396 4715 576 4784 λειτογρμῶκε
594 4715 715 4769 numeris
731 4734 780 4786 pro
795 4731 889 4771 mune·
942 4715 1085 4786 datoripos
1109 4715 1159 4778 (el.
1178 4712 1331 4784 ὲΠγτὲρογ)
1360 4715 1460 4776 tutuo?
1487 4715 1575 4769 turns
1603 4715 1630 4768 B

196 4783 272 4839 ribus
296 4786 398 4838 uidetur
418 4788 510 4856 lepisse
535 4785 687 4857 Anonymna
712 4793 812 4841 uatem
834 4797 889 4842 tic:
942 4787 1064 4855 (Arum),
1081 4786 1186 4856 priores
1204 4787 1291 4856 gradu
1310 4787 1356 4852 P·‚
1380 4787 1483 4857 priores
1502 4789 1553 4853 (sel
1568 4801 1629 4858 pro·

195 4853 247 4910 inb
264 4856 320 4908 τῶκ
340 4855 413 4908 inlus
432 4856 533 4912 riscus
552 4856 567 4909 lc
585 4855 703 4928 speses
748 4858 783 4912 23
795 4858 887 4928 qnam]
941 4859 1042 4930 plores)
1054 4857 1156 4928 grados
1170 4856 1253 4921 Μ’,
1272 4859 1412 4928 propriore
1424 4857 1511 4928 gradu
1524 4857 1632 4913 PlV‘U

196 4927 292 4990 ΡΜ,
311 4925 473 4996 qnaP‘LU
516 4929 552 4984 24
567 4929 698 4983 suntPV
742 4929 888 4999 26paulns
941 4929 1054 4985 29item
1064 4928 1180 4999 patroni]
1189 4929 1256 4984 item
1266 4930 1321 4995 VL,
1332 4931 1436 5005 dsflP‘t
1448 4929 1512 4984 item
1522 4931 1632 4998 pauent

195 5017 245 5054 um.
257 4999 309 5055 1⁴⁸¹:
327 5005 432 5054 minine
449 5003 674 5056 inrecomultorum
691 5001 888 5072 terrenitatibus
941 5005 1110 5072 etpatronae
1120 5001 1362 5058 succensentem
1369 5001 1451 5054 cradi
1469 4997 1656 5050 ‘semustam
