3674 5362
227 213 315 282 XIIII
335 215 356 280 4
377 221 411 276 12
431 250 464 260 -
483 214 541 280 54
897 205 986 288 430
1401 225 1495 284 ouon
1519 182 1592 274 eurr
1614 223 1660 272 no

228 387 338 427 sernum
356 387 374 426 a
391 387 421 427 se
438 369 568 428 liberasse
586 385 627 441 eo,
646 367 720 439 quod
737 369 856 439 quinque
875 367 965 422 adbuc
982 366 1092 423 nomine
1110 367 1170 421 eius
1186 365 1331 421 tributoria
1349 364 1456 420 actione
1472 368 1661 435 praestaturus

228 459 278 515 sit:
301 474 385 530 qnare
409 460 433 515 si
455 461 501 530 agi
523 459 557 515 de
579 459 685 530 peculio
708 458 843 528 coeperit,
866 473 929 512 cum
952 455 1024 512 forte
1041 459 1120 512 extra
1137 469 1255 511 mercem
1273 453 1410 532 peculium
1428 458 1517 525 esset,
1541 453 1661 524 quinque

227 553 368 620 tamquam
386 547 477 605 adbuc
494 547 612 604 creditor
629 547 702 603 serui
719 547 856 602 deducere
874 544 994 602 debebit

1680 762 1696 802 ⁴

227 883 266 964 R
305 882 433 976 QUOD
463 881 560 960 CUM
586 881 660 976 EO,
694 881 773 974 QUI
799 880 847 957 IN
873 743 1050 957 &ENA
1075 875 1358 955 POTESTATE
1384 875 1486 970 EST,
1514 873 1662 952 NEGO-
1681 897 1730 952 er

553 1005 669 1084 TIUM
701 1003 892 1084 GESTUM
917 1002 1033 1090 ESSE
1059 1001 1269 1096 DIGETUR
1307 1003 1345 1082 ut

193 1175 210 1234 1
282 1172 375 1230 (irrue
391 1169 461 1227 libro
479 1186 551 1228 nono
569 1171 605 1226 ad
622 1171 742 1227 edictum
759 1171 934 1241 prouinciale.
966 1169 1063 1226 Omnia
1079 1169 1224 1239 proconsul
1243 1167 1308 1238 agit,
1327 1171 1360 1223 ut
1377 1167 1423 1237 qni
1442 1181 1505 1222 con·
1524 1159 1663 1250 Q
1681 1175 1702 1230 s

228 1263 313 1318 traxit
329 1277 391 1317 oum
409 1275 451 1330 eo,
469 1261 516 1331 qui
534 1261 562 1315 in
580 1261 669 1315 aliena
685 1263 822 1330 potestate
841 1261 884 1331 sit,
903 1259 1011 1315 etiamsi
1028 1256 1157 1313 deficient
1174 1257 1328 1328 superiores
1341 1257 1471 1327 actiones,
1489 1255 1518 1310 id
1531 1260 1575 1310 est
1586 1269 1662 1310 exer·

229 1351 325 1406 citoria
341 1349 477 1405 institoria
493 1348 681 1418 tributoriaue,
700 1348 783 1406 nihilo
800 1349 890 1404 mtuus
908 1353 1001 1404 tarum
1018 1348 1046 1403 in
1064 1351 1197 1418 quantum
1215 1361 1250 1402 er
1267 1345 1340 1401 bono
1359 1349 1387 1400 et
1405 1359 1493 1416 aequo
1505 1359 1549 1400 res
1561 1345 1664 1415 patitur

229 1455 308 1497 sunm
327 1443 517 1508 consequatur.
545 1437 603 1494 siue
622 1438 694 1493 enim
712 1438 789 1493 iussu
807 1439 876 1508 eius,
894 1439 972 1494 cuius
990 1438 1019 1492 in
1036 1439 1174 1506 potestate
1186 1436 1230 1507 sit,
1252 1435 1394 1504 negotium
1405 1441 1515 1505 gestum
1526 1433 1616 1504 inerit,
1635 1434 1663 1488 in
1682 1443 1711 1483 ro

229 1528 346 1585 solidum
368 1543 401 1583 eo
424 1528 532 1583 nomine
554 1525 685 1583 iudicium
708 1526 865 1598 pollicetur:
888 1527 948 1583 siue
970 1540 1026 1582 non
1047 1527 1137 1595 iussu,
1163 1523 1212 1580 sed
1234 1529 1327 1579 tamen
1349 1523 1378 1578 iu
1398 1537 1456 1578 rem
1474 1523 1534 1578 eius
1552 1535 1663 1594 uersum

229 1616 324 1687 fuerit,
343 1622 456 1672 eatenus
474 1615 622 1672 introducit
640 1615 783 1685 actionem,
802 1621 937 1685 quatenus
955 1615 984 1672 in
1001 1630 1059 1672 rem
1077 1615 1137 1670 eius
1153 1628 1264 1669 uersum
1282 1611 1376 1670 inerit:
1396 1613 1455 1668 siue
1473 1615 1599 1668 neutrum
1618 1627 1663 1668 eo·

228 1723 290 1763 rum
307 1707 351 1776 sit,
370 1705 405 1760 de
422 1705 529 1775 peculio
547 1705 683 1760 actionem
701 1705 850 1760 coustituit.

193 1797 212 1856 2
282 1781 433 1851 Unumrrus
449 1793 519 1850 libro
539 1794 687 1850 uicensimo
705 1809 777 1851 nono
796 1795 831 1849 ad
849 1791 978 1849 edictum.
1005 1791 1054 1848 Ait
1071 1796 1193 1862 praetor:
1212 1789 1251 1846 ‘In
1265 1805 1337 1862 eum,
1355 1790 1402 1860 qui
1415 1805 1507 1846 eman·
1525 1783 1665 1874 Q
1683 1795 1704 1850 S

229 1881 344 1956 'cipatus
361 1887 410 1939 aut
428 1883 609 1939 exheredatus
626 1883 678 1938 erit
695 1884 777 1954 quiue
795 1883 928 1938 abstinuit
945 1897 976 1938 se
993 1881 1146 1937 hereditate
1165 1881 1224 1936 eius
1242 1881 1321 1936 cuius
1338 1879 1366 1934 in
1382 1883 1520 1950 potestate
1532 1893 1595 1935 cum
1607 1895 1664 1936 nro
1685 1890 1713 1931 rr
1763 1871 1766 1876 ’

229 1973 306 2029 'ritur
322 1971 417 2042 merit,
437 1973 495 2028 eius
513 1973 553 2027 rei
571 1973 692 2042 nomine,
712 1986 783 2042 quae
801 1989 863 2028 curn
883 1987 916 2028 eo
934 1975 1075 2026 contracta
1092 1971 1157 2040 erit,
1176 1985 1238 2024 cum
1256 1969 1281 2024 is
1299 1969 1327 2024 iu
1344 1973 1482 2039 potestate
1500 1973 1587 2039 esset,
1606 1970 1665 2026 siue

230 2062 289 2118 'ena
310 2063 452 2118 uoluntate
475 2061 535 2116 siue
557 2061 634 2116 iussu
652 2061 711 2116 eius
729 2062 757 2117 in
776 2062 853 2116 cuius
870 2064 1008 2132 potestate
1027 2060 1079 2115 erit
1097 2059 1276 2128 contraxerit,
1301 2058 1360 2112 siue
1378 2059 1406 2112 in
1424 2059 1561 2129 peculium
1579 2058 1665 2128 ipatus

230 2151 297 2208 ‘cine
319 2151 348 2206 in
370 2151 561 2221 patrImonium
585 2150 644 2206 eius
668 2151 746 2206 cuius
764 2151 792 2206 in
810 2154 948 2221 potestate
966 2148 1049 2204 inerit
1065 2161 1099 2204 ea
1117 2163 1161 2203 res
1178 2148 1291 2204 redacta
1307 2145 1402 2217 iuuerit,
1427 2146 1563 2202 actionem
1581 2161 1666 2202 causa

197 2253 211 2301 1
231 2240 349 2310 'cognita
371 2239 443 2294 dabo
466 2239 495 2293 in
517 2237 591 2308 quod
613 2235 703 2294 iacere
726 2237 835 2310 potest:
865 2237 920 2294 Sed
938 2243 967 2294 et
985 2239 1008 2293 si
1027 2237 1095 2292 citra
1113 2237 1358 2307 emancipationem
1376 2235 1419 2290 sui
1435 2237 1502 2291 iuris
1520 2233 1611 2291 factus
1629 2237 1667 2291 sit

229 2331 275 2386 uei
292 2331 320 2385 in
339 2327 513 2399 adoptionem
532 2327 627 2397 datus,
652 2327 751 2384 deinde
768 2333 848 2398 pater
865 2327 996 2382 naturalis
1015 2326 1177 2397 decesserit,
1200 2327 1265 2380 item
1284 2326 1308 2379 si
1326 2325 1387 2394 quis
1405 2339 1440 2380 ex
1458 2325 1570 2380 minIma
1587 2327 1666 2396 parte
1685 2336 1713 2376 ru

230 2419 267 2475 sit
287 2419 442 2487 institutus,
465 2417 659 2486 aequissimum
683 2421 727 2472 est
743 2431 828 2472 causa
845 2415 956 2486 cognita
973 2415 1055 2471 etiam
1074 2415 1103 2470 in
1120 2414 1193 2470 bunc
1211 2413 1271 2469 dari
1288 2415 1423 2470 actionem
1440 2415 1470 2469 in
1487 2413 1516 2468 id
1534 2413 1609 2484 quod
1626 2413 1666 2470 ia

193 2601 212 2662 3
231 2511 446 2652 οθτῗυρέἓῖᾗω
464 2593 545 2649 tertio
563 2593 786 2663 disputationum.
814 2592 869 2649 Sed
887 2609 923 2649 an
940 2592 985 2648 hic
1002 2591 1109 2648 detrahi
1127 2591 1227 2648 debeat
1239 2591 1313 2662 quod
1331 2585 1665 2678 Q
1686 2595 1720 2651 S*

231 2686 291 2742 aliis
308 2684 432 2754 debetur,
450 2682 562 2737 tractari
580 2686 680 2754 potest
708 2688 736 2737 et
753 2683 777 2738 si
793 2681 903 2752 quidem
916 2683 971 2738 sint
982 2682 1139 2752 creditores,
1158 2682 1214 2752 qui,
1233 2695 1295 2736 cum
1308 2686 1383 2736 esset
1395 2681 1499 2736 alienae
1512 2681 1665 2752 potestatis,

231 2789 293 2830 cum
317 2788 351 2829 eo
374 2775 587 2842 contexerunt,
606 2779 680 2827 recte
703 2771 809 2826 dicetur
831 2772 991 2842 occupantis
1012 2769 1153 2826 meliorem
1177 2785 1239 2825 esse
1261 2770 1462 2840 condicionem,
1486 2771 1539 2825 nisi
1563 2771 1587 2826 si
1605 2769 1665 2840 quis
1685 2779 1714 2823 re

230 2863 430 2935 priuilegiariua
447 2861 555 2916 ueniat:
573 2859 654 2916 butue
672 2859 745 2915 enim
763 2875 818 2916 uon
836 2863 894 2916 aine
912 2861 1018 2916 ratione
1035 2861 1132 2930 prioris
1150 2857 1220 2914 ratio
1239 2857 1392 2914 habebitur.
1420 2859 1494 2929 quod
1508 2859 1532 2914 si
1544 2859 1590 2930 qui
1602 2859 1665 2931 sint,

231 2953 286 3024 qui,
304 2957 484 3023 posteaquem
501 2950 544 3005 sui
562 2951 628 3005 iuris
645 2947 735 3004 iactus
752 2955 803 3020 est,
822 2963 884 3004 cum
902 2963 936 3005 eo
948 2953 1149 3020 contraxerunt,
1168 2953 1236 3020 puto
1248 2948 1344 3004 horum
1356 2947 1489 3003 rationem
1502 2947 1665 3003 habendam.

193 3048 213 3116 4
283 3041 361 3098 Innsr
379 3039 447 3095 libro
466 3039 615 3094 uicensimo
633 3053 705 3094 nono
724 3037 760 3093 ad
778 3037 906 3093 edictum.
935 3036 991 3094 Sed
1009 3039 1032 3094 si
1050 3043 1181 3108 exparte
1194 3054 1249 3093 non
1261 3037 1370 3093 modica
1381 3037 1418 3092 sit
1429 3035 1509 3092 beree
1527 3033 1666 3121 [W
1685 3041 1707 3098 s

230 3131 349 3200 scriptus
362 3126 446 3199 filius,
465 3128 493 3183 In
511 3127 623 3184 arbitrio
641 3133 685 3183 eat
701 3127 851 3198 creditoris,
870 3133 961 3182 utrum
978 3142 1029 3198 pro
1046 3128 1172 3198 portione
1189 3126 1354 3182 hereditaria
1371 3141 1407 3182 au
1425 3125 1453 3181 in
1471 3113 1666 3182 soliuuh'iu'rfi

231 3218 386 3275 conueniat.
419 3217 469 3272 sed
492 3222 521 3272 et
542 3217 586 3272 bic
608 3217 692 3272 iudex
710 3218 855 3272 aestimare
874 3215 986 3288 debeat,
1010 3231 1045 3272 ne
1067 3215 1138 3272 forto
1160 3217 1190 3272 in
1209 3215 1238 3271 id
1255 3216 1331 3286 quod
1348 3213 1439 3270 iacere
1457 3220 1550 3286 potest
1567 3215 1668 3271 debeat
1686 3226 1714 3268 cc

198 3323 212 3370 1
231 3307 395 3364 conueniri¹.
431 3305 571 3361 Interdum
590 3313 681 3362 autem
699 3312 728 3361 et
745 3305 769 3360 si
786 3303 968 3361 exheredatus
986 3305 1058 3361 iilius
1076 3307 1121 3362 uel
1138 3305 1330 3376 emancipatua
1345 3305 1393 3376 sit,
1411 3305 1440 3360 in
1458 3303 1575 3361 solidum
1594 3305 1667 3362 actio

231 3397 364 3453 aduersus
382 3411 445 3451 eum
464 3394 581 3467 dabitur,
599 3399 631 3450 ut
647 3399 716 3465 puta
733 3394 757 3450 si
773 3399 879 3465 patrem
898 3394 1015 3451 familias
1033 3410 1063 3451 se
1081 3397 1212 3451 mentitus
1231 3399 1281 3466 est,
1300 3410 1362 3450 cum
1381 3393 1587 3450 contraheretur
1603 3409 1666 3450 curn

217 3501 277 3557 so:
296 3501 359 3540 nam
377 3483 446 3540 libro
464 3485 585 3540 secundo
604 3483 773 3554 digestomm
785 3483 929 3540 Marcellus
947 3485 1064 3556 scripsit,
1083 3485 1191 3540 etiamsi
1208 3483 1299 3540 iacere
1316 3499 1371 3540 non
1388 3483 1484 3554 possit,
1503 3483 1666 3540 conuenien-

198 3591 213 3638 a
231 3575 296 3631 dum
319 3577 430 3646 propter
451 3571 633 3629 mendacium.
670 3573 840 3642 Quamquam
863 3579 956 3629 autem
979 3589 1014 3630 ex
1033 3579 1175 3630 contractu
1192 3565 1267 3628 inid
1285 3571 1358 3644 quod
1375 3570 1467 3628 facere
1484 3577 1577 3643 potest
1594 3573 1666 3628 actio

198 3664 340 3726 rincum
359 3663 447 3733 datur,
466 3667 559 3718 tamen
577 3677 613 3718 ex
631 3661 737 3719 debetis
754 3664 783 3718 in
801 3663 918 3720 solidum
936 3663 1123 3719 conueniatur.
1160 3661 1217 3718 Soli
1234 3666 1326 3718 autem
1344 3659 1400 3718 filio
1418 3663 1592 3733 succurritur,
1611 3677 1668 3718 non
1685 3673 1714 3714 ce

231 3754 315 3809 etiam
338 3751 433 3808 heredi
456 3753 529 3808 eiua:
553 3767 617 3807 nam
639 3757 668 3808 et
684 3753 851 3823 Papinianus
874 3751 943 3809 libro
966 3767 1039 3809 nono
1060 3751 1250 3824 quaesti0num
1269 3749 1364 3808 scribit
1380 3751 1409 3806 in
1427 3751 1554 3808 heredem
1573 3747 1620 3807 filii
1638 3751 1667 3807 in

197 3841 348 3907 aeolidum
367 3840 486 3896 dandam
504 3841 649 3897 actionem.
686 3841 741 3898 Sed
759 3857 795 3897 an
813 3843 895 3898 etiam
912 3843 1044 3912 temporis
1062 3841 1157 3898 baberi
1174 3839 1275 3897 debeat
1292 3841 1375 3912 ratio,
1398 3845 1441 3912 ut,
1460 3840 1484 3896 si
1502 3839 1612 3910 quidem
1631 3855 1667 3896 ex

231 3927 385 3988 continenti
398 3945 461 3986 curn
478 3928 534 3985 filio
553 3937 658 4002 agatm,
677 3931 758 3988 detur
775 3932 847 3987 actio
865 3931 941 3986 inid
958 3931 1033 4000 quod
1049 3930 1140 3988 iacere
1157 3935 1256 4002 potest,
1275 3929 1318 3986 sin
1336 3944 1401 3985 uero
1418 3932 1483 4000 post
1499 3929 1601 3986 multos
1619 3946 1666 3986 an-

230 4037 289 4094 nos,
308 4035 363 4076 non
380 4019 481 4076 debeat
498 4020 653 4091 indulgeri?
682 4019 795 4076 etmihi
812 4019 921 4076 uidetur
937 4021 1071 4076 rationem
1089 4019 1243 4076 habendam
1261 4034 1336 4075 caue:
1359 4019 1389 4074 in
1405 4019 1459 4078 boc
1475 4017 1548 4075 enim
1566 4033 1667 4075 musae

198 4127 213 4175 s
231 4111 351 4181 cognitio
369 4109 493 4166 uertitur.
520 4109 548 4166 Ia
566 4110 613 4181 qui
631 4109 666 4165 de
684 4109 792 4181 peculio
810 4110 876 4181 egit,
895 4125 957 4165 cum
975 4115 1070 4180 posset
1087 4109 1162 4182 quod
1176 4111 1261 4180 iussu,
1279 4109 1308 4164 iu
1320 4123 1354 4165 ea
1366 4114 1513 4182 causaest,
1531 4125 1566 4166 ne
1578 4111 1668 4182 possit
1684 4119 1714 4160 rc

230 4216 419 4288 F[P(VLU)]

232 4371 241 4405 ¹
260 4369 405 4424 aestimare
424 4367 513 4438 debet,
532 4365 667 4422 debeatne
685 4364 755 4422 iorte
773 4367 800 4421 in
818 4367 847 4423 id
865 4367 939 4438 quod
956 4366 1047 4424 iacere
1064 4371 1157 4440 potest
1174 4367 1333 4424 conueniri?

230 4499 389 4557 hereditor
411 4521 460 4556 om.
478 4499 576 4569 P·Vt
600 4499 700 4558 debeat
723 4499 780 4570 ΡΥ
837 4502 922 4557 best
974 4502 1010 4556 28
1036 4517 1072 4556 ex
1098 4505 1175 4571 parte
1203 4503 1296 4571 (patre
1320 4501 1375 4570 P0)
1403 4517 1458 4557 non
1485 4499 1602 4571 modica]
1631 4499 1665 4555 ui

231 4592 280 4632 cm.
291 4573 341 4628 PL
385 4573 527 4630 tucatur
544 4571 572 4626 P
613 4571 815 4628 ttiustitutorIa
832 4571 919 4646 ΡἾΡΙ
974 4569 1108 4643 ὲλὰχίοτογ
1131 4573 1228 4644 uipera
1245 4573 1274 4628 B
1291 4573 1414 4640 (Aaou.):
1440 4592 1526 4628 errore
1546 4581 1601 4628 ciue
1618 4589 1666 4627 aec

230 4644 352 4714 patiatur
360 4645 399 4700 P·
435 4646 469 4702 12
481 4642 735 4700 eatenus...fuerit
743 4661 791 4698 om.
800 4644 922 4700 P⁰V?L‘
973 4653 1029 4700 aiae
1055 4645 1157 4699 ir'brcra·
1182 4645 1221 4700 stc
1244 4641 1375 4714 'eripueras
1403 4645 1483 4718 utpoc
1506 4643 1555 4700 ΒΡ
1582 4643 1667 4716 (Cpr.)

232 4713 447 4770 laubrorum
468 4715 546 4784 PV!
568 4719 660 4786 pretor
681 4716 728 4783 ΡΙ
749 4716 797 4785 qui
820 4715 922 4770 om.P·
974 4715 1009 4770 29
1030 4715 1059 4770 in
1082 4713 1209 4785 solidum]
1232 4715 1348 4772 solidum
1375 4715 1416 4770 P·
1477 4717 1513 4772 30
1539 4715 1668 4770 conuenIt

232 4783 266 4842 15
284 4785 325 4856 rc]
349 4785 398 4842 sed
415 4785 455 4841 Ρ·
508 4787 542 4842 16
566 4791 707 4842 contacta
729 4801 791 4842 cum
816 4802 849 4843 eo
872 4787 921 4842 Ph
974 4787 1047 4842 P'V
1085 4787 1120 4842 32
1138 4787 1171 4858 si]
1190 4787 1441 4855 sicP⁶1mentius
1459 4787 1500 4842 P·
1547 4788 1582 4842 35
1600 4785 1666 4858 filio]

232 4857 266 4913 17
284 4857 513 4914 contraxitPVU
554 4859 587 4914 19
601 4857 684 4928 quod]
698 4857 727 4914 id
738 4857 813 4928 quod
824 4859 903 4914 ΡΜ]
973 4855 1029 4914 trio
1052 4873 1102 4920 suo
1126 4859 1165 4912 Ρ*
1218 4860 1253 4914 36
1276 4858 1386 4929 scripsit
1403 4857 1459 4914 PV
1509 4859 1543 4914 37
1563 4873 1598 4914 an
1617 4875 1666 4912 om.

231 4927 256 4985 ri
273 4927 409 4984 om.P·L·
452 4929 487 4984 23
505 4929 606 5001 anbic]
622 4930 651 4985 in
662 4929 715 4985 boc
726 4929 768 4984 P·
811 4930 914 4987 24sint
975 4929 1068 4985 P·VL
1112 4929 1338 5002 ddsmlsiPVh
1379 4931 1415 4986 40
1427 4929 1510 5002 quod]
1523 4943 1578 5002 quo
1590 4929 1667 4986 Pu·

231 4999 312 5057 siP·
327 5002 332 5070 Ι
347 5003 441 5056 essent
456 5000 506 5066 1²⁶,
524 5001 606 5058 etiarn
624 5000 680 5056 Lu
726 5001 762 5057 25
779 5001 803 5057 si
821 5021 870 5058 om.
883 5003 923 5058 P·
1552 5011 1554 5018 ’
