4320 5340
559 175 706 245 llllillll
727 178 747 244 5
766 183 844 238 e-e
1226 165 1315 248 900
1564 191 1612 236 nr
1636 185 1799 236 ssssnus
1824 183 2002 233 oossuuro

512 345 542 392 27
561 337 659 406 ualeat,
679 339 799 392 rhamon
817 334 908 390 edioto
925 335 1001 390 loeus
1020 337 1071 389 ast.
1109 331 1213 388 Eadem
1231 335 1376 386 serusnmr
1393 334 1422 384 et
1439 329 1475 384 de
1492 329 1547 399 his,
1571 344 1645 400 quae
1669 327 1706 383 sd
1733 341 1853 382 oausam
1873 323 2000 380 suhsh'tu·

513 433 542 480 ιι
561 426 642 482 ιιοιιὶι
660 427 804 496 pertinent,
822 425 845 482 ai
862 425 982 494 pupillus
999 423 1138 494 pupillaue
1154 422 1263 478 oeeisus
1281 421 1407 476 oeeisaue
1425 434 1486 476 esse
1503 419 1619 474 dicetur.
1656 417 1686 473 Si
1705 417 1780 472 alius
1799 415 1921 485 aperuit,
1938 415 2000 470 alius

512 524 542 570 ιι
560 516 700 586 recitauit,
719 515 788 570 aliua
806 513 997 584 descripserit,
1015 527 1110 568 omues
1128 513 1156 566 in
1174 511 1294 566 edietum
1312 508 1442 578 insident,
1460 509 1506 578 qui
1523 509 1633 578 singula
1650 523 1747 564 eorum
1767 503 1910 560 feserunt.
1946 503 2000 560 lion

559 609 665 660 tantum
689 619 725 658 ex
742 607 921 673 testamento,
945 599 994 658 sed
1018 603 1100 657 ιιίιιιιι
1119 600 1155 656 ah
1173 601 1304 656 intestato
1327 597 1465 653 hereditas
1487 598 1523 653 ad
1540 597 1593 654 hoe
1611 597 1733 652 edietum
1753 595 1894 665 pertinet,
1919 599 1949 647 ut
1968 609 1999 648 ne

560 695 620 765 quis
639 693 721 748 adeat
737 691 905 750 houommue
922 692 1123 762 possessiouem
1134 695 1220 761 petat,
1238 694 1385 758 antequam
1402 688 1527 758 quaestio
1538 687 1575 742 de
1585 685 1690 742 familia
1702 685 1854 754 habeatur,
1874 699 1910 738 ne
1928 683 2023 738 hereat

512 791 542 837 ιο
559 789 671 854 propter
688 781 878 851 compendium
897 796 975 835 suum
994 779 1114 834 familiae
1131 777 1238 834 tatinus
1256 779 1414 834 oeeultaret.
1444 778 1593 847 Eleganter
1610 777 1748 832 Soaeuols
1767 776 1818 844 ait,
1836 776 1872 828 ut
1890 773 1952 842 quis
1968 773 1998 828 sd

560 871 687 928 heredem
706 885 786 926 suum
805 870 886 926 utiles
904 869 1026 924 sationes
1043 869 1219 938 transmittat,
1237 869 1261 922 si
1278 865 1350 922 forte
1362 869 1426 921 ante
1440 865 1587 924 sditionem
1600 866 1730 934 decessit,
1750 865 1931 934 exploratum
1943 877 1998 916 esse

512 969 541 1014 sl
560 961 660 1016 dehere
679 959 779 1014 ideireo
798 973 860 1014 euru
879 973 933 1013 non
952 957 1042 1026 adire,
1065 957 1139 1027 quod
1161 961 1274 1012 senatus
1297 957 1421 1012 eonsulto
1444 957 1590 1026 edietoque
1610 961 1757 1011 terreatur.
1797 953 1829 1008 Si
1849 953 1998 1009 eondioioui

560 1051 631 1105 iutra
654 1049 726 1104 diem
749 1062 784 1102 ex
807 1047 852 1102 die
876 1047 970 1102 mortis
992 1048 1185 1116 praestitutum
1207 1059 1304 1116 parere
1326 1046 1395 1100 iussi
1417 1045 1571 1115 ignorantia
1588 1061 1643 1100 uon
1660 1049 1833 1116 paruerunt,
1859 1043 1885 1096 si
1902 1041 1998 1098 ideireo

560 1140 713 1210 ignoratum
731 1141 787 1206 eat,
812 1136 877 1205 quia
894 1141 969 1190 metu
987 1139 1099 1192 senatus
1117 1135 1233 1191 eonsultl
1256 1133 1354 1204 aperiri
1376 1133 1486 1190 tannim
1507 1151 1563 1190 non
1580 1139 1746 1205 pomerum,
1772 1132 1947 1188 sneeurritur
1961 1133 1997 1186 eis
2012 1139 2032 1179 ιι

512 1237 542 1282 st
560 1227 777 1296 adimplendam
796 1225 991 1282 ooudieiouem.
1028 1223 1057 1280 Si
1075 1230 1104 1280 et
1121 1225 1195 1280 aliud
1213 1222 1436 1294 impedimentum
1455 1224 1491 1278 sit
1507 1223 1543 1278 de
1556 1239 1610 1280 non
1624 1223 1756 1279 adeunda
1775 1221 1824 1276 he·
1845 1217 1997 1304 [Q

560 1316 675 1372 reditate
693 1316 737 1370 uel
756 1313 961 1384 aperiendamm
980 1312 1144 1382 tabularum,
1163 1314 1201 1368 sit
1217 1318 1247 1368 et
1263 1318 1376 1368 senatus
1393 1313 1518 1384 consulti,
1535 1313 1601 1368 nihil
1614 1313 1751 1383 prodesse
1769 1311 1997 1382 impedimentum

560 1409 672 1461 senatus
690 1405 820 1473 eonsulti,
845 1404 868 1459 si
887 1409 915 1458 et
931 1403 1006 1458 aliud
1023 1400 1089 1458 init:
1112 1403 1199 1459 ueluti
1217 1403 1240 1458 si
1258 1417 1394 1472 praegnas
1417 1417 1486 1459 uror
1509 1403 1592 1458 oeeisi
1610 1401 1663 1457 fuit
1680 1403 1724 1456 uel
1745 1401 1834 1456 etiam
1855 1400 1997 1470 putabatur

560 1499 590 1549 et
604 1497 750 1564 pmpterea
768 1493 843 1548 adire
861 1492 1040 1548 hereditatem
1059 1493 1200 1548 institutus
1218 1507 1272 1547 uon
1289 1492 1417 1562 potuerit.
2011 1497 2031 1538 ιι

522 1579 543 1640 4
612 1583 792 1637 Promissus
809 1581 878 1636 libro
896 1585 975 1636 serto
993 1595 1194 1652 responsorum.
1221 1580 1273 1646 Qui
1289 1585 1431 1650 postumos
1446 1580 1561 1636 heredes
1579 1581 1747 1650 instituerat,
1766 1595 1825 1636 nou
1862 1579 2039 1648 n.ss,1s.r·l²

561 1672 632 1728 natis
649 1671 784 1742 postumia
802 1685 914 1726 uxorem
934 1671 1054 1725 seeundo
1076 1671 1137 1726 loeo
1160 1670 1269 1752 seripsit
1290 1669 1433 1725 heredem:
1456 1685 1517 1724 oum
1541 1685 1558 1724 a
1582 1667 1685 1725 familia
1708 1676 1832 1724 ueeatus
1858 1655 1996 1740 disereff,

560 1777 629 1816 uxor
647 1759 719 1814 diem
736 1775 815 1814 suum
834 1758 953 1814 obierat:
972 1759 1087 1815 heredes
1105 1759 1226 1815 mulieris
1243 1759 1365 1816 notiones
1383 1774 1418 1814 ex
1436 1759 1645 1814 eonstitutione¹
1658 1758 1712 1814 sihi
1732 1759 1794 1813 dari
1814 1758 1995 1828 postulabant

560 1865 609 1904 eos
626 1850 665 1904 ita
683 1849 792 1904 demum
811 1848 962 1904 audiendos
981 1863 1042 1904 esse
1060 1849 1196 1920 respondi,
1214 1849 1238 1904 si
1256 1849 1364 1918 muller,
1383 1863 1465 1919 quam
1483 1849 1510 1904 in
1528 1853 1607 1903 utero
1625 1847 1692 1903 nihil
1710 1854 1830 1918 gestare
1849 1847 1994 1917 oomtahat,
2063 1893 2067 1906 .

560 1945 670 2009 prepter
687 1944 799 1993 senatus
816 1939 969 1993 consultum
988 1937 1166 1994 hereditatem
1185 1939 1260 1994 adire
1277 1939 1377 1996 uoluit:
1395 1938 1514 2008 alioquin
1531 1935 1682 2008 praegnata
1700 1952 1738 1992 ea
1750 1936 1889 1993 defuncta
1900 1938 1993 1992 nullam

560 2029 674 2082 iniuriae
691 2027 838 2097 querellam
856 2027 1044 2082 intemeniase.
2009 2033 2029 2074 a

525 2113 543 2172 5
615 2116 764 2172 Unmssus
782 2113 850 2170 libro
868 2115 1094 2185 quiuquagesimo
1111 2114 1146 2170 sd
1165 2115 1294 2172 edietum.
1320 2115 1496 2171 Neeessarlos
1513 2115 1627 2172 heroden
1639 2122 1708 2187 puto
1728 2115 1826 2171 edictu
1845 2111 1995 2200 &li-25
2018 2115 2033 2172 i

529 2213 543 2260 1
562 2205 763 2276 comprehendi,
782 2205 805 2259 ai
823 2219 854 2259 se
872 2205 1005 2259 misoeant
1022 2203 1175 2260 hereditati.
1205 2205 1263 2261 lieo
1279 2203 1414 2261 honorum
1431 2205 1630 2276 possessiouem
1649 2207 1708 2276 peti
1725 2209 1845 2276 praetor
1855 2207 1995 2277 permittit:

529 2303 545 2349 t
563 2303 591 2352 et
608 2311 661 2364 ego
679 2297 746 2365 puto
766 2294 800 2348 ad
818 2309 914 2349 omues
932 2293 1065 2349 honorum
1082 2293 1270 2363 possessiones
1288 2293 1340 2350 hoe
1358 2295 1478 2350 edietum
1496 2296 1640 2365 pertinere.
1668 2295 1731 2350 Non
1743 2297 1818 2350 alias
1830 2294 1906 2350 bona
1917 2294 1995 2365 publi

563 2389 672 2453 eantur,
695 2399 778 2454 quam
796 2383 819 2438 si
838 2381 976 2440 oonstahit
993 2397 1055 2438 esse
1073 2383 1193 2438 oesiaum
1216 2389 1321 2454 patrem
1340 2382 1457 2440 familias
1475 2388 1504 2438 et
1521 2382 1647 2438 heredem
1667 2389 1734 2439 aute
1751 2386 1949 2454 quaestionem
1965 2384 1996 2438 ds

531 2475 545 2523 Ι
564 2472 666 2528 familia
684 2472 802 2528 habitam
820 2473 1037 2543 suppliciumque
1055 2479 1194 2543 sumptum
1212 2473 1303 2528 adisse
1321 2472 1508 2528 hereditatem.
1546 2471 1598 2528 Uhi
1615 2473 1678 2543 quis
1697 2474 1808 2529 inouria
1826 2479 1943 2529 neoatus
1959 2481 1997 2528 est
2009 2477 2030 2519 ιι

564 2563 608 2619 uel
626 2563 724 2617 mediol
742 2561 856 2630 insidiis,
874 2561 943 2616 adiri
961 2561 1071 2631 quidem
1090 2561 1227 2618 hereditas
1244 2565 1345 2632 potest,
1363 2561 1413 2617 sed
1431 2561 1524 2617 heredi
1542 2559 1666 2617 defensio
1684 2563 1786 2618 mortis
1805 2563 1949 2619 ineumhit.

527 2643 546 2703 s
618 2649 629 2721 ii
648 2651 766 2706 Psuuus
783 2649 852 2705 libro
869 2650 1098 2720 quadragensimo
1116 2656 1194 2707 sexte
1213 2652 1249 2708 sd
1266 2651 1395 2707 edietum.
1423 2652 1482 2706 Etsi
1500 2665 1646 2721 pemussor
1663 2659 1758 2706 sertus
1778 2653 1824 2721 sit,
1845 2649 1997 2736 [Βῖιῐιῖι
2018 2651 2077 2706 sle

564 2744 656 2795 tamen
674 2739 800 2794 habenda
817 2740 942 2809 quaestio
961 2744 1016 2809 eat,
1039 2745 1071 2796 ut
1088 2741 1180 2796 raedis
1203 2741 1347 2797 mandator
1369 2741 1535 2796 inueniatur:
1559 2741 1655 2809 utique
1677 2747 1775 2796 autem
1799 2743 1861 2812 ipse
1887 2744 1998 2798 maxime

532 2833 545 2880 1
565 2829 717 2899 quaestioni
736 2827 852 2897 dabitur,
871 2829 997 2899 quamuis
1015 2833 1044 2884 et
1062 2831 1145 2885 aeteri
1162 2829 1317 2900 puniantur.
1345 2829 1476 2896 Quamuis
1494 2830 1561 2885 alias
1578 2831 1607 2885 iu
1625 2837 1711 2900 eaput
1728 2829 1839 2886 domiui
1858 2833 1932 2886 serui
1950 2847 1997 2887 non

565 2921 749 2988 torqueantur,
768 2923 843 2973 reete
861 2925 953 2974 tamen
970 2917 1019 2974 het
1036 2919 1168 2988 quaestio,
1185 2919 1293 2998 shamsl
1311 2918 1438 2974 heredem
1456 2924 1593 2988 aoouseat,
1612 2921 1672 2975 siue
1685 2925 1840 2976 sutraneus
1854 2919 1935 2976 heres
1946 2921 1998 2975 siue
2012 2925 2032 2966 ιι

532 3014 546 3059 ι
565 3021 599 3062 ιι
617 3007 674 3062 suls
692 3007 737 3061 slt
768 3005 797 3062 Si
815 3023 888 3062 unus
906 3023 940 3063 er
958 3008 1075 3063 dominis
1094 3023 1148 3063 uon
1166 3013 1331 3078 eompareat,
1349 3009 1534 3079 quaerendum
1552 3014 1596 3064 est
1612 3009 1647 3065 de
1665 3026 1733 3065 ease
1754 3010 1819 3065 eins
1830 3025 1885 3080 per
1902 3025 1998 3079 seruos,

564 3111 633 3168 quos
655 3111 813 3152 communes
839 3096 1004 3154 hahuerunt:
1031 3098 1120 3167 magia
1143 3098 1214 3156 enim
1238 3097 1274 3152 de
1298 3099 1385 3152 salute
1408 3103 1456 3153 aut
1478 3099 1581 3154 ultione
1606 3098 1710 3154 domiui
1732 3113 1794 3154 uon
1818 3101 1999 3169 eomparautis

532 3193 645 3256 squam
664 3186 691 3240 in
709 3191 793 3255 eaput
810 3187 962 3256 praesentis
979 3187 1186 3256 torquebuntur.
1212 3185 1241 3242 Si
1259 3187 1397 3256 appetitus
1409 3187 1445 3242 sit
1456 3189 1627 3244 neeoeeisus
1643 3187 1785 3258 domiuus,
1804 3189 1875 3244 nihil
1894 3195 1999 3244 semma

565 3276 689 3332 eonsulto
707 3279 834 3330 sanetur:
853 3275 912 3344 lpse
930 3275 1001 3330 enim
1020 3275 1048 3331 ln
1065 3274 1194 3332 familiam
1212 3291 1289 3332 suam
1308 3279 1401 3347 potest
1417 3276 1634 3334 animaduertere
2014 3283 2035 3324 ιι

529 3359 547 3418 7
618 3365 694 3420 loen
712 3363 780 3420 lihro
799 3364 929 3433 singulari
947 3363 983 3419 ad
1001 3371 1112 3420 senatus
1131 3367 1283 3422 eonsultum
1299 3365 1475 3422 Silanianum.
1505 3363 1999 3454 anadhematis-&751
2024 3365 2047 3421 ι·

565 3453 729 3510 ordinarium
748 3454 877 3508 auxilium
895 3451 1015 3508 habebit
1936 3445 1997 3452 “”

529 3537 548 3598 8
619 3545 696 3598 luens
713 3543 781 3598 lihm
799 3541 1027 3612 quadragensimo
1045 3548 1123 3600 sesto
1141 3541 1176 3598 ad
1194 3541 1323 3598 edietum.
1350 3543 1466 3600 Senatus
1478 3545 1602 3602 consulto
1615 3545 1765 3603 Pisoniano
1779 3563 1827 3602 oa·
1848 3542 1999 3633 [sss-15]
2024 3545 2039 3600 ι

567 3637 653 3702 uetur,
672 3637 711 3702 ut,
729 3633 753 3686 sl
769 3647 875 3702 poenae
892 3631 1026 3688 obnoxius
1044 3647 1140 3688 semus
1157 3631 1293 3702 uenisset,
1310 3633 1473 3704 quandoque
1491 3635 1712 3691 animaduersum
1730 3637 1763 3692 iu
1782 3652 1851 3692 eum
1865 3625 2000 3706 ffi'sffu‘t

535 3729 547 3776 1
566 3721 692 3777 uenditor
708 3721 825 3790 pretium
844 3726 1004 3791 praestaret,
1023 3737 1057 3776 ns
1074 3723 1190 3791 emptori
1206 3722 1330 3777 iniuriam
1343 3721 1441 3779 lesisse
1452 3724 1579 3780 uideatur
1590 3731 1710 3782 ιιιιιιιιι.
1741 3725 1773 3782 Si
1791 3725 1870 3783 iilius
1883 3727 1999 3796 familias,

566 3811 613 3882 qui
631 3811 659 3866 in
677 3811 808 3866 eastrenai
826 3811 932 3881 peeulio
950 3817 1067 3866 testatus
1085 3815 1140 3881 est,
1165 3811 1272 3867 oeeisus
1295 3812 1344 3882 sit,
1368 3814 1522 3869 omnimodo
1545 3814 1574 3868 id
1591 3813 1801 3890 defendendum
1821 3823 1883 3888 est,
1905 3825 1950 3887 ut,
1970 3833 1999 3872 er
2014 3821 2035 3861 ιι

567 3899 665 3971 quihus
688 3899 797 3956 essibus
819 3899 853 3954 sd
877 3897 972 3955 haeum
996 3901 1082 3972 patris
1104 3899 1221 3956 familias
1243 3899 1317 3956 hona
1337 3902 1486 3972 pertinent,
1510 3903 1553 3959 his
1575 3903 1686 3960 ossibus
1704 3909 1737 3960 et
1754 3905 1842 3962 huius
1861 3908 1999 3978 psouliuru,

566 3989 657 4060 potius
675 4003 757 4058 quam
776 3989 812 4044 ad
830 3987 952 4059 heredes,
971 3991 1017 4060 qui
1035 3991 1208 4060 deliquerunt
1225 3990 1253 4046 iu
1271 3989 1397 4047 ιιιιιιιιιιο
1416 3997 1445 4046 et
1460 3992 1594 4048 similibus
1611 3995 1698 4050 ultius
1717 4011 1776 4051 nou
1795 4003 1875 4052 suut

530 4077 549 4135 9
620 4078 714 4134 (isius
731 4077 799 4133 libro
817 4079 934 4148 septimo
953 4079 1058 4136 deeimo
1072 4079 1108 4135 ad
1120 4081 1239 4136 edietum
1250 4081 1425 4150 pmuineiale.
1453 4081 1521 4136 (ium
1539 4080 1607 4138 lisso
1625 4083 1733 4139 οιιιιιιιι
1752 4083 1832 4141 bona
1851 4081 1999 4170 [Hqui
2023 4081 2038 4134 S

567 4166 689 4223 defuuoti
707 4167 873 4222 addicantur·
885 4173 996 4238 propter
1013 4169 1124 4224 inultam
1144 4173 1273 4240 mortem,
1298 4170 1326 4224 in
1347 4185 1410 4224 eum
1430 4171 1581 4241 legatorum
1600 4173 1672 4227 aetio
1690 4171 1791 4230 datur:
1819 4181 1851 4231 et
1868 4163 1999 4232 liberta-Hs

567 4261 643 4314 ratae
661 4262 725 4312 sunt
742 4272 835 4312 eemm
854 4258 966 4328 scilieet,
984 4257 1031 4328 qui
1048 4263 1160 4314 senatus
1177 4259 1301 4314 consulto
1319 4259 1498 4330 excipiuntur.
2013 4267 2033 4307 ιι

567 4355 612 4424 F(
616 4355 790 4424 WDQEIO)

569 4483 578 4516 ¹
596 4479 790 4535 substitutione
808 4478 974 4547 (Oulaeiosii

569 4613 754 4682 laeroantur]
774 4613 817 4676 F¹,
838 4613 974 4668 asmantia
992 4617 1056 4669 sunt
1074 4612 1253 4680 stwnslo,
1306 4613 1540 4670 eleimonem
1586 4613 1621 4668 30
1638 4615 1754 4683 questio
1771 4619 1816 4686 Fi
1834 4619 1999 4676 aeeuse'tli’
2086 4618 2090 4722 i

568 4683 747 4749 seruandaQ
790 4685 919 4754 opstat*
937 4684 974 4737 F‘
1021 4686 1207 4741 Goeuultares
1225 4689 1254 4741 et
1305 4685 1339 4742 31
1358 4686 1422 4756 nou]
1441 4699 1492 4740 eon
1512 4685 1546 4738 F¹
1561 4687 1566 4750 Ι
1581 4683 1626 4754 de]
1645 4701 1682 4740 ue
1702 4689 1742 4740 F!
1797 4691 1837 4746 35
1855 4699 1886 4747 et
1902 4693 1938 4762 iu]
1955 4689 1998 4754 Di,
2085 4727 2088 4767 Ι

568 4755 691 4858 leffsuter
709 4756 744 4807 F·
781 4755 814 4809 13
832 4757 922 4810 eseias
940 4756 978 4808 F*
1015 4758 1048 4812 18
1066 4755 1251 4827 nihil'n’gest.
1305 4755 1583 4822 etiemianWEG,
1596 4757 1695 4824 ors.Q:
1716 4761 1997 4818 saiuoressioiius·
2085 4787 2087 4818 ι

569 4828 594 4880 F
661 4828 694 4880 19
715 4826 898 4896 praegnat'a'e
917 4829 954 4880 F’
1007 4829 1039 4883 21
1064 4829 1189 4900 ulpianus
1305 4829 1422 4899 lsisspor
1437 4829 1612 4883 sacasirosrar
1629 4829 1785 4901 BtTipns.)
1825 4833 1999 4891 38tanimad·
2086 4827 2087 4842 ³

569 4897 687 4952 edietum
705 4898 800 4952 am.F¹
836 4900 870 4952 ιι
883 4899 1106 4968 oompr'a’ehendi
1119 4901 1174 4966 ΡἸ
1190 4901 1253 4956 mis·
1305 4915 1414 4955 uersum
1433 4901 1471 4953 F’
1510 4901 1546 4954 39
1563 4899 1719 4970 pr'a'etium
1736 4905 1775 4956 F’
1813 4907 1851 4962 41
1872 4907 1917 4978 sd}
1934 4905 1999 4962 idil

569 4969 690 5028 mantas
727 4970 762 5024 26
774 4968 872 5024 mediol
880 4969 1009 5027 'i'insidiis
1019 4971 1057 5026 F’
1095 4973 1129 5027 26
1142 4971 1252 5027 denieu·
1304 4973 1340 5028 42
1357 4972 1548 5042 delinquerunt
1565 4974 1605 5041 Fi
1620 4971 1805 5032 nou'o'sunt
1824 4979 1864 5032 Γ*
