3608 5302
939 137 1025 206 LIIII

259 336 341 391 quam
360 319 448 389 magis
466 317 552 388 probo
571 331 665 372 eorum
684 315 854 384 opinionem,
873 315 921 385 qni
938 317 1049 370 centnm
1067 313 1146 370 annis
1164 314 1329 384 posteriores
1347 313 1483 384 iudicant,
1502 319 1595 370 tamen
1612 314 1640 369 in
1657 313 1700 369 di·

258 429 339 496 gesto
357 427 444 494 Nouo,
463 439 518 493 quo
536 427 646 478 constat
657 424 768 478 Petrum
787 425 816 477 et
834 421 945 491 saepius
963 437 1043 476 usum
1062 435 1124 476 esse
1141 436 1224 490 quam
1237 419 1336 476 Uetere
1349 420 1502 486 (infortiato
1515 421 1587 476 enim
1600 419 1701 486 caruit)

259 537 288 588 et
305 533 380 588 locos
398 530 462 586 inde
481 531 569 600 magis
588 529 623 584 ad
642 527 757 584 uerbum
775 528 921 596 rettulisse,
940 527 1014 582 Petri
1032 527 1137 582 uariam
1155 527 1299 582 lectionem
1314 527 1446 598 adscripsi
1455 531 1473 596 ¹,
1491 533 1523 582 ut
1534 528 1574 582 ita
1586 527 1700 582 demon-

259 643 387 706 strarem,
411 635 486 707 quod
509 635 620 706 quidam
645 635 716 690 male
737 639 926 704 negauerunt,
950 632 1107 688 adhibuisse
1131 649 1193 689 eum
1212 633 1334 688 codicem
1354 635 1381 688 in
1399 649 1449 689 suo
1468 634 1577 703 quidem
1597 647 1701 704 genere

259 745 388 800 salmium
401 741 603 812 habentemque
616 742 708 811 legum
720 741 912 811 inscriptiones
924 740 1028 810 plenas,
1041 740 1090 796 sed
1103 740 1214 794 omnino
1223 740 1390 796 recensionis
1399 741 1588 810 Bononiensis,
1599 754 1701 810 nempe

259 851 425 907 simillimum
444 864 479 904 ex
498 849 598 904 nostris
616 825 705 903 codici
718 847 746 902 F
759 849 797 914 (u.
811 862 835 902 e.
848 862 872 901 c.
890 846 925 915 Il,
942 846 1002 900 136.
1017 846 1077 916 751,
1090 847 1133 900 38.
1144 847 1199 912 39).
1220 877 1251 886 —-
1271 846 1386 916 Reliqua
1404 847 1477 916 talia,
1496 850 1528 902 ut
1545 846 1644 902 librum
1662 862 1700 902 ex

258 958 388 1014 uniuerso
401 957 459 1010 inre
475 955 620 1010 enucleato
638 956 783 1022 exceptum
803 952 928 1022 magistri
946 950 1054 1007 Uaearii
1072 953 1203 1022 scriptum
1222 952 1251 1006 in
1263 951 1364 1022 Anglia
1381 968 1405 1007 c.
1418 969 1443 1007 a.
1458 954 1527 1008 1150
1544 953 1701 1022 similiaque

259 1063 360 1134 spreui,
379 1077 441 1117 eum
460 1065 489 1116 et
506 1066 630 1130 tempore
644 1059 784 1130 eliquanto
803 1059 956 1129 posteriora
974 1059 1029 1113 sint
1046 1059 1114 1128 Ipsis
1132 1057 1208 1114 libris
1226 1057 1335 1114 scholae
1354 1059 1534 1114 Bononiensis
1551 1060 1597 1129 qui
1616 1057 1701 1114 hodie

259 1173 355 1225 extant
367 1167 563 1236 antiquissimis
581 1171 610 1222 et
626 1166 771 1221 lectionem
790 1163 939 1220 exhibeant
955 1165 999 1219 uel
1018 1163 1061 1220 his
1080 1163 1155 1220 libris
1173 1165 1254 1234 longe
1267 1164 1443 1220 deteriorem:
1462 1166 1578 1220 utinen
1594 1179 1700 1234 genere

259 1274 388 1331 librorum
406 1274 453 1343 qui
471 1273 640 1342 digestorum
659 1287 744 1328 causa
761 1269 916 1340 elaborant,
935 1285 1029 1326 eorum
1047 1270 1207 1339 patientiam
1227 1271 1320 1339 mirer,
1339 1272 1478 1340 ingenium
1497 1287 1552 1326 non
1569 1271 1700 1326 admirer.
1740 1251 1743 1256 ³

94 1717 127 1762 p,
144 1716 240 1763 tremus
312 1697 497 1752 iudicauimus
515 1700 691 1766 apparatum:
716 1698 843 1765 superest
860 1696 985 1764 quaestio
1003 1693 1163 1750 difficillima
1180 1700 1209 1750 et
1226 1696 1390 1764 grauissIma
1408 1697 1443 1752 de
1461 1697 1624 1754 auctoritate
1642 1702 1699 1753 tra·

99 1778 233 1886 ,fflffie
260 1804 333 1860 ditae
351 1804 477 1860 lectionis
494 1803 547 1872 uel,
566 1801 614 1857 ubi
633 1801 660 1856 in
677 1805 771 1871 partes
789 1815 838 1856 eae
856 1800 1010 1870 discedunt,
1029 1801 1065 1856 de
1076 1801 1223 1856 lectionum
1237 1802 1398 1858 traditamm
1411 1803 1484 1858 iusta
1496 1803 1699 1860 aestimatione.

258 1911 287 1966 in
305 1926 339 1966 ea
357 1910 516 1979 quaestione
535 1924 597 1964 cum
617 1908 734 1977 primum
752 1907 842 1963 locum
860 1905 985 1962 obtineat
1007 1907 1094 1962 codex
1113 1909 1297 1978 Florentinus,
1319 1909 1366 1979 qui
1389 1909 1448 1978 ipse
1471 1915 1583 1980 propter
1605 1924 1699 1965 emen·

259 2017 397 2072 dationem
420 2021 580 2086 perpetuam
605 2013 722 2068 duorum
741 2012 871 2069 librorum
894 2013 1096 2084 quodammodo
1121 2014 1208 2068 instar
1231 2021 1286 2082 est,
1314 2015 1417 2084 reliqua
1444 2014 1567 2070 subsidia
1593 2016 1620 2070 in
1642 2017 1699 2086 pri·

259 2125 345 2179 mario
372 2121 441 2178 libro
468 2121 551 2177 modo
578 2119 734 2175 adiuuando
763 2119 844 2175 modo
871 2119 1043 2175 emendando
1070 2120 1273 2189 contineantur,
1300 2121 1339 2175 ita
1366 2135 1423 2176 rem
1449 2122 1638 2192 instituemus,
1665 2127 1701 2177 ut

259 2231 376 2302 primum
400 2227 562 2284 definiamus
586 2227 672 2297 ipsius
692 2224 753 2282 libri
773 2240 835 2280 cum
854 2225 1004 2296 archetypo
1023 2227 1242 2298 coniunctionem
1261 2231 1290 2282 et
1307 2233 1438 2297 quantum
1458 2226 1516 2283 fieri
1533 2231 1625 2298 potest
1641 2233 1699 2284 sta·

259 2341 384 2406 mamus,
407 2333 473 2404 quid
496 2334 577 2388 liceat
600 2334 644 2388 uel
666 2347 721 2388 non
738 2332 821 2388 liceat
838 2333 933 2388 critico
951 2346 1002 2387 nec
1020 2333 1165 2388 temerario
1184 2349 1235 2388 nee
1254 2334 1414 2406 meticuloso
1432 2334 1460 2388 in
1478 2335 1525 2403 iis,
1548 2351 1619 2404 quae
1637 2336 1700 2390 eius

259 2441 321 2498 lihri
349 2442 513 2497 auctoritate
542 2440 673 2495 nituntur.
711 2437 871 2508 singillatim
900 2437 1000 2494 deinde
1026 2437 1244 2494 examinabimus
1275 2445 1304 2494 et
1332 2440 1537 2496 emendationes
1565 2440 1600 2496 ab
1629 2441 1700 2512 ipsis

261 2549 364 2605 codicis
382 2547 531 2604 Florentini
549 2545 666 2601 librariis
684 2543 822 2615 prolectas
846 2549 875 2600 et
897 2560 978 2600 curas
999 2545 1206 2600 emendatorum
1230 2547 1290 2600 eius
1312 2551 1492 2602 uetustorum.
1520 2561 1584 2602 mox
1603 2547 1699 2617 exqui-

261 2670 367 2726 ramus,
390 2668 525 2723 quaenam
551 2652 628 2721 origo
651 2651 689 2706 sit
712 2649 841 2706 librorum
866 2650 1031 2706 deteriorum
1054 2657 1083 2706 et
1104 2651 1140 2706 ad
1163 2656 1269 2706 textum
1288 2653 1474 2708 Florentinum
1495 2653 1699 2708 emendandum

260 2759 478 2832 supplendumne
497 2758 562 2828 quid
581 2755 732 2814 conserant.
759 2756 877 2826 denique
895 2757 1015 2812 breuiter
1033 2757 1205 2828 iudicabitur,
1225 2763 1318 2814 tentus
1331 2759 1446 2814 effectus
1458 2775 1492 2814 ex
1504 2759 1610 2815 Latinis
1621 2759 1701 2815 libris

260 2866 308 2937 qui
333 2869 452 2922 aetatem
475 2865 596 2920 tulerunt
618 2869 754 2933 quatenus
778 2862 996 2918 emendationem
1018 2863 1138 2932 recipere
1163 2863 1290 2920 uideatur
1312 2881 1346 2919 er
1370 2865 1542 2921 nersienibus
1566 2866 1701 2936 antiquis-

260 2973 337 3030 simle
355 2971 476 3028 Graecis.

101 3097 226 3146 Florentini
314 3078 424 3134 Idoneis
441 3075 592 3132 rationibus
611 3075 791 3132 demonstrari
809 3079 902 3144 potest
920 3075 1013 3130 multis
1031 3075 1098 3131 locIs
1110 3077 1260 3132 Florentini
1278 3076 1339 3132 libri
1354 3078 1498 3133 lectionem
1518 3077 1643 3136 aberrare
1662 3079 1701 3135 ab

82 3159 134 3206 ’Μ
147 3159 242 3206 ¹¹¹⁰¹³d²⁰
261 3199 383 3255 eaquae
402 3183 545 3254 archetypi
563 3181 627 3252 fuit,
652 3183 734 3238 etiam
752 3179 876 3251 pluribus
894 3181 980 3237 uerba
997 3181 1145 3252 quaedam,
1169 3199 1239 3252 quae
1264 3182 1412 3238 adiuemnt
1435 3185 1463 3239 in
1483 3185 1645 3256 archetype,
1669 3186 1701 3242 in

260 3292 312 3348 hoc
327 3295 419 3346 nostro
437 3289 506 3344 libro
525 3288 683 3344 desiderari.
709 3288 738 3343 in
756 3287 835 3342 titulo
853 3285 949 3342 linium
967 3287 1151 3358 regundorum
1171 3304 1300 3344 uersuum
1320 3289 1400 3346 huius
1419 3291 1546 3346 editionis
1564 3307 1617 3346 non
1636 3293 1701 3362 plus

260 3397 390 3454 LXXllll
414 3411 467 3466 ope
489 3396 652 3465 exemplaris
676 3394 778 3450 seruati
800 3393 875 3464 apud
896 3394 1062 3464 gromatIocs
1085 3395 1271 3450 Florentinum
1297 3397 1416 3466 qulnque
1436 3398 1504 3452 locis
1528 3397 1700 3468 emendatur,

261 3510 366 3575 septem
385 3503 553 3572 suppIetur’.
581 3501 704 3556 similiter
716 3499 872 3570 fragmenta
883 3499 945 3556 lihri
961 3500 1060 3555 decimi
1073 3501 1252 3570 Neapolitana
1270 3503 1322 3557 etsi
1341 3503 1430 3560 minus
1448 3503 1560 3559 uberem
1578 3502 1700 3559 fructum

260 3609 404 3678 dederunt,
423 3613 516 3662 tamen
533 3607 598 3662 inde
617 3608 644 3662 in
665 3606 747 3662 huius
764 3606 891 3662 editionis
909 3604 1036 3662 uersibus
1055 3607 1162 3661 circiter
1180 3606 1323 3662 CXXXIII
1342 3610 1518 3682 septem-loci
1536 3610 1701 3680 supplentur

261 3715 502 3784 emendantrrrrre⁸,
525 3713 736 3768 emendarentur
754 3718 846 3768 autem
865 3712 1005 3782 aliquanto
1023 3713 1129 3782 plures,
1152 3713 1204 3766 nisi
1228 3713 1315 3769 codex
1338 3715 1439 3784 passim
1463 3714 1551 3770 hiaret
1568 3715 1698 3772 obseura·

528 3841 686 3848 ——-.---

315 3913 323 3945 ¹
349 3909 405 3960 Hoc
422 3909 466 3960 ubi
484 3909 576 3958 facturn
601 3917 653 3971 est,
677 3909 753 3960 etiam
771 3924 882 3960 meorum
900 3907 1018 3960 librorum
1037 3908 1132 3959 uariam
1156 3909 1288 3960 lectionem
1311 3911 1434 3976 integram
1458 3912 1575 3978 apposui=
1599 3912 1632 3962 ad
1650 3912 1699 3964 hos

261 3999 328 4051 enim
346 4005 430 4048 aet-ate
448 3997 524 4046 Petro
544 4005 587 4046 aut
605 4013 679 4062 pares
703 4005 746 4048 aut
764 4007 832 4048 certo
855 4014 977 4062 suppares
1001 3997 1153 4062 comparatio
1177 3997 1331 4050 instituenda
1355 4009 1406 4058 est,
1432 4017 1495 4061 uon,
1519 4009 1547 4050 ut
1570 4001 1628 4051 secit
1646 4001 1696 4051 Sa-

261 4087 360 4152 uignius
380 4085 635 4150 (cl’.e1ushist.iur.
655 4086 680 4146 2,
702 4086 775 4150 155),
801 4085 834 4136 ad
857 4085 980 4135 editiones
1004 4102 1069 4136 saec.
1085 4085 1133 4135 XV
1153 4087 1266 4136 exeuntis
1290 4095 1341 4136 tsm
1365 4087 1478 4138 lectionis
1502 4089 1599 4140 ratione
1622 4107 1698 4154 quam

261 4185 374 4240 tempore
393 4173 468 4240 longe
486 4173 545 4224 inde
564 4183 680 4225 remotas.
768 4173 780 4208 ²
798 4174 818 4235 I,
831 4172 892 4233 306,
908 4172 940 4222 10
958 4171 1167 4227 adiudicatlonem
1183 4174 1215 4236 G,
1234 4174 1410 4226 iudicationem
1424 4175 1450 4227 F
1463 4205 1491 4212 —
1508 4177 1542 4229 16
1553 4177 1699 4242 re(s)scindi

263 4263 295 4326 G,
319 4263 399 4314 scindi
418 4263 442 4313 F
458 4291 485 4300 -·
512 4261 543 4312 18
562 4261 671 4328 aliquam
691 4261 723 4326 G,
747 4261 856 4326 aliquem
874 4261 900 4312 F
917 4289 949 4298 -
975 4279 1024 4312 non
1046 4261 1078 4324 G,
1103 4279 1150 4314 om.
1166 4262 1191 4313 F
1211 4293 1240 4299 —
1269 4263 1304 4312 22
1323 4273 1366 4313 aut
1384 4264 1450 4314 enim
1471 4263 1503 4327 G,
1522 4275 1606 4315 autem
1624 4265 1649 4315 F
1664 4295 1696 4304 -

261 4349 322 4413 307,
341 4351 358 4402 3
376 4350 480 4401 habehit
498 4367 572 4414 quam
593 4348 625 4412 G,
643 4350 755 4401 habehat
772 4350 877 4415 (habeat
897 4348 940 4415 F')
960 4349 1075 4414 quoniam
1092 4349 1117 4400 F
1131 4379 1160 4386 —
1181 4351 1198 4399 5
1217 4368 1248 4400 an
1269 4350 1301 4412 G,
1321 4351 1354 4401 ad
1371 4352 1395 4403 F
1412 4381 1440 4388 -
1465 4353 1496 4402 14
1514 4370 1572 4402 nam
1590 4353 1615 4403 iu
1634 4369 1697 4404 ccu-

261 4439 321 4490 finio
340 4439 498 4505 praediorum
520 4437 551 4498 G,
571 4455 619 4490 cm.
634 4438 659 4488 F
673 4468 703 4474 -
727 4437 758 4488 18
777 4437 830 4488 siue
848 4437 940 4487 humen
956 4435 988 4500 G,
1007 4455 1055 4489 ern.
1069 4439 1094 4488 F
1110 4468 1137 4474 —
1159 4439 1292 4504 adprime
1311 4449 1336 4488 et
1356 4438 1389 4502 G,
1408 4457 1456 4494 om.
1470 4439 1495 4490 F
1510 4470 1538 4478 ·—
1560 4440 1594 4490 25
1612 4442 1696 4507 pessi-

262 4529 323 4578 dent
343 4527 376 4590 G,
394 4523 527 4592 possidens
546 4525 572 4576 F
588 4556 614 4562 -
638 4525 699 4586 308,
718 4525 735 4574 3
753 4525 938 4576 successionum
958 4525 1002 4590 Gt,
1021 4527 1204 4577 successionem
1221 4527 1291 4577 F—
1311 4528 1349 4578 De
1368 4529 1537 4594 inscriptione,
1556 4546 1630 4594 quam
1648 4529 1696 4580 ed-

261 4617 325 4666 dunt
344 4615 367 4670 G
387 4614 448 4676 306,
461 4615 487 4676 9,
506 4615 559 4664 iure
578 4613 719 4673 dubitatur,
739 4631 798 4664 num
815 4613 926 4679 genuina
943 4614 988 4664 sit:
1012 4623 1040 4664 ut
1058 4631 1072 4666 e
1091 4615 1214 4665 contrario
1234 4615 1316 4666 multis
1334 4616 1410 4677 locis,
1429 4617 1471 4667 ubi
1489 4625 1557 4667 errat
1574 4617 1696 4681 gromati-

262 4721 348 4756 corum
366 4701 516 4768 exemplum,
534 4701 681 4754 Florentino
698 4701 772 4754 lectio
791 4703 870 4768 proba
889 4711 935 4754 est.
951 4732 980 4740 —
995 4702 1075 4754 Locos
1087 4713 1155 4754 recte
1168 4703 1281 4770 expletos
1294 4723 1309 4754 a
1322 4703 1460 4756 Florentini
1479 4705 1640 4756 emendatore
1659 4705 1698 4771 (ut

261 4791 323 4854 306,
337 4792 363 4858 6)
383 4792 408 4842 in
428 4807 505 4857 supra
516 4790 601 4842 relatis
614 4807 664 4840 nou
677 4791 883 4856 computruimus.
972 4790 983 4824 ⁸
1002 4791 1022 4852 I,
1036 4791 1097 4853 310,
1110 4790 1126 4842 7
1145 4791 1270 4842 adiectum
1288 4810 1319 4843 eo
1338 4800 1385 4846 ine.
1399 4793 1426 4857 F,
1438 4811 1486 4845 om.
1502 4792 1572 4845 Ν-
1593 4793 1624 4844 15
1637 4792 1695 4844 fue·

257 4881 312 4933 rint
328 4879 368 4945 N,
387 4880 463 4932 fuerit
481 4880 507 4932 F
520 4909 552 4917 -
572 4877 604 4928 21
625 4879 774 4946 pomponius
790 4886 904 4952 pensinae
922 4879 950 4944 F}
967 4881 1043 4932 senrcl
1056 4887 1131 4951 ponit
1148 4878 1182 4933 N
1200 4909 1229 4916 —
1250 4879 1284 4932 27
1303 4898 1353 4932 non
1371 4878 1410 4946 N,
1429 4899 1477 4935 osu.
1491 4881 1517 4934 F
1531 4910 1560 4918 -
1581 4881 1641 4942 328,
1660 4882 1697 4933 34
