4320 5340
991 162 1064 236 11*

917 519 1044 586 ··11

409 627 828 711 116161161111611
850 645 1180 724 ousnsscasrur
1202 647 1355 724 qurum
1375 627 1642 713 rmcunnrl

796 747 1254 812 rouunnsrnnnuusm

900 869 952 940 (11.
971 874 995 936 1,
1015 869 1148 940 65-16.)

368 1023 570 1116 Bibliotheca
585 1049 847 1114 Schoeuboruiana
867 1071 946 1130 quae
967 1060 1014 1112 est
1034 1053 1069 1112 in
1080 1054 1148 1112 uico
1162 1052 1417 1112 Pommersfelden
1430 1072 1523 1130 prope
1538 1053 1736 1132 Bambergum

312 1145 422 1216 seruat,
440 1136 583 1213 reliquias
612 1136 747 1195 codicum
777 1135 903 1194 duorum
923 1135 1031 1194 litteris
1053 1137 1207 1212 quadratis
1229 1137 1260 1194 in
1281 1155 1396 1213 papyro
1419 1138 1597 1214 scriptorum
1618 1137 1674 1196 sibi
1696 1139 1736 1197 si·

310 1221 502 1278 millimorum
524 1219 716 1296 eiusdemque
736 1219 799 1278 iere
819 1226 853 1278 ut
874 1219 993 1278 uidetur
1014 1227 1044 1278 et
1064 1221 1172 1278 aetatis
1194 1227 1224 1278 et
1245 1220 1379 1296 originis,
1401 1238 1527 1296 quorum
1549 1219 1736 1280 611616166-
1849 1217 1851 1220 ’

311 1321 364 1362 616
386 1303 456 1362 olim
478 1303 589 1361 formas
611 1303 757 1362 continuit
777 1303 852 1362 iuris
872 1301 1043 1375 Iustiniani,
1064 1303 1141 1362 alter
1161 1302 1288 1362 Latinus
1309 1303 1469 1362 Iustiniani
1491 1303 1614 1380 digesta.
1658 1304 1736 1363 unda

311 1387 412 1445 illatae
439 1386 500 1445 sint
527 1385 653 1446 laciniae
681 1404 733 1444 666
759 1386 791 1446 11
817 1383 1026 1446 bibliothecam
1048 1383 1356 1457 Schoeubornianam‚
1382 1386 1550 1463 ignoratur,
1576 1387 1635 1444 1161
1657 1387 1737 1464 quod

310 1476 431 1546 propter
451 1487 558 1526 nomen
580 1468 689 1527 alicubi
709 1468 741 1526 in
761 1468 799 1526 iis
821 1467 1005 1545 adscriptum
1023 1465 1156 1527 ‘loannes
1175 1464 1649 1546 Gallua(Frnaclci)ann.1630’
1668 1488 1736 1546 pro-

310 1552 409 1610 babile
429 1551 464 1609 fit
484 1552 543 1610 iam
565 1570 618 1628 per
639 1551 698 1609 duo
720 1551 842 1610 saecula
862 1551 912 1610 uel
934 1551 1063 1628 amplius
1083 1553 1115 1610 in
1137 1549 1300 1612 Germania
1320 1569 1357 1609 ea
1378 1551 1539 1610 adseruari.
1577 1561 1737 1628 supersunt

311 1642 410 1693 autem
431 1634 519 1692 bodie
540 1634 722 1710 digestorum
750 1634 823 1692 lolia
850 1639 965 1709 septem
993 1635 1062 1711 plus
1088 1636 1226 1694 minusue
1249 1635 1350 1692 lacera
1373 1635 1490 1706 omnia,
1517 1653 1644 1712 quorum
1668 1655 1736 1695 oum

310 1718 488 1800 cohaegeaut
512 1717 601 1776 hodie
626 1718 675 1776 uel
696 1725 776 1778 certe
796 1717 984 1776 cohaeserint
1004 1725 1067 1776 tum
1089 1735 1215 1778 cum-ea
1235 1717 1420 1778 examinabit
1440 1717 1545 1777 Ianius
1566 1719 1685 1778 tertium
1707 1725 1737 1778 et

311 1808 439 1873 sextum,
461 1801 532 1858 item
554 1807 694 1877 quartum
715 1808 745 1859 61
765 1801 911 1878 quintum,
933 1818 989 1860 sex
1011 1808 1110 1860 autem
1131 1800 1228 1878 prima
1248 1801 1319 1860 dum
1339 1801 1456 1877 integra
1476 1810 1577 1860 essent
1591 1803 1622 1860 in
1636 1801 1736 1860 codice

309 1884 424 1960 integro
445 1883 586 1941 contiuua
607 1901 675 1942 sese
695 1883 851 1959 excepisse
872 1883 1062 1942 manifestum
1078 1884 1126 1955 sit,
1148 1891 1273 1960 apparet
1287 1901 1444 1960 superesse
1459 1884 1545 1943 nobis
1560 1886 1648 1943 unius
1662 1903 1735 1961 qua-

309 1967 451 2024 ternionis
473 1966 546 2024 folia
568 1983 623 2024 sex
643 1965 749 2043 prima,
771 1967 842 2024 item
864 1966 1016 2044 sequentis
1038 1967 1242 2042 quaternionis
1263 1966 1368 2024 folium
1389 1986 1481 2025 unum
1501 1967 1659 2044 singulare.
1691 1968 1735 2026 fo·
1772 1973 1778 1976 “

309 2049 383 2107 lium
410 2049 526 2107 nullum
553 2049 642 2107 hodie
668 2047 816 2126 integrum
843 2045 905 2108 est:
933 2057 964 2107 at
990 2067 1058 2108 cum
1086 2049 1117 2107 in
1138 2049 1219 2108 foliis
1241 2049 1337 2126 primo
1359 2050 1488 2107 secundo
1511 2051 1636 2127 septimo
1658 2050 1737 2109 adsit

308 2149 412 2209 margo
432 2132 564 2204 inferior,
585 2132 784 2209 computando
806 2133 942 2191 effectum
964 2139 1011 2191 est
1032 2133 1320 2209 singulaspaginas·
1335 2132 1477 2192 habuisse
1497 2151 1603 2192 uersus
1625 2133 1663 2190 ad
1683 2134 1735 2192 111-

309 2231 416 2287 66116,
444 2215 579 2290 singulos
608 2233 714 2274 uersus
741 2215 887 2274 elementa
913 2214 952 2273 ad
976 2215 1082 2273 uicena
1103 2223 1218 2274 octona.
1262 2216 1433 2290 ceteroquin
1454 2234 1520 2274 eam
1541 2216 1735 2291 computatio-

308 2315 375 2356 nem
403 2297 562 2374 quominus
589 2299 681 2355 anxia
705 2298 859 2375 diligentia
880 2316 1111 2374 persequamur,
1138 2298 1238 2356 obstat
1259 2316 1360 2356 earum
1382 2299 1511 2373 partium
1533 2317 1610 2375 quae
1632 2317 1735 2375 super·

311 2388 381 2439 sunt
402 2381 550 2457 scriptura
570 2381 690 2440 minime
711 2381 894 2457 aequabilis,
919 2389 953 2438 ut
974 2381 1104 2457 exempli
1126 2399 1219 2439 causa
1238 2381 1303 2438 lolii
1325 2381 1405 2438 sexti
1425 2381 1498 2439 recti
1520 2399 1625 2440 uersus
1647 2381 1735 2457 primi

308 2469 450 2540 quattuor
475 2463 655 2540 respondere
682 2464 840 2523 traduntur
866 2464 1004 2522 uersibus
1032 2465 1163 2539 quinque
1189 2463 1255 2521 folii
1280 2463 1412 2522 eiusdem
1439 2464 1528 2522 uersi.
1571 2465 1736 2523 continetur

309 2547 392 2606 hisce
420 2546 538 2606 laciniis
566 2565 637 2623 pars
663 2547 733 2606 libri
760 2547 942 2623 digestorum
964 2546 1184 2624 quadragesimi
1206 2546 1316 2622 quinti:
1344 2564 1421 2622 quae
1448 2546 1565 2622 digesta
1592 2547 1629 2604 ad
1656 2547 1735 2606 hunc

308 2627 428 2687 modum
455 2629 622 2706 perscripta
648 2648 709 2688 non
735 2636 896 2706 potuerunt
916 2629 1015 2688 minus
1035 2629 1175 2688 foliorum
1196 2629 1316 2690 milibus
1339 2629 1433 2688 tribus
1456 2629 1586 2702 absolui,
1615 2637 1648 2688 ut
1668 2631 1735 2706 plu-

307 2713 390 2770 ribus
412 2711 614 2771 uoluminibus
635 2731 671 2770 ea
692 2713 790 2771 diuisa
810 2713 904 2771 fuisse
925 2729 1047 2772 necesse
1069 2711 1117 2770 sit.

350 2793 496 2870 Repperit
521 2795 687 2872 fragmenta
714 2814 751 2853 ea
776 2803 844 2853 ante
872 2813 898 2853 a
917 2793 996 2854 1812
1019 2791 1190 2871 Sauignyus
1212 2793 1392 2870 (Geschtchte
1413 2796 1461 2852 dea
1482 2796 1551 2852 rdm.
1573 2795 1675 2854 Rechts
1697 2800 1735 2854 im

307 2877 479 2936 Mittelclter
500 2879 594 2936 1113
617 2897 647 2954 p.
663 2878 748 2954 471),
775 2878 934 2954 descripsit
954 2878 1068 2954 primus
1090 2878 1262 2938 Ludouicus
1284 2895 1303 2934 a
1323 2877 1379 2934 Ian
1400 2873 1653 2951 Sueuoiurtensis,
1674 2879 1735 2937 cdi-

307 2960 352 3020 dit
377 2961 492 3037 primus
522 2960 560 3018 ad
581 2960 659 3019 lanii
680 2962 851 3037 exemplum
871 2961 908 3020 E.
931 2961 1095 3020 Zachariae
1116 2979 1135 3020 a
1154 2959 1335 3038 Lingenthal
1356 2961 1387 3017 in
1409 2957 1599 3036 Sanigniauis
1621 2962 1735 3020 annali·

307 3043 364 3102 bus
392 3043 573 3119 (Zeitaclrayt
593 3043 650 3118 sar
674 3045 887 3120 geschichtlich
915 3044 1214 3118 Recbtawisaeasclust
1240 3042 1299 3102 uol.
1325 3044 1360 3102 ll
1390 3061 1416 3101 a.
1441 3041 1519 3102 1842
1546 3063 1575 3120 p.
1599 3043 1657 3103 239
1674 3045 1734 3121 sq.)

306 3126 445 3203 idemque
465 3125 621 3204 diligenter
641 3127 835 3203 pertrectauit
857 3127 1077 3204 suppleuitque.
1109 3127 1196 3185 uobis
1217 3131 1335 3202 praeter
1355 3125 1514 3184 editionem
1535 3145 1600 3184 eam
1614 3135 1735 3203 praesto

306 3209 426 3267 fuerunt
451 3210 592 3286 exempla
619 3217 755 3268 accurate
784 3217 813 3268 et
836 3210 931 3286 perite
960 3228 987 3268 a
1010 3209 1089 3269 1865
1117 3210 1155 3266 ab
1182 3207 1278 3266 Iaffeo
1305 3216 1424 3284 sumpta
1443 3209 1582 3266 foliorum
1604 3211 1735 3287 quinque

306 3293 453 3368 priorum:
481 3311 551 3350 nam
578 3300 697 3351 sextum
718 3301 748 3351 et
769 3293 928 3369 septimum
950 3292 1009 3351 uisi
1029 3293 1195 3368 perierunt,
1221 3297 1301 3349 certe
1322 3298 1385 3348 tum
1406 3292 1529 3367 reperiri
1551 3311 1609 3349 non
1630 3301 1735 3369 potue-

306 3382 385 3434 runt
427 3376 496 3452 ipsa
516 3375 571 3432 illa
596 3376 669 3434 folia
694 3393 773 3452 quaa
800 3376 876 3434 uidit
902 3377 963 3434 iam
983 3375 1079 3450 magis
1100 3375 1258 3432 imminuta
1276 3373 1389 3434 Iaffeus
1410 3375 1543 3450 repperit
1563 3393 1653 3451 quam
1674 3394 1734 3451 quo

306 3464 439 3535 ternpore
460 3453 619 3535 descripsit
638 3477 675 3516 ea
695 3459 807 3518 lanius.
850 3458 937 3517 nobie
965 3465 1065 3516 autem
1086 3457 1191 3516 inutile
1213 3457 1312 3516 uisum
1333 3465 1379 3516 661
1400 3457 1541 3515 adnotare
1562 3465 1636 3533 quot
1655 3458 1734 3517 litte-

305 3558 359 3598 rae
383 3547 453 3618 post
480 3539 598 3598 Ianium
625 3541 789 3602 exciderint
815 3559 912 3618 nequa
939 3539 1059 3600 omnino
1080 3539 1193 3616 placuit
1213 3539 1322 3598 morari
1342 3539 1469 3598 lectores
1490 3540 1665 3599 adnotandis
1685 3542 1734 3600 lit·

306 3623 380 3682 teris
401 3621 563 3682 dimidiatis
584 3624 756 3700 minutaque
777 3624 881 3683 illuct
902 3623 1014 3682 1111116
1036 3623 1174 3682 utilitatis
1195 3623 1349 3695 uarietate,
1371 3641 1449 3699 quae
1469 3623 1546 3682 inter
1559 3624 1734 3682 laciniarum

306 3706 351 3765 111
366 3707 445 3765 male
464 3705 633 3766 habitarum
655 3707 704 3766 161
725 3709 838 3784 optima
858 3705 998 3783 exempla
1018 3705 1181 3765 intercedat
1194 3723 1316 3765 1666666
1330 3713 1386 3778 661,
1408 3724 1474 3764 cum
1488 3707 1663 3783 praesertim
1677 3707 1735 3766 hae

305 3789 451 3866 reliquiae
478 3789 517 3864 ad
545 3789 636 3850 crisin
663 3791 875 3867 pandectarum
901 3807 1053 3867 perpauca
1072 3788 1233 3847 conserant
1277 3789 1484 3865 supplementa
1504 3807 1639 3865 quoque,
1666 3808 1733 3849 cum

307 3872 453 3948 reliquiae
474 3880 536 3932 tam
557 3873 685 3951 exiguae
705 3873 771 3934 sina
791 3874 829 3934 iis
851 3873 898 3934 cdi
921 3873 975 3932 uix
999 3890 1089 3949 posse
1112 3871 1283 3930 uiderentur
1304 3872 1430 3944 utiliter,
1452 3871 1666 3931 Zachariaeum
1688 3891 1734 3932 se·

306 3955 367 4014 cuti
396 3955 563 4014 addidimus
591 3965 621 4014 61
648 3957 709 4016 1616
737 3957 802 4016 6116
829 3958 860 4016 in
884 3955 1068 4017 restituendo
1090 3954 1218 4032 uestigia
1238 3954 1411 4030 pressimus.
1455 3955 1566 4013 errauit
1586 3961 1685 4014 tamen
1706 3957 1733 4015 16

307 4037 465 4097 admittens
487 4039 701 4098 uocabulorum
722 4038 899 4097 diuisionem
920 4057 980 4097 non
1001 4037 1204 4116 syllabariam,
1226 4035 1280 4095 sed
1299 4035 1388 4113 plane
1409 4037 1606 4109 arbitrariam,
1630 4045 1734 4096 contra

307 4121 550 4180 cousuetudinem
571 4121 636 4180 eius
658 4121 765 4180 aetatis
786 4137 847 4198 qua
867 4121 943 4180 liber
963 4123 1093 4199 scriptus
1114 4129 1161 4180 661
1182 4127 1211 4179 61
1232 4127 1336 4178 contra
1355 4120 1514 4178 manifesta
1533 4120 1644 4178 indicia
1663 4121 1733 4179 reli·

306 4203 460 4280 quiarum:
487 4204 546 4262 1161
573 4204 653 4282 quod
678 4205 735 4263 hoc
762 4205 921 4264 tenendum
947 4213 994 4265 661
1014 4200 1087 4288 qailc
1114 4203 1167 4281 (δ’,
1189 4205 1216 4263 7.
1240 4202 1273 4281 8)
1294 4209 1374 4260 16616
1395 4203 1488 4278 accipi
1509 4221 1564 4278 pro
1585 4203 1732 4280 disyllabo

305 4285 502 4364 (quamquam
530 4288 579 4346 uel
600 4287 657 4346 hoc
678 4287 847 4347 emendauit
865 4289 1006 4348 librarius
1028 4291 1063 4363 5,
1087 4287 1134 4347 13.
1159 4279 1367 4366 1411111111,
1395 4293 1429 4344 ut
1449 4285 1576 4343 similem
1597 4287 1733 4344 mendam

306 4371 430 4429 suabrllt
450 4369 480 4442 6,
502 4369 536 4446 9)
557 4377 587 4430 61
607 4371 638 4428 id
658 4370 739 4446 quod
759 4379 806 4430 est
826 4368 965 4454 1111616111
977 4391 1059 4432 amm
1079 4371 1132 4450 (2¹,
1146 4369 1196 4430 14.
1218 4369 1271 4448 15)
1293 4387 1353 4428 111
1374 4368 1584 4445 explicandum
1605 4385 1672 4428 6666
1693 4385 1733 4430 ex

306 4450 455 4510 diuisione
475 4453 688 4511 uocabulorum
709 4453 876 4526 arbitraria,
898 4455 951 4514 sed
971 4475 1011 4516 ex
1032 4455 1146 4516 librarii
1167 4454 1296 4514 hominis
1311 4449 1476 4512 Christiani
1495 4451 1627 4512 inscitia:
1650 4452 1732 4518 simi-

305 4533 375 4594 liter
395 4535 485 4596 etiam
500 4533 665 4594 Florentini
687 4535 797 4596 codicis
818 4537 956 4598 librarios
978 4541 1154 4620 saepissime
1174 4537 1347 4618 peccauisse
1369 4541 1493 4594 constat
1526 4552 1669 4594 uersuum
1682 4535 1731 4592 de-

305 4617 396 4695 nique
416 4617 650 4678 numerationem
670 4619 847 4679 retinuimus
869 4621 1082 4687 aZachariaeo
1103 4623 1298 4708 propositam,
1320 4619 1433 4679 scilicet
1454 4624 1487 4676 ut
1507 4625 1732 4678 numerarentur

306 4701 469 4762 secuudum
489 4701 588 4763 locum
609 4719 698 4782 quem
718 4703 750 4763 in
770 4703 881 4782 pagina
901 4707 972 4771 olim
994 4707 1065 4775 dum
1085 4713 1176 4796 plena
1196 4712 1276 4771 66661
1295 4703 1428 4766 tenuisse
1449 4701 1627 4761 uiderentur.
1697 4729 1699 4732 ·
