3600 5354
640 899 788 972 meu
814 899 1029 973 mima.

558 1253 596 1330 lt
634 1251 698 1362 DE
725 1117 1041 1328 PostLANilo
1083 1251 1121 1332 a
1574 1266 1645 1321 urs

58 1415 71 1472 l
154 1385 333 1482 Umnues
355 1424 427 1480 libre
445 1429 524 1480 sexto
542 1425 578 1480 ad
596 1425 726 1480 edietm.
762 1425 842 1480 Hune
859 1425 969 1480 titulum
987 1428 1097 1494 praeter
1114 1423 1256 1495 proposuit
1272 1422 1415 1479 habendae
1434 1419 1555 1506 [Q
1574 1428 1602 1482 Ε

93 1513 219 1568 neonis
244 1529 334 1568 eausa
357 1527 481 1582 suaeque
504 1513 645 1582 dignitatis
668 1513 789 1570 tuendae
812 1518 841 1568 et
863 1513 970 1569 decoris
993 1513 1037 1568 sui
1060 1517 1169 1582 esusal,
1193 1528 1228 1567 ne
1248 1512 1307 1567 sine
1325 1512 1434 1567 deleetu
1451 1513 1555 1581 passim
1575 1521 1588 1562 e

59 1603 68 1648 ¹
93 1602 177 1671 apud
198 1617 230 1657 se
248 1602 417 1669 postuletur.
449 1601 601 1670 Eaprepter
618 1607 675 1656 tres
693 1600 760 1657 feeit
775 1601 901 1657 ordines:
920 1617 983 1656 nam
1002 1602 1135 1670 quosdam
1153 1602 1181 1656 in
1198 1604 1288 1656 totum
1305 1600 1445 1669 prohibuit
1461 1603 1555 1669 postu-

91 1688 166 1760 lare,
188 1689 363 1758 quibusdam
381 1689 426 1744 nel
444 1704 493 1758 pro
512 1705 542 1745 se
559 1691 691 1760 permisit,
710 1690 876 1759 quibusdam
892 1695 922 1746 et
939 1705 989 1760 pro
1008 1691 1089 1745 eertis
1109 1689 1254 1744 dumtaxat
1269 1690 1394 1758 personis
1412 1693 1441 1744 et
1457 1703 1508 1757 pro
1525 1691 1566 1743 se

58 1780 71 1826 ²
90 1779 241 1846 permisit.
270 1779 415 1834 Postulare
433 1782 525 1833 autem
544 1783 587 1833 est
605 1778 770 1834 desiderium
790 1794 870 1834 suum
888 1779 933 1834 uel
952 1779 1034 1834 amici
1052 1779 1094 1833 sui
1113 1779 1140 1833 in
1158 1779 1217 1834 iure
1236 1778 1310 1846 apud
1328 1793 1400 1847 eum,
1419 1777 1466 1846 qui
1478 1777 1556 1831 iuris-

58 1867 71 1912 8
91 1865 221 1923 dictioni
240 1871 362 1936 praeest,
382 1881 532 1936 exponere:
552 1867 597 1922 uel
609 1867 721 1922 alterius
734 1867 870 1923 desiderio
883 1868 1079 1924 eontradieere.
1107 1867 1217 1922 Initium
1229 1871 1322 1921 autem
1334 1864 1400 1922 feeit
1431 1859 1555 1937 effide
1574 1893 1583 1905 -

90 1961 219 2023 praetor
238 1954 277 2010 ab
295 1954 348 2024 his,
366 1955 460 2024 quiin
477 1959 566 2010 totum
584 1954 762 2024 prohibentur
779 1957 927 2026 postulare,
954 1957 983 2012 in
1001 1970 1056 2025 quo
1074 1953 1165 2011 edicto
1182 1961 1231 2012 aut
1242 1955 1387 2025 pueritiam
1401 1959 1449 2009 aut
1460 1941 1555 2009 cesum
1576 1963 1604 2003 1⁰

91 2045 267 2100 excusauit.
303 2044 463 2112 pueritiam:
487 2043 552 2098 dum
576 2045 709 2099 minorem
733 2046 811 2100 annis
835 2045 930 2100 deeem
953 2049 982 2099 et
1005 2049 1123 2114 septem,
1148 2045 1196 2113 qui
1214 2059 1262 2100 eos
1280 2058 1334 2099 non
1353 2044 1380 2097 in
1400 2030 1555 2118 [Ἐξ-’2

90 2137 195 2189 totum
216 2132 379 2202 eompleuit,
396 2130 522 2200 prohibet
539 2133 685 2202 postulare,
705 2133 770 2202 quia
787 2133 956 2189 moderatam
974 2131 1045 2187 hane
1062 2137 1181 2188 aetatem
1199 2136 1276 2188 ratus
1290 2131 1380 2187 estad
1399 2128 1555 2213 [ῶΓΡῦῐῶ

90 2219 318 2290 proeedendum
340 2221 369 2274 in
392 2220 545 2290 publicum,
568 2236 624 2290 qua
646 2225 737 2276 aetate
760 2225 808 2276 ant
825 2222 907 2290 paulo
926 2221 1027 2276 maiore
1045 2219 1131 2276 fertur
1148 2221 1241 2276 Nerua
1257 2219 1328 2276 liius
1347 2225 1375 2275 et
1392 2209 1554 2290 publio-ede

91 2309 158 2366 iure
180 2309 398 2377 responsitasse.
425 2315 537 2378 propter
554 2325 649 2364 easum
667 2309 779 2364 surdum
798 2311 844 2378 qui
856 2325 968 2379 prorsus
980 2325 1035 2365 uon
1047 2309 1125 2364 audit
1135 2307 1261 2378 prohibet
1273 2308 1347 2378 apud
1359 2325 1389 2364 se
1399 2311 1554 2378 postulare:

92 2414 151 2454 nee
179 2398 263 2453 emm
286 2401 347 2451 erat
368 2397 580 2466 permittendum
604 2399 629 2453 ei
654 2399 806 2468 postulare,
830 2399 877 2467 qni
899 2398 1039 2454 decretum
1063 2399 1196 2467 praetoris
1217 2397 1347 2452 exaudire
1364 2413 1420 2453 non
1437 2402 1553 2468 poterat,
1575 2405 1603 2446 ¹⁵

91 2485 179 2557 quod
200 2485 290 2540 mam
308 2484 361 2553 ipsi
380 2491 439 2540 erat
457 2487 640 2555 periculosum
658 2485 793 2542 futurum:
812 2503 875 2542 nam
893 2500 948 2541 non
966 2487 1096 2542 exaudito
1114 2486 1225 2542 decreto
1242 2487 1384 2555 praeteris,
1403 2487 1482 2556 quasi
1500 2502 1554 2542 uon

57 2576 340 2643 :obtemperasset
358 2587 448 2641 poena
465 2579 497 2630 ut
514 2579 661 2631 eontumax
678 2575 851 2644 plecteretur.
888 2574 937 2629 Ait
954 2579 1076 2644 praetor:
1096 2574 1132 2630 ‘Si
1150 2589 1204 2630 non
1222 2574 1362 2630 habebunt
1380 2575 1554 2644 aduocatum,

93 2661 164 2734 'ege
185 2660 284 2716 debe:
310 2675 362 2716 nee
379 2662 468 2718 solum
486 2662 528 2718 his
546 2664 670 2733 personis
688 2663 759 2718 hane
777 2663 975 2718 humanitatem
993 2668 1103 2732 praetor
1121 2664 1193 2718 solet
1209 2662 1351 2733 exhibere,
1370 2677 1465 2718 uerum
1485 2668 1513 2718 et
1531 2664 1554 2718 si

93 2753 165 2822 quis
187 2751 264 2805 elius
282 2749 327 2819 sit,
344 2749 392 2819 qui
410 2751 493 2806 eertis
511 2767 546 2807 er
563 2753 655 2807 eauais
672 2753 718 2807 uel
736 2752 884 2808 ambitione
903 2751 1052 2807 aduersari
1069 2752 1115 2806 uel
1126 2755 1201 2807 metu
1213 2756 1359 2820 patronum
1371 2765 1426 2806 non
1437 2751 1553 2806 inuenit.

59 2843 76 2888 ⁵
95 2837 241 2896 Secundo
261 2838 322 2892 loeo
339 2837 459 2894 edietum
477 2841 638 2910 proponitur
655 2841 684 2896 in
702 2855 763 2911 eos,
782 2840 829 2909 qui
847 2855 896 2909 pro
915 2840 976 2895 eliis
994 2854 1029 2896 ne
1046 2841 1199 2910 postulent:
1217 2841 1246 2895 in
1264 2855 1319 2909 quo
1337 2839 1427 2895 edieto
1445 2841 1554 2908 excepit
1575 2847 1603 2888 so

95 2933 222 2997 praetor
240 2942 339 2982 sexum
358 2931 387 2982 et
404 2942 511 2998 mum,
535 2929 602 2984 item
620 2930 726 2985 nomuit
743 2943 875 2998 personas
893 2929 921 2984 in
938 2929 1108 2997 turpitudine
1125 2927 1268 2984 notabiles.
1302 2944 1412 2983 sexum:
1431 2928 1496 2982 dum
1515 2927 1554 2983 le-

97 3019 199 3074 minas
217 3014 348 3085 prohibet
364 3031 415 3085 pro
433 3017 492 3072 aliis
509 3018 657 3087 postulare.
685 3022 715 3073 et
732 3015 743 3086 11
762 3018 832 3073 ratio
843 3017 953 3088 quidem
965 3015 1135 3086 prohibendi,
1154 3035 1185 3072 ns
1197 3021 1292 3072 eontra
1303 3017 1463 3085 pudicitiam
1476 3016 1555 3071 sexui
1573 3020 1589 3067 i.
1602 3021 1632 3068 te

99 3107 313 3177 ‹rongi-nentem
336 3105 432 3160 alienis
455 3107 546 3162 cauma
569 3121 600 3161 se
623 3107 806 3176 immiseeant,
830 3121 865 3161 ne
888 3104 1011 3160 uirilibus
1030 3103 1127 3160 officiis
1144 3103 1294 3174 fungantur
1311 3105 1453 3160 mulieres:
1476 3105 1554 3175 origo

100 3209 175 3252 uero
195 3193 357 3249 introducta
374 3197 417 3248 est
434 3209 452 3248 a
469 3192 597 3250 Carfania
614 3194 816 3263 improbissima
833 3193 947 3263 semina,
970 3208 1042 3263 quae
1060 3194 1244 3249 inuerecunda
1261 3194 1404 3262 postulans
1422 3198 1451 3248 et
1468 3194 1553 3263 magi-

102 3289 231 3338 stratum
251 3282 406 3350 inquietans
424 3298 535 3338 eausam
552 3283 630 3338 dedit
647 3283 746 3338 edicto.
774 3298 883 3338 easurm
908 3282 973 3338 dum
991 3298 1104 3338 ameum
1122 3282 1246 3352 utrisque
1263 3281 1410 3337 luminibus
1428 3281 1554 3338 erbetum
1574 3290 1603 3332 se

103 3377 223 3442 praetor
246 3371 366 3440 repellit:
388 3371 517 3427 uidelicet
539 3371 614 3441 qued
636 3372 755 3442 insignia
777 3372 955 3442 magistratus
972 3371 1067 3426 uidere
1085 3375 1114 3427 et
1130 3371 1250 3426 reuereri
1267 3385 1322 3426 non
1339 3371 1435 3440 possit.
1471 3367 1555 3426 refert

105 3463 195 3516 etiam
214 3458 312 3514 Labeo
328 3457 482 3514 Publilium
496 3475 609 3516 mum
627 3459 791 3530 Asprenatis
809 3459 879 3518 Noni
902 3464 1008 3529 patrem
1031 3475 1130 3515 auersa
1153 3459 1221 3514 sella
1243 3460 1364 3514 aBrute
1382 3459 1553 3526 destitutum,

107 3565 173 3604 eum
192 3547 281 3603 uellet
296 3547 444 3616 postulare.
472 3549 598 3615 quamuis
616 3553 709 3603 antem
727 3563 826 3604 eaeeus
843 3563 893 3617 pro
912 3549 965 3604 ulio
982 3549 1121 3618 postulare
1140 3563 1194 3602 non
1208 3548 1304 3616 possit,
1322 3552 1415 3602 tamn
1434 3543 1555 3630 Q

108 3643 137 3693 et
160 3636 335 3692 senatorium
357 3634 478 3690 ordinem
502 3637 601 3692 retinet
619 3641 647 3693 et
665 3636 804 3692 iudieandi
821 3635 912 3692 efficio
929 3634 1062 3706 iungrhrr.
1097 3636 1228 3705 numquid
1246 3651 1313 3705 ergo
1331 3639 1360 3690 et
1377 3636 1556 3705 magistratus

110 3741 208 3796 gerere
226 3723 337 3794 possit?
363 3722 413 3778 sed
436 3723 471 3779 de
488 3724 540 3780 hoe
558 3724 777 3780 deliberabimus,
809 3728 900 3778 exstat
917 3724 1028 3793 quidem
1047 3726 1201 3794 exemplum
1220 3725 1293 3793 eius,
1317 3733 1364 3792 qus
1381 3724 1482 3794 gessit:
1501 3721 1554 3807 Q)
1574 3732 1603 3773 se

111 3813 222 3884 Appius
240 3811 361 3880 denique
379 3811 509 3868 Claudius
527 3827 626 3868 eaeeus
644 3813 764 3868 eonsiliis
780 3812 898 3881 publicis
916 3813 1047 3868 intererat
1064 3819 1093 3868 et
1109 3813 1138 3868 in
1156 3817 1255 3868 senatu
1272 3805 1474 3868 seuerissimam
1487 3812 1557 3867 dixit

113 3901 279 3958 mumadam
304 3900 339 3956 de
356 3899 453 3972 Pyrrhi
475 3901 600 3970 captiuis.
636 3900 686 3957 sed
709 3902 806 3957 melius
829 3904 872 3956 est
893 3904 926 3957 ut
946 3900 1070 3957 dieamus
1088 3901 1205 3957 retinere
1223 3900 1334 3971 quidem
1352 3901 1408 3956 iam
1425 3905 1553 3970 eoeptum

3 4043 5 4048 -
113 3999 241 4068 ΜΠ)

115 4134 122 4166 ¹
138 4134 263 4186 similiter
280 4130 322 4184 B:
331 4132 390 4206 fie't
398 4132 461 4201 sere
478 4129 620 4186 habendae
638 4130 751 4186 rationis
763 4145 847 4186 musa
859 4130 965 4186 deeoris
980 4131 1023 4186 sui
1039 4145 1160 4200 suaeque
1177 4130 1319 4200 dignitmis
1336 4129 1455 4186 tuendae
1472 4145 1556 4184 eausa

113 4255 129 4308 i
141 4253 293 4340 preposuit
310 4253 338 4306 P
379 4251 582 4318 bsul'o'oausa
597 4255 624 4306 F
662 4253 808 4309 hordines
861 4255 911 4308 BS
922 4253 1046 4326 (Stephh
1065 4255 1203 4325 bapeauia.
1223 4253 1412 4324 oepharniaP,
1425 4251 1555 4323 ehephar-

113 4325 142 4379 'si
161 4341 229 4380 nam
256 4325 285 4377 F
332 4325 349 4377 'l
375 4321 544 4393 p'ot'ermisit
568 4325 618 4391 F!
642 4323 807 4394 quibusdum
861 4324 908 4378 nia
923 4325 954 4389 V,
973 4322 1095 4379 eaiarnia
1115 4325 1141 4378 U
1191 4327 1226 4379 26
1238 4324 1331 4379 uideri
1352 4325 1391 4378 P·
1406 4326 1411 4391 Ι
1426 4324 1554 4394 reuereri]

112 4396 147 4448 i*
166 4399 225 4460 (ern.
239 4393 315 4461 m.3)
367 4394 501 4448 semim
518 4395 557 4447 F’
609 4397 642 4449 11
662 4395 808 4450 exe'a'usa-
861 4395 971 4449 redueri
982 4395 1023 4448 P⁰
1069 4396 1103 4450 21
1122 4394 1257 4450 'et'etiam
1272 4397 1312 4464 Fi
1328 4395 1450 4464 publium
1462 4396 1554 4450 PVU:

112 4467 152 4521 uit
175 4468 203 4520 F
271 4466 307 4520 14
331 4463 602 4534 respon'pen'sitaese
624 4465 671 4529 1²²,
698 4480 808 4536 respon·
862 4465 1010 4527 lloieirudu
1029 4483 1087 4519 uua
1104 4465 1155 4520 BS
1172 4467 1298 4538 (Stepls.):
1317 4470 1350 4537 es.
1367 4467 1423 4520 Uel.
1439 4465 1513 4520 Mas.
1528 4467 1554 4532 8,

73 4541 76 4548 ’
112 4536 186 4592 disse
208 4535 332 4590 F³PVU
350 4537 355 4604 Ι
375 4534 598 4606 prohibet‘ur'F2
651 4537 684 4590 17
704 4536 808 4592 obtem·
861 4538 919 4601 7,5
941 4537 946 4605 l
968 4537 1107 4606 espenatis
1124 4537 1172 4601 1²⁰,
1196 4537 1334 4606 aspernati
1352 4536 1428 4601 PlU,
1448 4535 1554 4608 'Aesep-

143 4647 145 4650 -
245 4607 338 4676 tP·1
359 4613 526 4662 coutamur*
543 4607 728 4676 plecteretur
744 4609 783 4662 F’
802 4608 807 4677 Ι
863 4607 944 4671 abror
975 4607 1079 4671 Νόκκογ
1108 4607 1159 4660 BS
1186 4608 1305 4679 (Stepls)
1330 4609 1335 4675 Ι
1359 4607 1477 4663 aduersa
1502 4607 1559 4662 PV

146 4677 225 4734 bebit
247 4679 289 4732 P·
348 4679 384 4732 20
405 4681 572 4748 proponetur
595 4677 669 4746 PU!
690 4678 738 4747 qui
759 4693 809 4749 pro
862 4679 897 4733 29
916 4675 1142 4748 fungitur1PVU
1157 4697 1212 4733 mm
1228 4687 1330 4750 yeneno
1344 4681 1408 4743 loeo,
1425 4676 1555 4748 iungetur

112 4750 171 4804 aliis
189 4765 225 4805 ne
243 4748 394 4820 postulent]
420 4749 516 4802 oirrusc
538 4747 638 4818 eripere
656 4750 808 4822 cruuropsiu
862 4750 902 4816 Fi
918 4749 1048 4816 namquid
1066 4748 1123 4814 ΡΙ
1144 4753 1172 4802 et
1190 4767 1238 4802 om.
1251 4749 1308 4801 sff-
1341 4750 1377 4804 30
1394 4748 1554 4804 deliberabi-

111 4820 175 4882 eisd
184 4821 308 4882 eluserat
319 4819 371 4874 BS
379 4819 492 4891 (8111111)
509 4818 514 4887 Ι
529 4819 667 4890 exeipitP
699 4821 809 4890 221110-
862 4819 979 4887 musPl
995 4817 1123 4873 exst‘it'at
1141 4820 1169 4883 i}
1187 4824 1216 4873 et
1234 4823 1311 4874 extat
1326 4819 1358 4884 V,
1377 4825 1405 4874 et
1422 4825 1496 4875 estat
1512 4819 1553 4888 Ul

112 4890 187 4946 hibet
204 4891 326 4958 omPl
347 4905 399 4946 nee
417 4893 514 4945 eontra
531 4891 559 4942 F
605 4891 641 4945 23
658 4904 710 4945 nee
727 4891 809 4945 uirili·
862 4890 918 4960 qui]
943 4889 1020 4958 quiui
1037 4890 1083 4958 ΡΙ
1103 4890 1209 4959 gessit
1231 4891 1269 4944 F³
1332 4890 1367 4946 ei
1390 4889 1495 4947 eladius
1518 4891 1556 4944 P

111 4960 164 5018 bus
181 4961 297 5030 (uiribus
314 4961 367 5030 Ρ’)
384 4960 469 5016 PVU
518 4960 555 5016 24
572 4958 701 5031 oariania]
719 4963 809 5017 Feum
861 4961 898 5016 32
915 4959 1010 5031 piirrhi
1028 4961 1072 5026 Ρ,
1090 4961 1181 5032 pyrrls
1199 4959 1266 5016 ΡΗ*
