3674 5362
209 175 277 226 um
298 176 437 226 comm
535 141 538 156 '
879 153 968 234 403
1385 211 1386 214 a
1425 155 1507 225 liiii
1526 161 1547 226 e
1565 167 1645 222 5—⁷

161 323 190 369 ιι
208 315 289 371 ludos
307 315 394 372 edens
410 319 521 384 praetor
538 314 671 370 scaenids
689 312 883 383 commodsuit,
901 314 947 370 nel
964 313 1018 384 ipsi
1034 313 1154 383 praetori
1172 312 1234 382 quis
1251 313 1323 370 uitro
1340 313 1535 370 commodeuit
1566 315 1647 372 Nunc

208 403 372 474 uidendum,
396 403 426 458 in
449 401 549 473 quibus
572 401 717 473 speciebus
740 401 906 458 commodati
928 402 1002 458 actio
1024 403 1114 458 locum
1138 401 1248 457 hebeat
1284 405 1314 458 et
1331 407 1375 458 est
1392 402 1466 472 apud
1483 408 1593 460 ueteres
1611 404 1646 461 de

162 499 192 545 ie
208 490 365 548 huiusmodi
382 491 527 562 speciebus
544 490 709 546 dubitatum.
735 491 805 548 Rem
821 489 872 546 tibi
890 489 965 560 dedi,
980 490 1152 548 utoreditori
1163 495 1212 548 tuo
1224 489 1332 560 pignori
1344 490 1437 546 dures:
1456 491 1573 548 dedisti:
1590 508 1647 548 non

209 581 380 651 repigncres,
398 583 430 634 ut
446 579 512 634 milri
529 579 638 635 reddas.
668 577 762 634 Labeo
779 579 820 634 eit
837 579 1003 634 commodati
1021 579 1156 634 actionem
1173 579 1264 634 locum
1281 578 1397 647 babere,
1416 579 1491 648 quod
1508 595 1561 650 ego
1578 587 1646 652 puto

209 683 305 724 nerum
323 683 393 737 esse,
411 668 464 724 nisi
481 683 593 724 merces¹
603 668 763 723 interuenit:
780 673 848 724 tunc
865 667 937 722 enim
956 668 1000 723 uel
1017 668 1046 724 in
1063 665 1166 724 iscium
1184 668 1229 722 uel
1246 682 1282 724 ex
1299 667 1390 724 luceto
1408 667 1543 724 conducto
1562 685 1646 739 egen-
1664 679 1679 722 c

209 756 275 811 dnm
294 758 354 812 erit.
380 757 462 826 plene
480 757 505 812 si
522 771 576 827 ego
592 771 643 827 pro
660 759 689 811 ie
706 771 764 812 rem
782 757 890 826 pignori
906 755 1009 812 dedero
1026 761 1076 812 tna
1093 756 1243 826 uoluntate,
1261 755 1383 812 mandeti
1400 756 1454 811 erit
1464 757 1545 812 aetio.
1573 757 1646 814 idem

209 844 303 900 Labeo
319 848 395 900 recte
412 845 492 915 dicit,
514 845 539 900 ai
557 861 575 900 a
592 860 636 904 me
654 845 736 916 culpe
753 844 826 900 absit
842 844 1048 915 repignerandi,
1071 845 1192 901 creditor
1209 849 1302 902 sutem
1320 845 1388 900 nolit
1404 843 1519 900 reddere
1536 845 1646 917 pignus,

209 939 365 1004 competere
382 932 433 988 irbi
450 933 487 988 ad
505 932 557 989 boc
574 933 720 989 dummxat
736 933 915 1004 commodati,
936 938 968 988 ut
984 932 1036 988 tibi
1053 934 1175 990 acdones
1193 933 1326 989 aduersus
1344 947 1407 988 eum
1426 939 1571 1003 praestem.
1599 934 1646 992 ab·

209 1035 271 1078 esse
289 1025 381 1078 autem
399 1022 482 1092 culpa
496 1021 699 1090 succidetur,
717 1022 777 1078 siue
788 1023 843 1077 ism
856 1021 926 1078 solui
937 1022 1081 1092 pecuniam
1094 1022 1153 1078 siue
1166 1021 1273 1078 soluere
1285 1036 1346 1076 sum
1358 1025 1479 1090 paratm
1506 1029 1647 1093 sumptum

164 1117 192 1163 le
209 1111 290 1181 plane
307 1111 363 1166 litis
380 1115 525 1179 ceteraque
544 1124 663 1179 aequum
681 1114 725 1166 est
741 1125 805 1165 eum
823 1109 1001 1180 adgnoscere,
1020 1110 1069 1180 qui
1085 1109 1289 1166 commodatum
1307 1109 1422 1179 accepit
1458 1108 1488 1166 Si
1506 1127 1550 1168 me
1567 1126 1646 1182 roga·
1666 1124 1694 1164 ro

209 1199 295 1268 ueris,
320 1203 352 1254 ut
375 1213 487 1256 semum
510 1197 560 1253 tibi
583 1213 646 1253 cum
669 1199 749 1254 ianoe
772 1197 974 1254 commodarem
991 1203 1021 1254 et
1037 1213 1135 1254 seruus
1151 1197 1258 1254 lancem
1276 1197 1438 1268 perdiderit,
1462 1197 1591 1256 Cardine
1608 1201 1648 1256 eit

209 1288 359 1358 periculum
377 1287 414 1342 sd
430 1291 459 1342 te
477 1287 622 1357 respicere,
640 1301 703 1341 nem
721 1290 750 1341 et
767 1287 872 1342 lancem
890 1287 978 1350 uideri
995 1286 1212 1342 commodatum:
1230 1301 1315 1356 quare
1333 1286 1442 1356 cuipam
1459 1287 1488 1342 iu
1506 1302 1567 1343 enm
1580 1303 1647 1358 quo·

209 1389 263 1446 qus
280 1375 482 1447 praestandam.
508 1375 591 1445 plene
608 1375 633 1430 si
650 1389 747 1432 seruus
765 1391 828 1431 cnm
846 1390 881 1431 ea
897 1373 1012 1445 ingerit,
1036 1389 1100 1430 sum
1117 1375 1165 1444 otri
1182 1374 1385 1430 commodatum
1404 1375 1510 1446 accepit
1528 1391 1584 1434 non
1606 1382 1646 1433 te

164 1465 276 1535 lineri,
294 1465 347 1519 nisi
364 1462 447 1533 ingan
464 1463 601 1534 praestitit
618 1464 735 1533 culpam.
764 1463 794 1520 Si
812 1463 847 1520 de
865 1479 909 1518 me
926 1464 1053 1534 petisses,
1071 1468 1104 1518 ut
1120 1463 1267 1518 triclinium
1284 1462 1336 1520 tibi
1347 1467 1498 1518 sternerem
1510 1469 1539 1520 et
1550 1481 1647 1536 argeu-

210 1557 269 1610 tum
287 1551 323 1608 ed
342 1552 521 1608 ministerium
535 1550 704 1622 praeberem,
722 1557 752 1608 et
762 1550 862 1623 iecere,
880 1552 984 1608 deinde
997 1551 1124 1622 petisses,
1142 1555 1175 1608 ut
1191 1551 1265 1606 idem
1283 1551 1409 1621 sequenti
1426 1551 1472 1606 die
1487 1550 1606 1610 boetem
1618 1557 1647 1610 et
1665 1565 1694 1607 rs

210 1655 273 1697 cum
295 1640 437 1698 commode
460 1644 605 1710 urgentem
629 1639 703 1696 domi
725 1638 828 1696 referre
850 1655 906 1696 non
928 1655 1052 1711 possem,
1077 1638 1116 1696 ibi
1138 1638 1191 1696 boc
1213 1640 1347 1709 reliquero
1367 1639 1378 1708 Ι
1396 1643 1426 1694 et
1442 1639 1567 1710 perierit:
1592 1657 1648 1712 qua
1664 1646 1745 1700 taoe'

209 1731 318 1786 aotime
335 1729 382 1800 agi
398 1729 487 1800 possit
503 1732 532 1784 et
550 1729 628 1784 cuius
644 1733 720 1785 esset
736 1729 907 1800 periculum?
938 1728 1032 1785 Labeo
1050 1729 1086 1784 de
1103 1729 1225 1799 periouio
1242 1728 1354 1798 scripsit
1370 1727 1646 1802 multumiutsresse,

209 1817 352 1874 custodem
369 1818 450 1889 posui
468 1833 504 1872 en
521 1831 589 1872 non:
608 1817 633 1872 si
650 1817 739 1887 posui,
758 1817 794 1872 ed
812 1832 856 1872 me
874 1818 1024 1888 periculum
1038 1823 1171 1888 spectare,
1190 1817 1325 1886 siminus,
1343 1816 1380 1872 ed
1392 1831 1455 1872 eum
1466 1832 1553 1887 penes
1565 1834 1645 1889 quem

208 1907 333 1962 relictum
351 1909 404 1962 est
430 1921 484 1976 ego
501 1910 570 1977 puto
587 1903 753 1961 commodati
771 1906 882 1976 quidem
900 1905 1051 1976 agendum,
1069 1921 1167 1962 nerum
1185 1904 1341 1962 custodiam
1359 1920 1423 1960 eum
1440 1911 1582 1975 praestare
1599 1907 1645 1964 de·

163 2003 192 2049 is
208 1993 287 2065 bere,
311 2010 398 2066 penes
412 2009 498 2065 *quem
514 2009 560 2050 res
576 1994 689 2048 relictae
705 1998 784 2064 snut,
801 1995 855 2050 nisi
872 1993 947 2050 aliud
964 1994 1125 2050 nominatim
1143 1993 1282 2049 conuenit
1317 1992 1347 2048 si
1365 1992 1473 2050 duobus
1491 1994 1646 2052 uehiculum
1665 2007 1695 2048 ao

208 2083 411 2139 commodatum
429 2084 466 2138 sit
482 2083 528 2138 uei
543 2083 664 2138 locutum
681 2082 772 2152 simul,
790 2082 888 2138 Celeus
902 2081 975 2138 iilius
987 2082 1083 2138 scribit
1092 2081 1163 2138 libro
1174 2086 1255 2138 sexto
1266 2081 1436 2152 digestorum
1449 2084 1544 2152 quaeri
1554 2099 1647 2156 posse,
1674 2154 1677 2162 k

208 2176 298 2228 uuum
316 2172 505 2242 nnnsqrrisque
522 2185 617 2226 eorum
634 2170 664 2225 in
681 2170 798 2226 solidum
817 2187 853 2226 an
870 2185 921 2241 pro
938 2175 1017 2242 parte
1033 2175 1168 2226 teneatur.
1195 2175 1225 2226 st
1242 2170 1283 2226 ait
1299 2169 1416 2228 duorum
1433 2171 1545 2240 quidem
1563 2173 1592 2228 in
1602 2188 1646 2230 so·

207 2261 293 2316 lidum
310 2259 461 2315 dominium
478 2260 524 2315 nel
541 2259 744 2329 possessionem
760 2273 823 2315 esse
840 2273 895 2316 uon
912 2274 1008 2330 posse:
1026 2273 1079 2316 nec
1096 2273 1261 2329 quemquem
1273 2258 1360 2328 pertis
1372 2260 1494 2329 corporis
1506 2259 1646 2318 dominum

208 2363 278 2420 esse,
296 2349 347 2406 sed
362 2349 449 2404 totius
466 2348 588 2418 corporis
604 2361 655 2418 pro
672 2347 791 2404 indiuiso
808 2363 858 2418 pro
875 2352 954 2418 parte
972 2347 1122 2404 dominium
1139 2346 1249 2404 bebere.
1275 2362 1356 2402 usum
1369 2351 1462 2402 eutem
1474 2347 1576 2406 balinei
1587 2350 1646 2419 qui·

208 2437 271 2493 dem
293 2437 340 2494 nsi
361 2437 483 2508 porticus
506 2436 552 2492 uel
575 2436 666 2506 campi
688 2435 903 2506 uniuscuiusque
925 2436 954 2491 in
976 2435 1095 2492 solcum
1117 2450 1181 2492 esse
1204 2437 1311 2505 (neque
1334 2435 1407 2490 enim
1424 2436 1515 2492 miuus
1533 2453 1578 2492 me
1595 2438 1645 2509 nti,
1664 2449 1694 2491 ss

208 2525 282 2596 quod
299 2530 329 2581 et
346 2525 416 2580 alim
432 2525 579 2592 uteretur):
597 2539 694 2580 uerum
711 2525 740 2580 in
757 2524 884 2580 uehiculo
902 2524 1075 2581 commodato
1092 2525 1139 2580 uel
1154 2523 1245 2580 locuto
1262 2539 1313 2593 pro
1330 2528 1409 2593 parte
1421 2523 1532 2595 quidem
1544 2525 1645 2582 effectu

208 2628 253 2670 me
274 2629 356 2669 usum
378 2613 493 2683 babere,
516 2613 582 2682 quia
600 2627 656 2668 non
673 2613 766 2668 omnia
782 2613 844 2669 loce
860 2612 979 2669 nebiouii
995 2618 1111 2670 moena.
1143 2612 1195 2668 sed
1212 2626 1275 2668 esee
1292 2612 1385 2668 uerius
1403 2613 1444 2668 ait
1460 2617 1489 2668 et
1506 2613 1599 2670 dolum
1617 2618 1646 2670 et

208 2702 316 2772 culpem
339 2705 369 2757 et
390 2702 560 2772 dilgentiam
583 2704 613 2757 et
633 2699 786 2756 custodiam
809 2701 838 2757 iu
859 2705 950 2758 totum
973 2717 1018 2758 me
1039 2704 1181 2773 praestare
1198 2699 1313 2756 debere:
1337 2716 1422 2771 quare
1440 2701 1496 2757 duo
1513 2702 1644 2771 quodem·

208 2791 289 2847 modo
306 2790 347 2846 rei
364 2788 537 2847 habebuntur
553 2793 590 2860 st,
608 2789 633 2846 si
650 2789 720 2846 ulter
736 2794 889 2846 conuentus
905 2791 1082 2861 praestiterit,
1098 2788 1226 2847 liberabit
1242 2790 1359 2846 alterum
1377 2794 1406 2846 et
1422 2788 1557 2848 ambobus
1570 2806 1644 2848 com·

207 2879 278 2950 petit
293 2877 360 2934 furti
377 2879 459 2950 ecto,
930 2891 932 2894 ·
1663 2891 1694 2936 sc

173 2967 191 3027 6
260 2969 432 3025 Postremus
448 2966 518 3024 libro
534 2967 631 3039 quinto
648 2965 685 3023 sd
701 2964 843 3023 Sabinum.
869 2970 902 3023 ut
918 2966 1049 3024 slmrutro
1065 2970 1167 3038 egecio
1182 2966 1295 3024 uanus
1306 2965 1380 3024 actio
1391 2970 1487 3024 contra
1504 2962 1645 3053 [iffi—fe
1663 2975 1698 3032 s·

208 3055 295 3113 iurem
313 3057 432 3112 tolletur.

172 3145 191 3205 'i
261 3144 412 3202 Ummrrus
428 3142 497 3201 libro
513 3143 665 3200 uicensimo
682 3147 782 3200 octauo
800 3141 837 3198 ed
853 3142 983 3200 edictum.
1020 3141 1100 3200 Unde
1116 3143 1271 3215 quaeritur,
1294 3143 1405 3200 eialtm
1422 3141 1488 3200 furti
1506 3139 1645 3230 [affl
1663 3153 1685 3210 s

207 3234 308 3304 egerit,
330 3249 367 3290 an
383 3234 444 3303 ipse
461 3233 537 3290 solus
554 3231 655 3289 debeat
671 3231 838 3290 commodati
855 3231 1004 3288 conueniri.
1036 3236 1066 3287 et
1083 3232 1123 3288 eit
1140 3231 1251 3302 Celsus,
1272 3232 1297 3288 si
1314 3232 1384 3288 aiter
1401 3233 1580 3290 conueniatur
1597 3234 1645 3305 qui

206 3320 273 3378 inrti
289 3337 345 3379 non
362 3323 428 3392 egit,
446 3325 476 3378 et
491 3325 606 3391 paratus
622 3321 659 3376 sit
675 3321 796 3391 periculo
814 3335 866 3378 suc
883 3320 1023 3378 conueniri
1039 3320 1156 3378 mierum
1174 3321 1222 3391 qui
1239 3318 1306 3376 iusti
1320 3321 1429 3391 egendo
1440 3323 1547 3380 lucrum
1557 3325 1646 3380 sensit
1663 3335 1693 3380 se

177 3424 189 3470 ι
207 3425 243 3466 ex
264 3425 295 3467 re
316 3409 504 3480 commodate,
526 3409 628 3466 debere
651 3423 715 3464 eum
736 3409 826 3487 audiri
843 3414 873 3465 et
889 3409 1005 3466 absolui
1041 3407 1097 3465 Sed
1114 3409 1139 3464 si
1155 3409 1225 3479 legis
1241 3408 1370 3479 Aquiliae
1388 3409 1522 3468 aduersus
1539 3411 1644 3468 socium

207 3499 267 3556 eius
284 3497 383 3556 babuit
399 3497 587 3554 commodator
603 3497 748 3568 actionem,
765 3496 915 3554 uidendum
932 3497 993 3568 erit,
1010 3511 1046 3554 ue
1063 3495 1164 3568 cedere
1180 3496 1289 3567 debeat,
1307 3495 1414 3554 ritorto
1426 3498 1557 3556 murnum
1568 3499 1645 3556 dedit

207 3588 289 3659 siler,
308 3587 383 3658 qnod
399 3586 445 3642 hic
462 3587 510 3657 qni
526 3587 689 3642 conueniens
705 3585 872 3642 commodati
888 3587 998 3643 actione
1014 3585 1116 3642 sermre
1133 3586 1317 3656 compellitur:
1341 3601 1406 3642 nem
1423 3592 1453 3643 et
1469 3588 1495 3644 si
1511 3587 1645 3644 aduersus

207 3677 297 3747 ipsum
315 3675 411 3732 babuit
427 3675 555 3746 Aquiliae
573 3676 709 3732 ectiomm
727 3674 927 3746 commodam,
950 3675 1145 3745 nequissimum
1163 3678 1220 3746 eet,
1244 3679 1276 3732 ut
1293 3674 1459 3732 commodati
1476 3676 1585 3747 agendo
1602 3691 1644 3734 re·

208 3766 301 3822 mittat
317 3765 466 3821 wionem:
484 3765 538 3820 nisi
554 3762 625 3821 ioris
641 3764 704 3834 quis
722 3763 822 3820 dixerit
836 3763 946 3834 egendo
957 3777 1021 3820 eum
1032 3777 1049 3820 e
1060 3764 1122 3836 lege
1133 3762 1246 3834 Aquilia
1256 3763 1309 3822 boo
1321 3765 1411 3821 minus
1423 3771 1643 3837 consecuturum,
1662 3779 1692 3822 so

207 3869 290 3926 quam
307 3868 343 3911 ex
359 3867 445 3911 musa
461 3853 628 3911 commodati
644 3856 809 3911 consecutus
826 3856 883 3909 eet:
901 3851 976 3923 quod
992 3851 1103 3909 uidetur
1119 3851 1221 3910 hebere
1238 3853 1381 3910 mliorem.

207 3967 396 4041 summ]

206 4137 403 4208 impignores
421 4138 465 4201 1³¹,
486 4137 662 4208 repigussras
679 4137 719 4191 P·
772 4136 898 4193 blocetc
950 4135 1046 4204 PLUl
1061 4140 1201 4192 ueteretur
1214 4137 1262 4203 P0,
1280 4140 1392 4192 ueretur
1405 4135 1433 4190 V
1474 4136 1508 4190 27
1522 4135 1641 4206 teneam]

207 4213 236 4264 et
252 4209 389 4264 conducto
408 4209 515 4264 PVLU
560 4208 682 4264 ‘inoluit
698 4207 777 4262 PLU
817 4209 897 4263 Suc·
950 4207 1010 4272 LU,
1026 4209 1123 4263 teucer
1139 4207 1204 4275 FP}
1220 4222 1302 4263 uerus
1320 4208 1362 4262 P·
1409 4207 1444 4262 29
1460 4205 1589 4261 liberauit
1605 4207 1642 4259 1²¹

206 4279 308 4335 tionem
325 4279 433 4334 PVLU
482 4281 643 4350 isumptus
660 4278 739 4334 PLU
786 4279 820 4333 11
838 4293 897 4333 car-
950 4279 985 4333 31
998 4281 1079 4334 ut...
1092 4279 1259 4349 32tolletur]
1273 4279 1341 4342 W,
1356 4278 1557 4333 et...toilstur
1569 4277 1642 4342 ΡΨ,

206 4351 281 4406 tilius
299 4351 347 4477 Ἥ
367 4369 415 4405 om.
428 4351 544 4406 F’PVL
597 4351 632 4406 14
649 4349 703 4405 nisi
719 4346 803 4418 iugee
819 4363 897 4420 prae·
950 4349 1150 4406 et...toiietur
1167 4351 1257 4416 ΡΨ,
1279 4349 1515 4406 et...ioiliturL
1537 4348 1643 4414 {ulter-

207 4423 277 4477 silet
302 4437 319 4478 e
347 4421 421 4494 pem]
450 4422 473 4477 εἰ
499 4421 533 4476 uis
560 4421 610 4493 ipe
637 4421 686 4475 τῆς
708 4420 793 4486 esseio
816 4420 898 4476 cirroc
950 4419 1037 4476 ultro
1050 4421 1087 4475 F’
1126 4420 1162 4476 35
1177 4421 1315 4476 stauai·
1335 4423 1340 4489 Ι
1361 4419 1643 4489 conueninJF1t·lJ·,

207 4489 297 4560 ἰῐέκογ
315 4494 342 4548 Β
360 4493 469 4561 (Anca)
524 4493 559 4548 15
581 4490 729 4560 obiecero]
749 4489 897 4548 timerem
950 4491 1095 4547 conuenire
1113 4491 1264 4546 F’Ptlll‘:
1289 4493 1327 4546 sei
1346 4491 1411 4546 &itui
1429 4491 1543 4558 κικΔῨκῳ
1562 4489 1643 4552 siro?

207 4565 254 4629 P·,
272 4561 437 4620 obiacerem
460 4563 494 4619 U·
547 4566 581 4619 16
598 4562 742 4634 reliquero]
761 4563 832 4629 Μ,
855 4577 897 4618 re-
951 4563 1048 4618 onim·
1075 4562 1124 4618 rba
1152 4563 1281 4634 xpricesrs
1308 4565 1335 4618 Β
1362 4563 1482 4630 (Aaou.)
1552 4561 1587 4616 36
1612 4575 1643 4617 re

206 4633 328 4706 duquero
346 4635 488 4704 F¹PVUl
508 4635 574 4705 quia
596 4635 636 4689 P·
689 4635 723 4689 li
746 4633 898 4703 pericuio's’
952 4633 1428 4704 om.P·let]etu01P·Vilegs
1446 4632 1548 4702 aquilia
1565 4632 1646 4687 PVU

206 4707 302 4778 scrips.
319 4707 359 4761 Ρ
374 4708 379 4776 Ι
393 4706 545 4763 multn‘u’m
566 4706 600 4758 F’
654 4706 689 4760 18
705 4705 899 4776 posuitmeu
951 4705 986 4760 ei
1005 4704 1178 4761 commodato
1195 4705 1236 4760 P·
1255 4707 1260 4774 Ι
1280 4704 1400 4762 debeant
1421 4705 1494 4759 P⁰V
1512 4706 1517 4772 Ι
1537 4703 1644 4759 dederit

293 4867 303 4904 ι
542 4865 598 4904 nun

206 4919 242 4980 il
263 4920 392 4978 indiuisio
415 4921 454 4977 P·
474 4922 480 4992 l
500 4919 592 4978 balnei
614 4920 691 4976 ΡΜ]
742 4921 777 4975 26
800 4925 829 4976 et
849 4939 898 4976 om.

1369 5008 1432 5066 ψ
