3712 5370
232 207 321 275 XVII
343 211 357 273 1
379 213 478 268 8—10
904 199 993 278 482
1126 277 1131 288 ,
1513 221 1674 268 ιιιιιιιιιι

234 363 308 434 apud
325 363 415 418 bonae
432 360 497 416 fidei
514 365 665 430 emptorem
683 361 798 429 relinqui
816 359 925 430 debuit,
948 360 1092 429 Titiusque
1114 359 1204 430 pretio
1228 360 1318 414 soluto
1340 358 1456 414 liberum
1481 359 1557 414 illum
1575 373 1673 414 manu-

234 452 351 520 miserit,
376 465 440 504 mor
462 450 597 519 ingenuus
621 449 812 519 pronuntiatus
837 452 905 517 est1,
930 448 1032 504 hebere
1050 464 1112 504 eum
1131 449 1253 503 mandati
1271 447 1408 502 actionem
1426 449 1547 503 lulianus
1566 448 1605 502 ait
1623 447 1673 501 ad·

234 555 332 595 uersus
350 554 413 594 enm
432 539 476 592 cui
494 553 525 592 se
543 537 731 592 redimendum
750 537 905 606 mandauit,
926 537 975 591 sed
993 537 1046 593 hoc
1063 541 1171 592 tantum
1189 537 1279 591 inesse
1298 536 1419 590 mandati
1438 536 1553 604 indicio,
1571 539 1602 588 ut
1621 534 1674 589 sibi

234 630 356 683 actiones
375 627 499 696 mandet,
523 641 591 695 quas
614 626 697 680 habet
721 625 854 680 ιιιιιιιιιιι
880 641 941 680 eum
967 641 984 680 a
1006 641 1062 695 quo
1086 625 1264 695 comparauit.
1291 621 1372 692 plane
1397 624 1421 678 si
1438 639 1505 678 ¹¹eum
1528 623 1673 694 pecuniam

234 717 348 786 dederit,
368 731 438 786 quae
456 719 516 770 erat
534 731 568 770 ex
586 715 694 784 peculio
713 713 748 768 ad
765 713 854 769 bonae
865 712 929 768 fidei
942 721 1093 784 emptorem
1106 715 1267 784 pertinente,
1286 713 1378 767 nullae
1389 713 1531 782 ei,'inquit
1542 713 1673 781 lulianus,
1693 725 1707 767 s

234 805 358 860 mandari
375 806 497 859 actiones
515 808 644 876 possunt,
668 803 734 872 quia
751 803 839 857 nudas
858 801 952 872 habet,
977 819 1039 857 cum
1057 803 1083 856 ei
1101 817 1166 857 suos
1184 817 1310 856 nummos
1328 807 1435 871 emptor
1452 800 1572 856 dederit:
1596 800 1674 870 quin·

234 895 330 963 immo,
348 894 450 962 inquit,
470 908 505 947 ex
522 893 633 947 uendite
652 891 775 946 manebit
791 889 941 960 obligatus,
965 892 1015 946 sed
1033 897 1062 945 et
1079 890 1148 945 haec
1165 892 1238 946 aetio
1255 891 1359 945 inutilis
1377 893 1432 960 est,
1456 889 1521 958 quia
1539 894 1673 958 quantum

201 981 334 1038 s²fuerit
357 988 532 1050 consecutus,
557 985 664 1035 tantum
688 981 773 1050 empti
795 979 897 1034 iudicio
914 994 1028 1034 necesse
1048 979 1162 1034 habebit
1177 983 1327 1049 praestare.
1368 977 1491 1032 llandati
1513 978 1585 1033 sotio
1607 982 1675 1032 tnuo

234 1071 373 1141 competit,
392 1058 454 1124 cum
473 1069 564 1139 eoepit
581 1069 713 1123 interesse
731 1069 791 1122 eius
809 1067 856 1137 qul
874 1067 1027 1122 mandauit:
1047 1073 1169 1124 ceterum
1185 1068 1208 1122 si
1221 1067 1286 1121 nihil
1299 1067 1421 1135 interest,
1440 1072 1532 1121 cessat
1549 1065 1674 1121 mandati
1703 1101 1705 1104 -

234 1161 315 1228 actio,
334 1164 362 1214 et
380 1163 494 1214 eatenus
512 1157 650 1228 competit,
669 1162 806 1226 quatenus
823 1157 945 1210 interest.
972 1161 1005 1210 nt
1020 1162 1090 1225 puta
1107 1155 1236 1211 mandaui
1253 1155 1312 1224 tibi,
1331 1159 1363 1210 ιιι
1379 1155 1494 1210 fundum
1512 1171 1630 1210 emeres:
1650 1156 1674 1210 si
1692 1171 1722 1210 ιι

233 1249 364 1305 intererat
382 1261 444 1301 mea
461 1245 523 1315 emi,
542 1246 694 1300 teneberis:
713 1251 834 1300 oetemm
853 1245 877 1299 si
895 1243 1013 1298 eundem
1031 1243 1104 1300 hunc
1121 1243 1237 1299 fundum
1254 1260 1306 1314 ego
1319 1245 1379 1314 ipse
1391 1244 1445 1298 emi
1457 1245 1502 1298 uel
1520 1245 1590 1298 alins
1608 1243 1675 1298 mibi

234 1352 323 1406 neque
341 1337 455 1390 interest
473 1334 590 1404 aliquid,
613 1337 704 1390 cessat
722 1334 845 1388 mandati
864 1335 944 1389 actio.
972 1335 1113 1404 mundani,
1137 1338 1169 1388 ut
1186 1335 1298 1403 negotia
1316 1347 1440 1403 gereres:
1465 1333 1489 1386 si
1506 1332 1572 1388 nihil
1591 1332 1675 1401 depe-

233 1427 318 1495 rierit,
336 1425 462 1498 quamuis
481 1439 561 1478 nemo
579 1419 708 1493 gesserit,
727 1423 802 1478 nulla
819 1424 892 1478 actio
910 1428 966 1492 est,
984 1429 1034 1478 aut
1051 1425 1075 1478 si
1094 1424 1163 1478 alius
1182 1423 1280 1478 idonee
1298 1423 1423 1491 gesserit,
1442 1425 1534 1476 cessat
1551 1420 1675 1475 mandati

200 1524 215 1570 7
235 1515 315 1569 actio.
343 1513 418 1567 etin
436 1511 570 1567 similibus
589 1512 641 1566 hoo
659 1511 731 1566 idem
749 1513 801 1566 erit
819 1511 1000 1581 probandum.
1032 1511 1061 1568 Si
1079 1513 1237 1581 ignorantes
1254 1509 1431 1565 fideiussores
1449 1508 1601 1564 debitorem
1620 1509 1674 1564 sol·'

233 1603 308 1657 uisse
324 1601 472 1656 ueletiam
491 1600 699 1670 aooeptilatione
718 1601 876 1670 siue‘pacto
894 1600 1041 1656 liberatum
1056 1613 1099 1656 ex
1117 1599 1272 1654 substantia
1289 1598 1420 1654 debitoris
1439 1599 1593 1669 sciuerunt,
1618 1613 1675 1653 non
1694 1611 1723 1652 rs

200 1701 214 1748 s
233 1689 399 1746 tenebuntur
415 1689 546 1743 mandati.
583 1685 708 1754 Quodet
726 1687 915 1744 adactionem
933 1687 1102 1744 fideiussoris
1120 1689 1245 1758 pertinet.
1274 1693 1303 1742 et
1321 1688 1373 1743 hoc
1390 1703 1425 1742 ex
1444 1689 1576 1758 rescripto
1596 1687 1674 1742 diuo·

232 1795 293 1834 rnm
311 1777 426 1832 fratrum
443 1777 601 1846 intellegere
619 1777 695 1846 lieet,
720 1778 797 1832 ouium
821 1778 907 1833 uerba
928 1777 997 1832 haec
1015 1782 1093 1832 sunt:
1114 1775 1229 1832 ‘Catullo
1249 1777 1363 1832 Iuliano.
1391 1775 1421 1831 Si
1443 1775 1486 1845 hi,
1512 1777 1558 1846 qul
1576 1791 1627 1846 pro
1645 1781 1675 1832 tc

234 1865 440 1935 'fideiusserant
458 1866 486 1920 in
503 1866 632 1920 maiorem
646 1867 827 1935 quantitatem
845 1866 976 1936 damnati,
995 1881 1076 1936 quarn
1089 1865 1175 1919 debili
1190 1865 1260 1919 ratio
1272 1863 1409 1934 erigebat,
1428 1865 1546 1920 scientes
1565 1869 1593 1918 et
1610 1879 1674 1933 pru-

234 1955 338 2010 'dentes
357 1955 487 2009 auxilium
506 1954 698 2024 appellationis
716 1956 879 2024 omiserunt,
903 1955 1006 2024 poteris
1031 1953 1152 2010 mandati
1177 1953 1324 2023 agentibus
1346 1953 1389 2008 bis
1413 1954 1552 2022 aequitate
1574 1952 1674 2007 iudicis

233 2043 310 2098 'tueri
328 2043 373 2098 te'.
400 2043 485 2112 igitur
503 2044 526 2096 si
543 2043 749 2114 ignoranerunt,
769 2049 902 2098 excusata
918 2043 1075 2112 ignorantia
1092 2047 1148 2096 cat:
1173 2042 1196 2096 si
1215 2042 1349 2110 scierunt,
1373 2040 1550 2096 incumbebat
1567 2043 1608 2096 eis
1626 2056 1673 2096 ne·
1694 2055 1723 2096 ιι

233 2133 348 2186 cessitas
365 2131 542 2200 prouocandi,
562 2137 684 2186 ceterum
702 2131 765 2188 dolo
783 2132 888 2187 uersuti
905 2137 977 2201 sunt,
997 2131 1021 2186 si
1038 2145 1093 2186 non
1109 2135 1338 2200 prouocauerunt
1365 2130 1545 2199 quidtamen,
1564 2130 1588 2184 si
1604 2143 1673 2200 pau·

232 2225 326 2290 pertas
344 2220 385 2274 eis
403 2235 457 2274 non
475 2219 618 2289 permisit?
635 2226 768 2275 excusata
786 2225 829 2276 est
847 2235 941 2276 eorum
959 2220 1060 2288 inopia.
1089 2219 1139 2274 sed
1157 2225 1186 2273 et
1203 2220 1227 2273 si
1244 2223 1347 2274 testato
1365 2224 1550 2274 conuenerunt
1567 2217 1673 2273 debito

201 2321 216 2368 a
233 2323 299 2378 rem,
318 2313 349 2362 nt
366 2309 389 2362 si
407 2309 466 2378 ipse
484 2311 595 2376 putaret
613 2309 770 2378 appellaret,
790 2313 856 2377 puto
875 2309 1009 2363 rationem
1028 2308 1068 2362 eis
1086 2313 1221 2362 constare.
1250 2307 1320 2364 Dolo
1339 2311 1431 2362 autem
1449 2305 1540 2362 iacere
1554 2306 1672 2378 mdeuu,

184 2409 214 2456 ro
233 2398 281 2467 qni
298 2397 327 2451 id
345 2396 418 2466 quod
436 2401 528 2467 potest
544 2397 688 2451 restituere
706 2411 761 2452 non
779 2397 912 2452 restituit:
935 2395 1049 2466 proinde
1068 2396 1091 2450 si
1110 2395 1160 2450 tibi
1183 2395 1324 2465 mendaci,
1349 2401 1381 2450 ut
1402 2396 1540 2452 hominem
1558 2410 1673 2466 emeres,

233 2490 319 2554 tuque
336 2485 435 2554 emisti,
453 2484 590 2539 teneberis
609 2485 688 2554 mihi,
713 2491 744 2539 ιιι
761 2486 899 2539 restituas.
926 2484 976 2539 sed
995 2484 1065 2539 etsi
1083 2483 1147 2539 dedo
1165 2499 1256 2539 emere
1273 2485 1419 2554 neglexisti
1437 2483 1517 2552 (sorte
1536 2487 1608 2540 enim
1626 2499 1673 2555 po
1693 2501 1723 2542 ιι

234 2574 315 2629 onnia
333 2579 448 2642 accepte
465 2573 510 2628 elii
528 2574 637 2628 cessisti
654 2577 686 2628 ut
704 2576 823 2640 emeret)
847 2578 895 2628 aut
918 2574 942 2627 si
965 2574 1021 2627 lata
1039 2573 1124 2641 culpa
1148 2571 1229 2639 (forte
1253 2573 1276 2627 si
1300 2575 1390 2642 gratia
1407 2571 1625 2644 ductus'psssns
1643 2589 1674 2630 es

234 2662 317 2716 alium
335 2665 445 2731 emere),
462 2660 610 2717 teneberis.
638 2661 688 2716 sed
706 2663 776 2717 etsi
794 2677 891 2717 seruus
910 2675 992 2730 quem
1011 2661 1104 2716 emisti
1118 2659 1197 2731 sugit,
1217 2661 1241 2716 si
1252 2663 1362 2732 quidem
1376 2662 1439 2718 dolo
1451 2668 1508 2732 tuo,
1526 2661 1674 2732 teneberis,

234 2749 355 2805 sidolus
372 2765 427 2806 non
445 2749 593 2804 intemenit
609 2765 661 2804 nec
678 2751 772 2821 culpa,
796 2765 852 2806 non
869 2749 1007 2805 teneberis
1022 2750 1077 2804 nisi
1095 2750 1130 2804 ad
1148 2749 1214 2821 hoc,
1235 2755 1269 2805 ut
1286 2765 1399 2820 cauam,
1418 2752 1442 2806 si
1460 2753 1488 2807 lu
1506 2755 1673 2821 potestatem

235 2809 311 2893 triam
330 2839 494 2908 peruenerit,
512 2843 542 2892 te
559 2840 758 2894 restituturum.
784 2839 834 2894 sed
852 2844 881 2894 et
898 2839 922 2893 si
939 2839 1077 2907 restituas,
1096 2843 1125 2893 et
1142 2839 1250 2894 tradere
1264 2839 1357 2896 debes.
1385 2847 1413 2895 ιι
1425 2841 1449 2896 si
1460 2845 1572 2896 cantum
1584 2843 1627 2894 est
1639 2839 1674 2894 de

234 2927 370 2982 suictione
388 2927 433 2982 uel
451 2933 530 2996 potes
548 2927 719 2998 desiderare,
738 2933 769 2983 ut
786 2927 837 2982 tibi
855 2932 999 2996 caueatur,
1017 2931 1085 2996 puto
1103 2925 1242 2997 sufficere,
1261 2929 1285 2983 si
1302 2928 1369 2984 milri
1386 2929 1439 2983 hac
1456 2929 1565 2984 actone
1582 2927 1674 2999 cedas,
1693 2944 1723 2986 ιι

234 3019 266 3070 ut
282 3020 486 3085 procuratorem
505 3031 549 3071 me
567 3016 595 3070 in
614 3031 671 3071 rem
689 3031 779 3072 meam
797 3015 892 3085 faciae,
910 3031 963 3070 nec
980 3016 1096 3086 amplius
1113 3020 1239 3088 praestes
1256 3033 1339 3086 quam
1357 3019 1555 3072 consecuturus
1573 3017 1620 3072 sis.

196 3107 215 3166 9
287 3104 407 3160 Pronus
428 3103 497 3160 libro
520 3104 681 3173 uigensimo
704 3105 826 3162 secundo
850 3103 886 3160 ad
909 3105 1038 3160 euiemm.
1075 3104 1117 3160 De
1140 3111 1189 3162 tuo
1211 3107 1294 3162 etiam
1317 3105 1391 3162 facto
1412 3121 1512 3162 cauere
1535 3101 1715 3190 [s‘r‘ffes

234 3190 328 3247 debes.
1031 3231 1032 3236 ι
1551 3182 1674 3190 ’ψ

177 3284 217 3344 10
288 3280 439 3336 Unemuus
456 3279 525 3337 libro
542 3281 702 3350 trigensimo
720 3281 808 3350 primo
826 3280 862 3336 ad
880 3281 1009 3337 edictum.
1037 3282 1168 3353 idemque
1186 3289 1215 3338 et
1232 3284 1260 3338 in
1278 3283 1376 3353 fundo,
1395 3283 1419 3337 si
1437 3281 1497 3338 fun-
1516 3276 1674 3366 Q
1693 3295 1715 3348 s

234 3368 299 3423 dum
324 3369 390 3422 emit
412 3376 586 3438 procurator:
609 3369 676 3424 nibil
699 3369 771 3424 enim
795 3369 912 3440 amplius
935 3386 1018 3440 quam
1043 3371 1143 3427 bonam
1162 3371 1244 3428 fidem
1261 3377 1402 3443 praestare
1419 3387 1483 3427 eum
1500 3377 1609 3442 oportet
1626 3373 1674 3442 qui
1692 3389 1722 3432 ao

202 3473 215 3518 1
234 3462 371 3526 procurat
405 3457 461 3512 Sed
481 3463 510 3512 et
527 3459 551 3512 si
570 3458 604 3512 de
622 3459 740 3513 sanimte
758 3460 831 3514 serui
849 3461 1019 3529 procuratori
1036 3466 1146 3516 cautum
1165 3465 1208 3516 est
1226 3467 1275 3516 aut
1292 3462 1383 3517 caueri
1400 3465 1493 3530 potest
1510 3465 1559 3516 aut
1576 3461 1611 3516 de
1629 3476 1673 3517 ce·

200 3546 300 3601 cteris
318 3545 402 3614 uitiis,
420 3545 493 3600 idem
512 3547 565 3600 erit
582 3547 736 3602 dicendum.
766 3548 830 3602 aut⁸
849 3547 872 3601 si
890 3548 972 3617 eulpa
990 3549 1083 3604 caneri
1100 3565 1155 3605 non
1170 3551 1316 3620 curauerit,
1335 3549 1569 3606 condemnabitur.
1596 3547 1626 3606 Si
1638 3564 1674 3605 ex

234 3633 320 3690 fundo
342 3649 424 3704 quem
443 3633 509 3689 mihi
526 3635 593 3690 emit
608 3640 769 3706 procurator
786 3633 891 3690 fruetis
910 3642 1074 3692 consecutus
1093 3643 1150 3708 est,
1173 3637 1225 3694 hos
1243 3655 1353 3710 quoque
1371 3637 1462 3694 officio
1479 3637 1577 3694 iudicis
1595 3655 1673 3710 prae·

201 3733 216 3779 ι
234 3728 308 3780 stare
327 3738 390 3778 eum
408 3727 524 3794 oportet
556 3721 566 3796 ΙΙ
588 3723 617 3780 Si
635 3731 795 3795 procurator
813 3741 890 3780 meus
908 3725 1053 3796 pecuniam
1073 3743 1160 3782 meam
1179 3727 1292 3799 habeat,
1315 3744 1351 3784 ex
1368 3743 1446 3784 mora
1462 3727 1557 3797 utique
1575 3744 1673 3784 usuras
1691 3735 1773 3789 taff

234 3812 300 3868 mihi
317 3811 429 3882 pendet
457 3812 507 3868 sed
522 3817 551 3868 st
563 3813 585 3868 si
598 3813 742 3883 pecuniam
756 3829 845 3868 meam
858 3811 962 3869 faenori
975 3814 1051 3869 dedit
1063 3832 1215 3886 usurasque
1227 3822 1391 3872 consecutus
1404 3823 1455 3886 est,
1473 3823 1674 3886 consequenter
1691 3833 1722 3874 so

234 3899 357 3955 dicemus
375 3899 476 3956 debere
493 3917 557 3956 eum
574 3905 715 3972 praestare
733 3907 984 3972 quantumcumque
1002 3905 1215 3960 emolumentum
1234 3906 1327 3976 sensit,
1347 3906 1406 3960 siue
1424 3906 1450 3960 ei
1467 3905 1596 3961 mardani
1613 3907 1673 3962 sius

232 4005 302 4147 ἓιίιὲζ
315 3988 487 4148 <wlmare
505 3989 569 4045 fidei
587 3989 639 4046 hoc
657 3991 791 4060 congruit,
810 4007 845 4046 ne
863 3991 898 4046 de
917 3992 1005 4048 alieno
1023 3993 1128 4049 lucrum
1146 3995 1261 4050 sentiat:
1279 3994 1395 4064 quodsi
1413 4010 1468 4050 non
1486 3995 1609 4050 exercuit
1625 4009 1673 4066 pe

304 4081 318 4148 l
368 4079 384 4147 l

235 4203 244 4238 ¹
264 4199 320 4257 sit?
390 4201 402 4237 ¹
420 4201 547 4258 uenditor
565 4212 611 4259 ius.
631 4203 770 4278 (Krueyer)
842 4207 901 4260 'at
918 4161 1020 4274 (idcelli

234 4325 405 4380 biblianus
423 4325 461 4378 Ρ
508 4327 660 4382 biulianus
678 4347 727 4382 era
740 4329 767 4382 P
810 4331 925 4399 'lquan-
977 4333 1040 4384 tuas
1059 4335 1088 4383 et
1106 4332 1145 4396 (et
1156 4349 1205 4384 em.
1219 4331 1269 4396 P⁶)
1284 4331 1392 4386 madere
1408 4329 1502 4400 debes]
1521 4335 1673 4402 confirment

233 4397 301 4465 tum]
327 4397 511 4466 inquantum
534 4399 575 4450 P·
645 4399 794 4454 Stantem
818 4420 866 4453 om.
886 4403 925 4454 Ρ·
979 4399 1118 4470 BS(nlt.):
1138 4400 1318 4457 ἂιιοκιθιιτῶιι
1338 4402 1368 4455 ιὲ
1387 4399 1483 4466 ὀφείλει
1502 4402 1670 4472 τριιιιεΐιιιι,

234 4468 251 4522 9
278 4467 382 4537 coperit
407 4467 435 4522 P
495 4471 529 4524 12
555 4469 656 4538 aliquia
679 4471 723 4534 F¹‚
751 4471 860 4541 aliquod
884 4473 925 4525 P⁰
978 4470 1181 4537 cruentiferis
1201 4473 1427 4541 urtsptossp.=brr
1447 4472 1612 4528 incessero
1632 4493 1670 4529 cor

1449 4176 1674 4186 -————--

234 4537 268 4592 15
286 4537 401 4593 liberato
421 4539 459 4592 P⁶
474 4541 479 4608 Ι
495 4539 641 4596 substantu
660 4543 695 4593 Ρ
712 4543 716 4608 Ι
732 4544 871 4597 soluerent
888 4543 923 4595 F¹
977 4541 1025 4596 τὸι
1038 4543 1141 4597 οικιτιιι
1180 4544 1216 4600 30
1228 4543 1397 4600 eui'a'ctione
1409 4545 1447 4598 pe
1463 4548 1467 4611 Ι
1483 4545 1538 4614 uel]
1550 4546 1589 4599 rei
1602 4544 1657 4599 PU
1665 4547 1671 4614 1

143 4651 146 4658 ι
234 4609 268 4662 17
295 4607 376 4663 huius
401 4610 479 4664 Taer.
503 4611 508 4676 1
532 4613 632 4667 catullo
655 4612 708 4666 PU
729 4614 734 4680 1
758 4614 861 4668 iulianu
886 4614 923 4666 F¹
977 4613 1068 4686 potes]
1085 4619 1179 4683 potest
1196 4616 1265 4670 Μ]
1277 4616 1281 4684 Ι
1297 4613 1457 4670 sufficere‘d'
1470 4617 1509 4668 F’
1554 4617 1588 4670 31
1608 4631 1672 4670 oon-

234 4679 268 4762 ι9
277 4681 468 4764 appellationis
477 4683 514 4734 F·
530 4685 534 4748 l
550 4684 743 4749 omiserintPl
759 4684 801 4738 his
811 4683 920 4750 om.P·l
977 4689 1089 4739 secutus
1102 4685 1141 4739 1³⁶
1152 4694 1220 4742 recle
1227 4690 1355 4759 sortasse,
1372 4687 1419 4741 sed
1429 4693 1519 4741 ceretro
1531 4687 1580 4740 BS
1592 4685 1671 4757 (ιιι.);

232 4748 322 4804 rudltu
340 4751 379 4805 P·
423 4753 458 4806 20
474 4752 640 4821 ignouomnt
654 4755 682 4807 P
727 4755 763 4809 22
780 4755 924 4810 conuenie-
977 4754 1010 4818 οῨ
1033 4754 1078 4826 γὰρ
1101 4757 1142 4811 bei
1166 4777 1193 4812 ιε
1217 4759 1296 4812 πλέοι
1320 4758 1439 4829 aspexere
1464 4756 1545 4830 οῨιιερ
1564 4757 1672 4812 helles

233 4825 298 4874 runt
314 4822 341 4874 F
383 4823 422 4876 *¹23
440 4823 466 4876 el
508 4824 567 4878 eius
585 4825 617 4890 P,
635 4833 684 4880 ine.
700 4824 735 4878 U·
750 4829 755 4893 l
770 4823 924 4882 constaret*
976 4825 1091 4882 inaneis
1169 4829 1204 4884 36
1231 4829 1378 4884 sanitatem
1406 4829 1473 4896 Ρ·Ἰ
1499 4835 1606 4884 ceteros
1633 4829 1670 4882 ΓΙ

232 4891 279 4954 F’,
298 4892 448 4947 consistere
490 4903 502 4926 ⁶
546 4896 581 4948 24
599 4893 654 4966 qui]
667 4894 703 4950 ob
716 4896 757 4949 P·
803 4899 837 4952 27
851 4911 923 4951 eme·
976 4899 1011 4952 41
1030 4897 1140 4968 debere]
1153 4899 1290 4956 dehabere
1301 4901 1343 4956 P·
1357 4901 1362 4969 Ι
1378 4897 1525 4956 mandabi
1537 4901 1582 4966 Γ),
1595 4915 1671 4956 man·

232 4960 343 5018 re's'lw
387 4965 422 5020 29
439 4965 597 5020 restiturum
615 4967 656 5020 P·
670 4969 676 5035 Ι
691 4965 742 5022 sed
759 4972 788 5023 et
805 4968 829 5024 si
846 4967 924 5026 resti·
976 4969 1054 5025 dauit
1071 4969 1109 5024 il·
