3652 5362
145 221 191 268 us
209 221 366 268 nomana
382 223 425 268 su
440 224 518 270 aar.
536 223 646 270 orsus.
822 197 908 280 795
1254 204 1372 272 XXVII
1394 209 1414 274 2
1432 214 1450 268 3
1469 243 1502 254 -
1522 209 1542 274 3
1562 213 1578 268 1

113 368 127 413 a
145 360 337 416 decernuntur.
371 361 403 416 ln
421 361 517 431 amplis
534 366 627 416 tamen
645 362 815 432 patrimoniis
832 362 929 432 positis
947 377 1002 417 non
1020 362 1145 418 cumulus
1162 363 1326 433 patrimonii,
1346 363 1396 418 ssd
1413 363 1487 433 qnod
1505 363 1579 419 exbi-

112 457 128 501 4
144 448 241 505 bitioni
258 448 400 518 frugaliter
417 448 519 505 sufficit
536 449 647 506 modom
661 451 795 506 alimentis
807 450 892 506 dabit.
920 449 975 506 Sed
988 451 1011 506 ei
1023 467 1077 506 nou
1090 455 1205 521 conatu,
1224 452 1285 521 quis
1298 451 1395 507 modus
1407 451 1579 508 facultatium

146 539 189 608 ait,
208 539 279 594 inter
295 543 414 594 tutorem
433 539 461 593 ct
479 553 550 609 eum,
569 539 615 609 qui
634 540 763 595 alimenta
780 539 891 594 decerni
909 537 1055 610 desiderat,
1074 541 1214 610 suscipere
1231 539 1315 596 debet
1332 541 1514 610 cognitionem
1529 557 1580 596 nec

145 633 248 682 temere
267 629 396 682 alimenta
413 627 568 697 uouemere,
587 644 621 682 ne
639 629 668 683 in
686 629 842 684 alterutram
862 633 967 698 partem
987 628 1139 698 delinquat:
1158 631 1233 699 prius
1250 635 1343 686 tamen
1361 630 1471 699 exigere
1488 627 1580 698 debet,

146 721 178 772 ut
194 715 355 788 profiteatur
372 722 453 785 tutor,
472 731 543 786 quas
561 717 598 771 sit
614 731 699 786 penes
717 731 748 771 se
766 731 881 785 summa,
901 720 930 772 et
945 718 1103 772 comminari
1116 719 1256 788 grauiores
1268 719 1294 773 ei
1306 734 1404 774 usuras
1415 717 1500 787 infligi
1512 717 1580 786 eius,
1599 733 1612 775 a

113 813 128 860 t
146 806 221 875 quod
239 821 322 876 supra
339 804 535 875 professionem
554 805 628 875 apud
645 820 708 860 eum
726 803 808 860 fuerit
826 805 1061 876 comprehensum.
1089 807 1165 862 Idem
1179 805 1188 874 ΙΙ
1203 807 1239 862 ad
1252 807 1458 862 instructionem
1471 821 1580 876 quoque
1598 819 1614 866 t.
1625 814 1680 865 set'

146 895 309 964 pupillorum
333 895 378 948 uel
395 895 611 949 adnlssoentium
629 895 808 964 pupillamm¹
827 895 872 949 usl
890 909 997 964 earum,
1022 911 1093 964 quae
1111 896 1183 951 intra
1199 897 1379 950 uicensimum
1397 911 1498 951 aunum
1516 911 1580 952 con·

113 991 127 1036 t
146 984 259 1038 adcolae
281 989 359 1052 sunt,
384 983 454 1038 solet
472 983 618 1038 decernere
636 989 762 1052 respectu
781 981 951 1038 facultatium
970 984 1115 1039 etaetatis
1134 999 1227 1040 eorum
1246 985 1292 1054 qui
1310 985 1488 1039 instruuntur.
1525 983 1580 1040 Sed

146 1072 169 1126 si
188 1072 268 1141 egeni
286 1071 341 1126 siut
357 1072 467 1142 pupilli,
490 1071 525 1126 de
544 1087 595 1126 suo
614 1087 661 1126 eos
680 1071 753 1126 alere
770 1076 845 1127 tutor
862 1087 917 1127 uon
935 1072 1113 1142 compellitur.
1147 1079 1176 1128 et
1193 1074 1217 1128 si
1234 1071 1305 1128 forte
1322 1078 1387 1143 post
1404 1072 1515 1128 decreta
1532 1074 1579 1128 ali·

145 1165 239 1215 menta
256 1160 291 1215 sd
310 1165 462 1230 egestatem
481 1158 563 1214 fuerit
579 1161 699 1229 pupillus
716 1160 873 1230 perductus,
892 1159 1014 1216 deminui
1032 1159 1134 1216 debent
1151 1177 1223 1231 quac
1237 1161 1348 1216 decreta
1360 1165 1431 1233 sunt,
1451 1162 1579 1232 quemad·
1600 1177 1627 1217 ro

145 1248 255 1303 modum
275 1249 364 1304 solent
382 1250 484 1318 augeri,
503 1249 611 1318 siquid
629 1249 791 1319 patrimonio
809 1249 964 1304 accesserit.

107 1334 127 1391 4
197 1338 339 1393 luurauus
362 1337 431 1392 libro
454 1338 585 1393 uicesimo
608 1338 695 1406 primo
719 1337 897 1406 digestorum.
934 1337 986 1402 Qui
1004 1335 1089 1392 lilium
1107 1337 1235 1394 heredem
1254 1339 1423 1409 instituerat,
1443 1333 1620 1422 [οἰοῖ-ᾗς

144 1424 216 1482 filiae
234 1427 307 1480 dotis
324 1427 443 1496 nomine,
461 1441 524 1480 cum
542 1427 570 1480 in
588 1424 692 1481 familia
709 1427 856 1496 nupsisset,
875 1425 994 1481 ducenta
1010 1427 1153 1495 lsgauerat
1169 1441 1220 1483 neo
1238 1429 1383 1497 quicquam
1399 1434 1541 1496 praeterea
1553 1432 1581 1484 st

144 1520 262 1570 tutorem
281 1515 321 1570 eis
340 1514 529 1584 Sempronium
548 1514 637 1570 dedit:
659 1516 683 1570 is
702 1531 719 1570 s
736 1515 861 1584 cognatis
879 1517 909 1569 st
927 1529 944 1569 a
960 1515 1120 1585 propinquis
1137 1516 1255 1586 pupillae
1272 1515 1423 1586 perductus
1441 1517 1476 1571 ad
1495 1517 1580 1586 magi·

144 1608 261 1658 stratum
282 1604 374 1659 iussus
392 1609 435 1658 est
453 1604 581 1658 alimenta
598 1605 717 1674 pupillae
735 1607 764 1659 st
781 1604 935 1674 mercedes,
959 1609 990 1658 ut
1007 1602 1167 1658 liberalibus
1185 1604 1290 1660 artibus
1308 1606 1507 1676 institueretur,
1531 1622 1580 1676 pu·
1599 1621 1628 1662 re

144 1693 226 1762 pillae
244 1692 353 1748 nomine
370 1693 594 1763 praeceptoribus
611 1693 690 1748 darc:
709 1693 796 1764 pubes
814 1691 905 1747 factus
922 1693 1042 1762 pupillus
1060 1691 1156 1762 puberi
1174 1693 1227 1748 iam
1246 1692 1336 1748 factae
1354 1695 1440 1750 sorori
1453 1709 1519 1749 suas
1531 1695 1580 1749 du·

145 1785 226 1836 centa
244 1781 327 1850 legati
345 1797 430 1836 causa
442 1783 532 1837 soluit.
559 1783 713 1852 quaesitum
726 1787 776 1852 est,
796 1797 830 1836 an
842 1781 945 1836 tutelas
957 1780 1058 1856 indicio
1069 1782 1200 1851 consequi
1211 1784 1306 1852 possit,
1325 1783 1399 1851 quod
1411 1784 1439 1838 in
1452 1784 1581 1838 alimenta

144 1871 264 1940 pupillae
282 1873 310 1925 et
328 1869 469 1926 mercedes
486 1887 504 1924 a
521 1877 611 1926 tutore
630 1886 664 1926 ex
683 1872 769 1926 tutela
786 1871 948 1940 praestitum
963 1871 1007 1924 sit.
1035 1869 1179 1939 respondi:
1197 1871 1332 1942 existimo,
1350 1873 1403 1927 etsi
1414 1872 1483 1927 citra
1494 1873 1580 1941 magi·

144 1965 279 2014 stratuum
304 1959 443 2014 decretum
467 1964 542 2015 tutor
560 1975 680 2016 sororem
697 1959 793 2030 pupilli
811 1959 853 2014 sui
871 1960 969 2014 aluerit
986 1962 1015 2014 et
1032 1957 1189 2015 liberalibus
1208 1959 1312 2015 artibus
1331 1961 1492 2030 instituerit,
1517 1976 1579 2016 cum

144 2046 213 2102 baec
231 2048 309 2102 aliter
327 2048 352 2102 el
370 2049 528 2118 contingere
546 2064 601 2104 non
619 2053 741 2119 possent,
760 2047 825 2103 nibil
843 2063 877 2104 eo
895 2048 1004 2103 nomine
1021 2049 1124 2102 tutelas
1136 2047 1236 2104 iudicio
1248 2049 1352 2119 pupillo
1364 2054 1413 2103 aut
1424 2048 1580 2104 substitutis
1599 2060 1627 2100 so

144 2135 239 2206 pnpilli
257 2141 397 2206 praestare
415 2136 523 2194 debere.
541 2135 546 2146 '

108 2222 127 2281 δ
199 2224 348 2280 Unrranus
371 2225 439 2281 libro
462 2227 544 2281 tertio
567 2225 602 2281 de
626 2222 717 2280 officio
739 2225 917 2295 proconsulis.
955 2224 984 2281 Si
1002 2224 1177 2295 disceptetur,
1196 2224 1244 2280 nbi
1262 2225 1361 2280 morari
1378 2227 1423 2281 uel
1455 2237 1580 2294 s.ss,e‚o
1599 2231 1638 2309 Sf

144 2315 192 2370 nbi
216 2315 328 2369 educari
350 2315 482 2385 pupillum
505 2319 643 2385 oporteat,
668 2329 754 2368 causa
774 2315 885 2383 cognita
897 2313 929 2369 id
947 2313 1102 2384 praesidem
1120 2319 1240 2369 statuere
1258 2313 1403 2384 oportebit.
1434 2315 1461 2369 iu
1480 2331 1580 2372 causas

145 2405 300 2474 cognitione
317 2403 439 2458 cultandi
458 2409 530 2474 sunt,
550 2405 596 2474 qui
614 2404 763 2473 pudicitiae
781 2403 932 2472 impuberi¹
950 2409 1066 2472 possunt
1083 2403 1213 2458 insidiari.
1598 2417 1628 2456 aa

108 2489 127 2547 6
197 2493 410 2548 Tasrnouurus
428 2492 496 2548 libro
515 2498 613 2562 quarto
631 2493 738 2548 decimo
756 2492 980 2562 disputationum.
1017 2490 1047 2546 Si
1065 2491 1165 2546 absens
1183 2491 1219 2546 sit
1237 2496 1311 2546 tutor
1329 2497 1357 2546 et
1375 2493 1422 2546 ali·
1455 2503 1579 2560 usaue
1597 2499 1626 2552 P

145 2585 238 2636 menta
254 2581 374 2651 pupillus
392 2581 537 2652 desideret,
556 2583 579 2635 si
597 2581 708 2651 quidem
726 2581 900 2652 neglegentia
912 2584 941 2634 et
952 2580 1036 2634 nimia
1048 2580 1166 2635 cessatio
1178 2580 1205 2634 iu
1218 2570 1580 2637 administratione'tutofls-⁸

145 2669 286 2739 obiciatur,
308 2685 379 2738 quae
398 2671 480 2724 etiam
498 2683 534 2724 ex
551 2669 603 2725 boc
621 2676 760 2740 arguatur,
779 2669 853 2739 quod
870 2684 920 2739 per
938 2667 1091 2724 absentiam
1110 2669 1170 2724 sius
1188 2668 1298 2724 deserta
1315 2669 1498 2739 derelictoque
1516 2675 1581 2726 sunt

144 2759 240 2830 pupilli
257 2759 376 2829 negotia,
395 2759 518 2813 euocatis
536 2757 672 2814 adfinibus
684 2763 767 2829 atque
779 2759 874 2814 amicis
885 2757 985 2812 tutoris
996 2763 1106 2828 praetor
1118 2757 1209 2814 edicto
1220 2759 1361 2828 proposito
1373 2773 1458 2814 causa
1470 2760 1581 2828 cognita

144 2849 227 2903 suam
251 2847 366 2903 absente
389 2851 480 2902 tutore
501 2849 546 2902 uel
563 2847 760 2902 remouendum
779 2862 856 2916 eum,
880 2846 928 2916 qul
946 2846 1046 2915 dignus
1064 2846 1111 2901 tali
1129 2851 1195 2901 nota
1213 2845 1363 2916 uidebitur,
1388 2847 1518 2902 decernet
1535 2847 1580 2902 uel

144 2936 348 3007 adiungendum
367 2942 534 2991 curatorem:
553 2940 582 2990 et
599 2937 639 2990 ita
656 2937 703 3006 qui
719 2936 800 2990 datus
813 2935 872 3004 erit,
891 2935 1019 3004 expediet
1031 2935 1162 2989 alimenta
1173 2935 1283 3005 pupillo.
1311 2936 1335 2990 si
1348 2951 1414 2991 uero
1426 2937 1581 2992 necessaria
1599 2951 1627 2991 ao

144 3025 270 3082 absentia
291 3026 390 3081 tutoris
408 3030 437 3080 et
454 3025 594 3094 inprouisa
611 3025 753 3094 acciderit,
777 3023 847 3079 forte
866 3024 939 3094 quod
958 3023 1050 3079 subito
1068 3023 1104 3078 ad
1122 3024 1306 3093 cognitionem
1323 3025 1500 3096 principalem
1518 3040 1579 3094 pro·

143 3113 232 3171 lectus
255 3129 306 3170 uec
328 3115 368 3170 rei
391 3129 458 3169 suae
476 3113 620 3184 prouidere
639 3129 688 3170 uec
707 3113 848 3170 consulere
866 3113 968 3182 pupillo
986 3113 1106 3182 potuerit
1124 3116 1153 3168 et
1170 3119 1296 3183 speratur
1314 3115 1402 3170 redire
1420 3119 1448 3168 et
1465 3114 1580 3169 idoneus

144 3204 180 3259 sit
196 3210 271 3260 tutor
288 3219 340 3259 nec
358 3203 487 3273 expediat
503 3204 586 3258 dium
606 3203 718 3273 adiungi
736 3209 764 3258 et
782 3203 901 3272 pupillus
919 3201 1048 3256 alimenta
1066 3201 1101 3256 de
1119 3217 1149 3257 rc
1167 3217 1218 3258 sua
1234 3204 1368 3272 postulet:
1387 3207 1461 3258 recte
1479 3202 1580 3258 consti-

144 3297 253 3348 tuetur*
270 3292 306 3348 ad
324 3293 376 3349 lroc
394 3293 490 3362 solum,
509 3297 541 3346 ut
558 3307 593 3347 ex
611 3307 640 3346 re
658 3291 754 3362 pupilli
772 3293 902 3346 admenta
919 3291 1057 3361 expediat.

832 3491 890 3574 tlt.
1598 3511 1627 3552 ⁸⁵

144 3627 181 3704 tt
220 3625 295 3701 DE.
318 3624 538 3700 TUTELAE
572 3625 634 3702 ET
663 3625 948 3702 RATIONIBUS
983 3622 1331 3702 DISTRAHENDIS
1364 3623 1427 3700 ET
1455 3623 1580 3702 UTlLl
1599 3647 1674 3701 sar

476 3747 758 3827 CURATIONIS
788 3750 943 3828 CAUSA
969 3747 1177 3825 AOTIONE
1218 3749 1256 3826 R

110 3913 125 3968 1
199 3911 349 3968 Uueranus
367 3911 435 3967 libro
453 3913 595 3982 trigesimo
613 3919 692 3969 sexto
710 3914 745 3968 ad
761 3914 889 3969 edictum.
917 3914 949 3968 ln
961 3912 1087 3968 omnibus
1099 3927 1171 3982 quae
1183 3911 1249 3968 fecit
1260 3917 1343 3983 tutor,
1362 3929 1424 3968 cum
1443 3907 1580 3998 Q
1598 3923 1633 3978 s·

145 3999 235 4057 lacere
259 4017 313 4057 non
336 3999 461 4071 deberet,
486 4003 551 4056 item
571 4003 599 4057 iu
616 4001 659 4056 his
677 4019 748 4073 qnae
766 4019 820 4058 non
839 4002 916 4073 fecit,
941 4003 1073 4057 rationem
1091 4001 1188 4057 reddet
1207 4002 1258 4057 boc
1276 4001 1390 4072 iudicio,
1413 4003 1579 4072 praestando

114 4097 124 4142 1
145 4091 246 4160 dolum,
265 4091 373 4160 culpam
391 4095 420 4145 et
437 4095 568 4160 quantam
586 4091 614 4147 iu
632 4093 690 4148 suis
708 4091 789 4147 rebus
808 4091 985 4162 diligentiam.
1014 4091 1092 4148 Unde
1111 4092 1251 4162 quaeritur
1269 4091 1342 4160 apud
1359 4091 1494 4148 lulianum
1511 4093 1580 4148 libro
1599 4106 1628 4147 ao

144 4181 294 4236 uicensimo
313 4180 400 4250 primo
418 4180 596 4250 digestorum,
615 4182 639 4236 si
657 4186 731 4236 tutor
749 4182 851 4251 pupillo
870 4181 1059 4237 auctoritatem
1078 4179 1115 4235 ad
1133 4180 1228 4236 mortis
1245 4195 1330 4236 causa
1346 4180 1521 4237 donationem
1536 4198 1580 4237 ao·

145 4269 367 4338 commodaucrit,
386 4285 421 4323 an
439 4271 541 4324 tutelae
559 4269 659 4325 iudicio
677 4274 812 4326 tenemur.
839 4275 868 4325 et
885 4271 924 4324 ait
941 4270 1027 4324 teneri
1046 4284 1122 4323 eum:
1141 4285 1205 4324 nam
1224 4269 1304 4323 sicuti
1318 4271 1477 4324 testamenti
1488 4269 1580 4341 factio,

145 4358 243 4428 inquit,
266 4357 376 4428 pupillis
401 4373 533 4414 concessa
554 4373 609 4414 uon
633 4365 687 4429 est,
711 4359 751 4414 ita
774 4375 825 4414 nec
850 4359 944 4415 mortis
968 4357 1078 4428 quidem
1100 4373 1184 4412 cansa
1201 4357 1363 4414 donationes
1381 4359 1580 4430 permittendas

112 4453 126 4498 2
145 4450 217 4502 sunt.
253 4445 309 4502 Sed
327 4451 355 4502 et
373 4447 396 4502 si
415 4463 469 4502 non
489 4447 583 4504 mortis
601 4463 685 4504 causa
703 4448 846 4504 donauerit
863 4453 954 4504 tutore
973 4453 1098 4516 auctore,
1122 4447 1194 4502 idem
1212 4445 1333 4502 lulianus
1351 4448 1461 4518 scripsit
1478 4449 1579 4518 pleros·

144 4550 198 4604 que
215 4535 325 4604 quidem
344 4541 441 4605 putare
459 4551 514 4592 non
532 4537 625 4592 nalem
642 4537 826 4608 donatiouem,
845 4544 874 4592 et
890 4539 1050 4608 plerumque
1062 4537 1169 4591 itaest:
1187 4535 1237 4591 sed
1249 4537 1393 4592 nonnullos
1405 4552 1486 4592 casus
1497 4551 1579 4608 posse
1598 4551 1627 4592 so

144 4641 365 4712 mwuooro)

146 4785 208 4837 ιοο
227 4792 273 4838 tm.
346 4747 524 4854 ’impuberis
542 4783 669 4856 (DQG)?
739 4785 871 4841 ¹tutori?
942 4786 1081 4840 ‘curator
1099 4792 1145 4838 ins.
1163 4785 1293 4852 (similiter
1310 4785 1402 4852 Fnler)

144 4905 400 4976 optassemus*
444 4909 477 4962 13
490 4907 647 4976 nupsisset
657 4911 693 4964 F’
735 4909 770 4966 14
782 4909 832 4978 eis]
886 4909 922 4965 32
940 4908 1161 4966 ueconsulcrsF

143 4979 200 5033 τοῖο
227 4979 276 5040 cio
303 4980 370 5034 nasci
398 4979 446 5033 Rs
472 4977 539 5048 (ut.)
610 4982 644 5036 29
670 4983 769 5054 dignos
797 4982 832 5036 F¹
