3652 5362
247 188 351 256 XXVI
374 191 391 254 7
415 195 530 251 37-37
924 181 1011 261 766
1294 205 1340 252 77
1363 205 1690 253 remunerare-roua

248 362 310 402 cum
328 361 364 402 ex
382 345 433 400 hae
450 344 608 400 uenditione
626 343 721 398 melior
738 341 828 399 laetus
846 358 901 398 nou
919 347 963 398 est
980 357 1070 412 neque
1089 345 1117 399 in
1140 359 1197 399 rem
1221 359 1298 399 suam
1323 345 1467 414 quicquam
1492 359 1605 400 77777777
1623 359 1689 414 pro-

247 435 336 505 betur,
354 435 470 505 pretium
489 433 604 503 emptori
621 433 765 488 restituere
783 447 837 487 non
856 431 964 487 debeat
991 433 1162 488 Modestinus
1179 433 1320 503 respondit
1337 434 1454 502 pretium
1471 432 1549 488 fundi
1561 432 1599 487 ab
1618 433 1691 487 adu·

247 526 367 580 lescents
385 521 552 591 uenumdati,
572 523 596 576 77
613 522 764 578 rationibus
783 522 841 576 eius
859 537 914 576 non
937 520 1040 592 profuit
1063 537 1114 578 777
1136 523 1282 592 quicquam
1306 522 1341 577 de
1360 537 1393 578 so
1412 544 1429 577 a
1446 523 1585 577 iudicante
1603 521 1639 576 de
1658 522 1691 576 in

215 620 230 666 7
247 614 383 683 integrum
401 612 572 668 restitutione
590 615 723 666 statutum
742 615 792 681 est,
811 617 962 682 emptorem
979 609 1082 667 frustra
1098 612 1246 681 postulare.
1282 612 1352 666 ltem
1371 611 1511 681 respondit
1528 610 1693 680 sumptibus

247 703 398 773 uoluptatis
415 685 500 756 cansa
518 701 553 756 ab
571 706 694 772 emptore
712 699 792 755 iactis
810 699 1014 756 adulescentem
1033 701 1201 756 onerandum
1213 715 1268 756 uon
1281 715 1354 756 esse:
1373 702 1420 770 qui
1432 705 1524 756 777777
1537 700 1572 755 ab
1585 701 1690 756 eodem
1711 706 1725 747 ⁵

248 790 372 848 aedificio
389 791 429 846 ita
446 789 546 846 auferri
563 795 694 862 possunt,
713 793 744 844 ut
762 790 790 844 iu
808 787 878 844 facie
896 791 1024 860 pristina,
1043 790 1071 844 id
1090 796 1133 846 est
1151 805 1221 860 quae
1238 788 1292 844 luit
1309 795 1373 844 ante
1391 789 1591 859 uenditionem,
1610 790 1691 845 aedi·

215 879 338 936 elicium
357 895 419 936 esse
437 881 537 950 possit,
556 880 672 950 emptori
691 881 701 953 ῃ
721 877 827 934 aniene
844 879 965 948 permitti
984 885 1118 949 oportere.
1154 879 1256 934 Lucius
1273 879 1363 940 Titius
1387 879 1498 934 coheres
1522 886 1550 934 et
1575 885 1692 936 curator
1710 879 1790 928 1367

247 971 347 1026 sororis
366 984 446 1039 suae,
467 985 530 1024 eum
548 974 623 1025 esset
640 985 675 1025 ex
693 970 818 1038 ciuitate,
837 969 865 1023 in
882 983 938 1037 qua
956 969 1087 1024 usitatum
1105 973 1165 1024 erat
1182 969 1257 1037 ipsos
1276 969 1402 1023 dominos
1420 968 1609 1038 praediorum,
1628 985 1692 1026 nou

247 1059 427 1116 conductores
446 1073 529 1114 onera
547 1073 714 1115 annonarum
733 1063 762 1113 st
779 1055 1009 1114 contributionum
1026 1057 1253 1128 temporariamm
1271 1059 1420 1127 sustinere,
1443 1074 1546 1114 morem
1564 1058 1640 1114 hunc
1661 1066 1693 1115 et

247 1147 472 1204 cousuetudinem
496 1163 605 1218 semper
626 1147 800 1204 obseruatum
825 1150 936 1202 secutus
960 1151 989 1202 et
1011 1149 1070 1216 ipse
1088 1163 1137 1217 pro
1156 1147 1293 1202 communi
1317 1151 1346 1201 et
1366 1147 1509 1202 indiuidua
1531 1147 1692 1204 hereditate
1713 1155 1741 1193 ¹⁰

247 1253 369 1293 annonas
387 1237 537 1308 praestitit:
560 1251 675 1308 quaero,
697 1253 732 1292 an
750 1236 778 1291 in
796 1235 947 1291 rationibus
966 1236 1064 1292 dandis
1082 1237 1184 1307 opponi
1202 1237 1320 1306 curatori
1337 1237 1434 1306 possit,
1453 1237 1592 1306 quianon
1610 1243 1693 1292 recte

246 1341 297 1398 pro
314 1331 392 1396 parte
410 1326 511 1382 sororis
532 1327 602 1382 tales
625 1327 764 1396 impensas
787 1323 898 1380 lecerat.
926 1325 1095 1380 Modestinus
1118 1325 1260 1396 respondit
1281 1326 1324 1380 77ι
1344 1326 1373 1380 771
1396 1326 1507 1381 demum
1529 1331 1693 1381 curatorem

247 1416 358 1472 adultae
375 1421 501 1485 reputare
519 1430 656 1470 excausa
674 1415 709 1470 de
727 1430 783 1484 qua
801 1415 940 1484 quaeritur
957 1431 1052 1485 posse,
1074 1415 1147 1485 quod
1165 1415 1238 1485 ipsa,
1259 1416 1281 1470 si
1299 1431 1356 1469 rem
1375 1431 1452 1470 suam
1472 1415 1693 1485 administraret,

215 1513 360 1575 derogare
379 1505 595 1574 compelleretur.
631 1505 748 1560 Tutores
767 1503 822 1558 duo
840 1510 904 1574 post
921 1505 1106 1559 uenditionem
1125 1505 1297 1574 pupillarium
1316 1519 1405 1558 rerum
1424 1503 1524 1559 iactam
1537 1505 1693 1574 pecuniam

247 1595 318 1650 iuter
336 1610 365 1650 se
384 1594 542 1663 diuiserunt,
560 1597 723 1663 postquam
742 1591 905 1648 diuisionem
926 1594 995 1647 alter
1013 1609 1106 1648 eorum
1125 1593 1281 1648 inexilium
1300 1593 1382 1648 datus
1401 1599 1444 1662 777
1455 1593 1572 1648 durante
1585 1595 1693 1649 tutela:
1714 1599 1742 1640 ¹⁵

120 1741 123 1750 ,
210 1729 211 1733 ,
247 1682 440 1754 quaerebatur,
466 1699 500 1738 an
525 1687 616 1737 actore
641 1681 791 1737 constituto
815 1687 942 1737 ooututor
966 1683 1025 1737 eius
1048 1689 1154 1753 partem
1173 1683 1314 1753 pupillaris
1332 1684 1465 1753 pecuniae
1483 1687 1578 1752 petere
1598 1683 1636 1738 ab
1657 1699 1693 1739 eo

246 1773 355 1843 poterit.
382 1771 552 1828 Modestinus
569 1770 723 1841 respondit:
743 1772 767 1825 77
784 1770 836 1825 1777
854 1771 1001 1841 quaeritur,
1020 1787 1055 1827 an
1073 1778 1216 1829 contutore
1234 1773 1356 1843 relegato
1370 1778 1496 1829 contotor
1508 1773 1569 1828 eius
1582 1773 1694 1829 tutelae

248 1862 382 1916 7777777777
401 1874 528 1915 exercere
547 1861 641 1930 possit,
660 1876 715 1914 non
732 1875 814 1930 posse
832 1859 969 1930 respondi.

190 1947 228 2006 33
301 1950 526 2005 (177777777777
548 1949 617 2004 libro
640 1955 737 2020 quarto
760 1949 795 2005 de
819 1949 1027 2018 cognitionibus.
1070 1949 1096 2004 A
1120 1949 1257 2008 tutoribus
1279 1956 1308 2007 et
1330 1951 1501 2006 curatoribus
1525 1945 1693 2036 [Β.
1576 1964 1615 2018 77,
1626 1964 1651 2016 7
1657 1965 1693 2033 sa
1713 1953 1742 2007 Ε

248 2039 410 2109 pupillorum
429 2038 524 2093 eadem
543 2038 684 2109 diligentia
702 2039 838 2108 exigenda
855 2045 898 2094 est
915 2040 988 2094 cirea
1006 2039 1267 2096 administrationem
1286 2055 1375 2096 rerum
1394 2040 1582 2110 popularium,
1601 2055 1694 2110 quarn
1713 2049 1744 2090 ¹⁰

215 2138 228 2184 1
247 2135 325 2197 pater
342 2127 459 2184 familias
478 2127 560 2182 rebus
578 2129 635 2182 suls
654 2143 688 2183 ex
706 2127 850 2184 bonafide
868 2128 1000 2198 praebere
1018 2128 1109 2183 debet.
1147 2127 1272 2184 Officium
1291 2136 1411 2184 tutorum
1430 2129 1602 2184 curatoribus
1623 2146 1694 2185 con·

247 2217 350 2273 stitutis
368 2215 450 2272 finem
468 2217 569 2286 accipit
585 2216 702 2288 ideoque
720 2219 811 2274 emnia
830 2219 948 2287 negotia,
967 2231 1038 2288 quae
1049 2219 1118 2273 inita
1130 2224 1202 2289 sunt,
1221 2219 1256 2274 ad
1269 2217 1349 2274 fidem
1364 2223 1519 2274 curatorum
1531 2220 1693 2287 pertinent:

119 2363 121 2366 .
214 2316 228 2361 Β
247 2307 330 2376 idque
348 2307 430 2361 etiam
449 2305 530 2361 diuus
542 2306 651 2360 7177777
669 2321 731 2362 oum
749 2305 804 2362 lilio
818 2321 868 2362 suo
881 2306 1032 2362 Commodo
1044 2309 1191 2378 rescripsit
1220 2307 1373 2363 Heredlbus
1391 2319 1500 2378 quoque
1517 2309 1693 2378 pupillorum

247 2397 344 2451 electio
362 2395 458 2450 eadem
477 2395 609 2450 aduersus
627 2400 744 2464 tutores,
763 2395 791 2450 iu
810 2411 863 2465 quo
881 2397 1054 2465 potissimum
1073 2399 1222 2452 consistere
1241 2399 1338 2467 uelint,
1358 2399 1500 2468 competit,
1524 2414 1599 2467 quae
1619 2400 1694 2469 ipsis

214 2495 228 2540 7
247 2501 362 2556 quorum
380 2485 468 2540 tutela
486 2485 675 2539 administrata
693 2485 737 2554 sit,
757 2485 971 2555 ²principalibus
984 2483 1230 2542 'constitutionibus
1248 2487 1409 2542 declaratur.
1437 2487 1620 2557 sumptuum,
1643 2491 1694 2558 qui
1714 2497 1745 2538 ss

247 2573 391 2630 bonafide
409 2574 437 2629 77
455 2575 577 2643 tutelam,
595 2588 650 2629 non
668 2573 761 2643 quiin
779 2574 854 2644 ipsos
872 2579 977 2630 tutores
994 2573 1071 2646 fiunt,
1090 2577 1160 2631 ratio
1178 2575 1273 2631 haberi
1290 2579 1368 2648 solet,
1386 2577 1439 2632 nisi
1456 2575 1491 2631 ab
1507 2591 1541 2631 eo
1554 2579 1622 2647 qui
1624 2593 1693 2634 eum

247 2663 296 2718 dat
313 2669 416 2718 certum
435 2663 565 2718 solacium
584 2663 609 2717 ei
627 2664 804 2718 constitutum
824 2669 875 2720 est

189 2751 228 2810 34
299 2753 401 2808 1777777
423 2751 542 2814 Auerna
565 2751 634 2808 libro
657 2767 857 2822 responsorum.
894 2753 1047 2823 Respondit
1069 2753 1104 2808 ad
1127 2755 1314 2810 instruendum
1335 2735 1504 2824 diligentiam
1517 2749 1694 2842 ’.[Β““
1576 2769 1616 2823 77,
1627 2769 1652 2825 7,
1663 2771 1694 2816 ss
1716 2763 1760 2837 Es

247 2841 392 2896 iudicantis
410 2845 438 2895 et
455 2841 618 2911 pupillorum
637 2841 781 2896 utilitatem
800 2843 1014 2898 admittendam⁸
1032 2859 1126 2898 seruos
1145 2859 1253 2913 quoque
1272 2857 1364 2898 eorum
1384 2845 1545 2913 interrogari
1563 2861 1665 2938 posse.
1715 2857 1745 2898 aa

189 2929 228 2990 35
299 2929 479 2985 Prummuus
501 2929 570 2986 libro
593 2931 714 2986 secundo
737 2932 938 3001 quaestionum.
974 2933 1062 2987 Tutor
1080 2934 1138 2987 siue
1157 2939 1266 2988 curator
1288 2935 1410 3003 nomina,
1432 2948 1503 3003 quse
1523 2931 1590 3017 [Β
1575 2949 1615 3004 77,
1626 2950 1651 3006 7,
1662 2933 1695 2996 a}
1715 2941 1743 2994 P

246 3019 318 3074 iuste
336 3023 416 3089 putat
432 3035 486 3074 uon
505 3035 566 3074 esse
583 3020 696 3089 idonea,
722 3037 738 3076 a
755 3022 846 3091 priore
864 3025 954 3077 tutore
973 3022 1016 3076 uel
1040 3029 1165 3078 curatore
1188 3023 1326 3093 suscipere
1349 3023 1459 3093 quidem
1481 3025 1606 3096 cogitur,
1634 3045 1695 3084 non

66 3105 72 3118 '
169 3151 170 3155 ,
246 3115 339 3164 777777
356 3109 526 3164 exactionem
545 3110 665 3180 periculo
683 3124 733 3164 suo
751 3108 850 3166 lacere.

189 3197 227 3257 36
299 3197 1695 3287 1777717777777777777777777777.177777777777(17777777771777777777777777,[ΒΤ7775
1714 3212 1742 3266 Ρ

1563 3282 1694 3292 ᾎ-ᾳ--η-

246 3301 317 3358 quae
336 3301 440 3342 merum
459 3288 501 3342 ius
505 3287 749 3390 compensationis
767 3285 883 3357 inducit,
906 3295 1019 3359 propter
1036 3287 1155 3345 officium
1174 3297 1202 3345 77
1219 3306 1363 3360 personam
1383 3293 1490 3361 agentis
1507 3297 1614 3398 turturis
1635 3315 1694 3402 nou

245 3463 313 3520 feeit
330 3470 358 3520 77
375 3441 445 3522 77777
462 3466 537 3535 ipsos
555 3465 644 3520 locum
664 3464 747 3520 habet
763 3480 815 3520 nec
833 3467 950 3536 experiri
968 3481 1030 3521 cum
1047 3469 1150 3538 pupillo
1169 3469 1324 3524 uolentibus
1342 3470 1451 3525 obstare
1469 3469 1562 3527 debet.

188 3555 226 3614 37
297 3555 375 3610 lusu
397 3554 466 3610 libro
488 3553 633 3610 undecimo
655 3555 854 3624 quaestionum.
891 3556 1022 3610 Tutorem
1029 3558 1104 3626 ,qui
1127 3559 1239 3613 tutelam
1264 3559 1347 3629 gerit,
1372 3559 1488 3614 Sabinus
1511 3567 1541 3615 et
1560 3561 1693 3634 Cassius,
1715 3561 1742 3614 P

243 3649 326 3714 prout
348 3644 433 3714 gerit,
460 3643 488 3698 in
510 3641 632 3712 singulas
655 3659 699 3698 res
722 3659 772 3715 per
792 3649 918 3714 tempora
944 3646 1020 3700 uelut
1046 3647 1226 3716 expluribus
1249 3649 1340 3704 causis
1363 3648 1477 3718 obligari
1502 3655 1692 3720 putauerunt

213 3743 225 3788 1
244 3732 399 3789 Secundum
425 3747 506 3802 quam
531 3733 694 3788 seutentiam
718 3749 814 3788 seruus
837 3735 946 3790 institor
967 3734 1119 3790 dominicae
1144 3738 1241 3792 mercis
1263 3739 1309 3793 uel
1331 3741 1502 3808 praepositus
1521 3736 1613 3824 [Β
1571 3755 1614 3810 st,
1625 3757 1649 3812 7,
1660 3757 1692 3804 es

244 3822 345 3878 debitis
368 3820 510 3892 exigendis
535 3821 558 3875 77
580 3821 648 3876 liber
671 3821 791 3878 lactus
782 3841 811 3878 rn
834 3823 930 3878 eodem
955 3829 1019 3878 actu
1042 3831 1212 3895 perseueret,
1241 3829 1367 3895 quamuis
1391 3835 1513 3898 tempore
1537 3817 1691 3891 seruitutis
1713 3841 1743 3882 ⁴⁰

243 3911 359 3982 obligari
377 3925 431 3966 non
449 3911 582 3980 potuerit,
605 3913 745 3980 praeteriti
768 3912 898 3982 temporis
922 3913 1031 3968 nomine
1052 3915 1159 3969 actione
1176 3917 1348 3984 negotiorum
1366 3923 1504 3986 gestorum
1524 3935 1581 3974 uon
1602 3923 1691 3980 inuti·

242 4001 304 4056 liter
322 4000 507 4070 conueniatur,
526 4005 619 4054 earum
638 4001 742 4056 77717777
759 4017 858 4070 rerum,
878 4017 948 4070 quae
967 4017 1099 4058 conexam
1116 4005 1248 4059 rationem
1262 4006 1387 4075 cumbis,
1406 4021 1477 4076 quae
1489 4015 1590 4075 postea
1602 4019 1692 4080 gesta

243 4093 315 4160 sunt,
334 4089 501 4145 babuerunt:
526 4091 566 4144 sic
584 4090 721 4150 euim⁴‚et
736 4091 839 4146 tutelae
857 4091 986 4146 iudicium
1006 4107 1098 4146 earum
1117 4109 1226 4163 quoque
1244 4109 1334 4149 rerum
1353 4109 1437 4149 causa
1453 4101 1548 4151 tenere
1566 4100 1690 4173 placuit,

243 4193 313 4249 quae
331 4183 395 4248 post
412 4177 584 4248 pubertatem
602 4178 834 4250 administrantur,
853 4180 877 4234 si
895 4181 1030 4248 posterior
1048 4187 1127 4236 actus
1144 4183 1227 4252 priori
1240 4183 1385 4239 cohaereat
1397 4199 1485 4254 neque
1497 4185 1610 4242 diuisus
1623 4205 1690 4260 pro-

210 4279 225 4325 Β
242 4268 329 4338 priam
348 4268 481 4322 rationem
499 4266 590 4322 habet.
626 4268 694 4323 Inde
713 4268 856 4324 descendit
872 4269 1011 4339 quaestio,
1036 4285 1107 4340 quae
1125 4273 1208 4342 uolgo
1231 4274 1304 4328 circa
1321 4271 1406 4328 illium
1424 4272 1543 4328 familiae
1560 4279 1691 4336 tractata
1711 4287 1740 4328 77

242 4363 294 4426 777,
313 4358 324 4426 ΙΙ
343 4357 391 4426 qui
408 4362 483 4412 tutor
499 4359 665 4412 testamento
683 4356 764 4413 datus
782 4363 846 4428 post
862 4359 976 4413 tutelam
1000 4365 1106 4428 gestam
1131 4363 1319 4432 emancipatus
1342 4363 1370 4417 in
1393 4361 1493 4417 eodem
1507 4361 1604 4420 officio
1624 4383 1690 4438 per-
1709 4373 1725 4420 t
1737 4373 1778 4420 777

242 4445 389 4501 7777777777
416 4450 445 4500 77
461 4445 612 4501 secundum
631 4445 724 4502 Sabini
742 4451 771 4501 et
788 4446 876 4502 Cassii
893 4448 1057 4503 senteutiam
1076 4451 1197 4522 eueniet,
1220 4457 1252 4506 ut
1269 4452 1304 4506 de
1323 4467 1356 4508 eo
1374 4451 1498 4522 quidem,
1522 4454 1603 4522 quod
1622 4468 1692 4526 post

242 4533 487 4604 emancipationem
505 4539 615 4606 gestum
633 4539 685 4606 777,
702 4535 859 4592 insolidum
872 4537 1011 4594 conueniri
1022 4539 1118 4610 possit,
1137 4538 1172 4595 de
1188 4541 1335 4610 praeterito
1347 4546 1448 4612 autem,
1467 4541 1527 4596 sius
1541 4545 1690 4612 peculium

241 4631 411 4702 F(WEIG)

243 4773 300 4828 ι77
317 4775 364 4828 del
382 4773 464 4842 (Hal.)
535 4774 665 4830 ’siout'
655 4795 701 4831 ma
721 4778 853 4846 (similiter
865 4777 938 4846 Hal.)
1008 4777 1243 4834 ⁸adiuuandam?
1312 4779 1415 4835 ‘euim
1434 4781 1482 4835 del
1501 4781 1589 4850 (1177)

241 4904 459 4975 3aiudicants]
480 4906 511 4972 ll,
530 4906 565 4962 ab
582 4907 774 4980 iudicantess,
793 4909 932 4966 iudicante
985 4913 1175 4997 temporalium
1186 4913 1252 4968 Ele
1282 4914 1315 4968 ll
1324 4911 1462 4982 relegato
1462 4913 1643 4976 cocuntutor
1654 4921 1692 4976 1²³

241 4975 321 5032 FWI
361 4977 561 5034 Susitan'tum
580 4977 617 5031 F‘
662 4983 931 5052 9temporariuml}
985 4984 1020 5038 28
1038 4985 1170 5040 uubanus
1187 4984 1224 5038 F*
