3668 5356
239 164 301 232 XX
322 167 342 232 6
361 171 459 228 8-11
919 155 1007 240 600
1270 180 1395 240 cursus
1418 179 1526 230 rronrs
1547 179 1676 230 eronus

240 326 332 378 autem
350 322 522 378 consensisse
540 320 672 392 creditor,
692 321 717 376 si
734 321 837 376 sciente
856 334 890 376 eo
908 318 1015 375 debitor
1032 333 1089 376 rem
1107 318 1270 390 uendiderit,
1288 335 1350 376 curn
1368 318 1430 376 ideo
1448 333 1548 390 passus
1564 323 1609 374 est
1625 334 1675 374 ue-

239 413 299 481 niri,
317 409 391 481 quod
409 410 514 466 sciebat
531 409 632 480 ubique
649 410 750 481 pignus
768 408 821 464 sibi
839 408 946 464 durare.
974 407 1023 462 sed
1040 408 1066 463 si
1081 407 1272 479 subscripserit
1283 407 1354 464 forte
1365 409 1394 464 in
1405 408 1506 464 tabulis
1517 409 1675 479 emptionis,

240 501 412 557 consensisse
430 499 553 569 uidetur,
578 498 630 553 nisi
649 495 792 552 manifeste
810 502 943 568 appareat
960 496 1105 568 deceptum
1124 512 1194 552 esse.
1226 497 1302 568 quod
1318 497 1458 554 obseruari
1476 501 1586 566 oportet
1602 502 1631 554 et
1649 497 1675 552 si

193 599 222 645 16
240 591 299 646 sine
323 590 431 660 scriptis
454 588 630 644 consenserit.
668 585 698 641 Si
720 585 837 642 debitori
854 603 1013 643 concessum
1033 588 1070 641 sit
1087 591 1116 642 et
1132 587 1212 642 heres
1231 587 1290 642 elus
1308 585 1474 656 condiderit,
1497 590 1590 657 potest
1606 584 1675 642 lacti

240 679 364 749 quaestio
383 693 452 749 esse,
471 678 536 748 quid
554 675 688 732 intellexit
706 676 830 732 creditor.
857 676 904 731 sed
917 681 991 731 reete
1004 675 1112 731 uenisse
1124 676 1270 732 dicendum
1283 680 1340 731 est:
1358 675 1410 730 hae
1422 676 1495 731 enim
1507 676 1675 745 suptilitates
1693 685 1706 726 s

193 776 222 822 1⁷
240 768 275 824 ab
297 767 432 823 iudicibus
454 783 509 823 non
533 765 721 821 admittuntur.
758 764 788 820 Si
810 765 917 820 debitor
938 764 1009 822 lorte
1033 780 1164 821 concessa
1181 764 1339 822 uenditione
1357 765 1468 822 desierit
1485 764 1626 834 possidere
1645 769 1675 820 et

239 872 329 913 nouus
346 871 488 927 possessor
506 854 672 924 uendiderlt,
691 869 727 908 au
744 853 825 909 duret
841 855 955 924 pignus,
973 855 1052 924 quasi
1069 869 1202 924 personae
1221 855 1373 924 permiserit
1391 853 1527 910 creditor?
1553 853 1626 924 quod
1645 857 1675 908 st

240 945 329 1015 magis
347 949 404 1000 est:
422 961 485 1000 nam
504 944 528 998 sl
546 957 618 999 nouo
635 943 796 1012 possessori,
814 957 869 998 non
888 942 1003 999 debitori
1021 959 1038 998 a
1056 957 1110 1012 quo
1128 942 1310 1015 hypothecam
1329 945 1443 1014 accepit,
1461 943 1598 1002 concessit
1614 958 1674 998 cre·

193 1042 223 1089 1⁸
241 1035 312 1090 ditor
332 1033 465 1103 uendere,
489 1030 635 1088 dicendum
658 1035 701 1086 cst
723 1046 821 1087 nocere
845 1032 870 1086 el
893 1032 1091 1102 exceptionem.
1127 1031 1183 1104 Sed
1206 1033 1229 1087 si
1253 1034 1325 1088 intra
1347 1049 1448 1088 annum
1466 1035 1515 1088 aut
1532 1031 1674 1088 biennium

193 1131 223 1178 19
240 1123 410 1178 consenserit
431 1121 548 1178 creditor
571 1119 705 1190 uendere,
728 1124 792 1190 post
814 1119 867 1176 hcc
884 1125 992 1191 tempus
1011 1119 1156 1176 uendeudo
1173 1136 1228 1176 non
1246 1120 1335 1177 aulert
1352 1121 1453 1193 pignus
1470 1117 1606 1176 creditori.
1643 1118 1674 1175 Si
1693 1131 1722 1171 ro

241 1212 359 1268 creditor
375 1209 570 1283 hypothecaria
588 1225 655 1264 usus
674 1225 690 1263 a
708 1223 866 1278 possessore
883 1210 939 1264 litis
958 1210 1175 1264 aestimationem
1193 1215 1356 1266 consecutus
1374 1208 1456 1265 luerit
1473 1213 1502 1264 et
1520 1207 1674 1264 adebitore

240 1305 318 1371 petat
335 1299 465 1369 debiturn,
484 1303 552 1370 puto
570 1297 626 1353 doli
644 1298 708 1352 mali
726 1298 914 1367 exceptionem
934 1299 960 1354 ei
978 1297 1157 1354 obstaturam.

204 1387 222 1447 9
293 1389 485 1446 Monusnnsus
512 1387 581 1443 libro
608 1391 705 1456 quarto
732 1401 932 1456 responsorum.
968 1387 1059 1442 Titius
1081 1385 1241 1458 Sempronio
1266 1385 1381 1442 fundum
1404 1387 1512 1457 pignori
1535 1379 1674 1470 Q
1693 1391 1720 1444 Ε

241 1475 318 1532 dedit
334 1483 362 1533 et
380 1477 497 1533 eundem
515 1475 630 1532 fundum
648 1479 745 1545 postea
763 1474 832 1532 Gaio
851 1474 914 1531 Seio
932 1476 1038 1546 pignori
1057 1475 1141 1546 dedit,
1160 1481 1243 1545 atque
1261 1476 1300 1530 ita
1317 1475 1389 1530 idern
1406 1475 1496 1532 Titius
1513 1475 1673 1546 Sempronio

241 1570 270 1622 et
287 1565 356 1622 Galo
374 1565 437 1622 Seio
459 1565 574 1621 fundum
598 1563 715 1620 eundern
741 1564 769 1618 in
788 1578 877 1634 assem
895 1563 1033 1634 uendidit,
1056 1563 1156 1635 qulbus
1173 1565 1280 1634 pignori
1298 1567 1362 1620 ante
1380 1563 1494 1636 dederat
1510 1565 1539 1620 in
1556 1564 1674 1621 solidum
1692 1574 1722 1614 rs

240 1655 363 1724 singulis.
391 1669 501 1725 quaero,
520 1669 556 1708 an
573 1651 731 1708 uenditione
748 1653 910 1723 interposita
929 1653 971 1708 ius
987 1653 1110 1723 pignoris
1129 1654 1293 1710 exstinctum
1312 1654 1348 1708 sit
1362 1669 1396 1708 ac
1406 1668 1456 1723 per
1467 1653 1520 1709 hoc
1531 1653 1574 1708 ins
1585 1654 1674 1708 solum

241 1743 385 1813 emptionis
412 1742 486 1814 apud
513 1739 609 1797 ambos
633 1741 820 1811 permanserit.
856 1741 1026 1797 Modestinus
1050 1741 1191 1812 respondit
1214 1741 1363 1797 dominium
1384 1741 1421 1796 ad
1443 1756 1491 1798 eos
1515 1741 1674 1811 dequibus

241 1832 380 1902 quaeritur
397 1830 543 1902 emptionis
561 1831 619 1884 iure
636 1831 785 1899 pertinere:
807 1845 870 1886 cum
888 1845 1052 1886 consensum
1071 1837 1165 1886 mutuo
1183 1829 1333 1886 uenditioni
1351 1830 1461 1886 dedisse
1478 1835 1673 1908 proponantur,

209 1921 358 1976 linulcem
381 1919 587 1991 pignoratitiam
611 1919 747 1974 actionem
765 1935 813 1974 eos
831 1935 886 1975 uon
904 1919 1012 1976 habere.
1046 1920 1135 1974 Titius
1153 1919 1216 1976 Seio
1233 1919 1377 1990 pecuniam
1396 1918 1447 1974 sub
1465 1920 1579 1990 pignore
1596 1918 1674 1975 lundi

241 2008 368 2064 dederat:
386 2010 433 2078 qui
451 2007 552 2064 fundus
569 2023 632 2063 cum
650 2013 723 2062 esset
740 2009 778 2062 rei
796 2006 921 2078 publicae
939 2013 1004 2064 ante
1022 2009 1168 2078 obligatus,
1187 2007 1324 2064 secundus
1342 2007 1461 2064 creditor
1477 2009 1621 2080 pecuniam
1633 2009 1674 2064 rei
1692 2021 1721 2062 sc

240 2097 367 2169 publicae
385 2113 445 2153 eam
459 2097 570 2154 soluit¹:
588 2095 638 2152 sed
650 2096 774 2152 Maeuius
786 2097 899 2166 exstitit,
918 2098 965 2168 qui
982 2097 1092 2152 dicebat
1109 2103 1174 2152 ante
1192 2113 1249 2152 rem
1266 2095 1403 2167 publicam
1422 2095 1474 2152 sibi
1492 2095 1607 2154 lundum
1625 2097 1673 2154 ob

239 2186 355 2256 ligatum
373 2183 472 2241 luisse:
490 2183 681 2240 inueniebatur
698 2190 788 2240 autern
807 2184 931 2241 Maeuius
947 2187 1141 2256 instrunmento
1159 2185 1293 2242 cautionis
1311 2201 1374 2240 cum
1390 2201 1420 2241 re
1438 2185 1547 2256 publica
1564 2185 1638 2242 lacto
1657 2201 1674 2240 a
1691 2191 1763 2240 tabl

242 2273 305 2331 Seio
322 2273 478 2330 interfuisse
496 2278 526 2330 et
537 2273 741 2344 subscripsisse,
759 2286 814 2342 quo
827 2279 939 2328 cauerat
951 2273 1030 2330 Seius
1043 2273 1156 2330 lundam
1169 2275 1235 2330 nulli
1247 2275 1293 2329 alli
1305 2289 1367 2330 esse
1378 2274 1543 2345 obligatum:
1562 2289 1673 2344 quaero,

242 2377 278 2418 an
296 2363 367 2418 actio
386 2364 477 2434 aliqua
494 2363 522 2418 in
539 2378 597 2418 rem
615 2363 722 2418 Maeuio
740 2366 896 2432 competere
912 2366 1012 2433 potest.
1043 2363 1212 2420 Modestinus
1229 2363 1371 2433 respoudit
1387 2364 1496 2434 pignus,
1515 2363 1577 2422 cui²
1596 2363 1621 2418 is
1638 2363 1673 2418 de

242 2467 298 2522 quo
315 2453 454 2522 quaeritm
472 2452 618 2522 consensit,
636 2452 746 2506 minime
764 2467 827 2506 eum
845 2453 962 2506 retinere
978 2467 1069 2522 posse.
1693 2462 1724 2504 as

188 2539 227 2601 10
296 2542 416 2597 Pronus
437 2539 506 2597 libro
527 2541 609 2596 tertio
632 2541 831 2609 quaestionum.
868 2540 1015 2597 Uoluutate
1033 2540 1174 2596 creditoris
1191 2541 1291 2611 pignus
1310 2541 1417 2597 debitor
1433 2557 1498 2598 neu·
1517 2535 1675 2624 &effa-so
1692 2546 1722 2600 P

244 2629 314 2685 didit
330 2635 359 2685 et
375 2635 472 2700 postea
488 2629 591 2700 placuit
608 2629 678 2684 inter
695 2644 759 2684 eum
776 2634 805 2684 et
822 2635 981 2699 emptorem,
1000 2635 1031 2684 ut
1048 2646 1066 2684 a
1082 2629 1240 2686 uenditione
1258 2629 1438 2686 discederent
1467 2632 1510 2686 ins
1528 2617 1675 2701 pignorum

244 2719 350 2775 saluum
368 2719 420 2776 erit
437 2717 578 2774 creditori:
602 2734 665 2773 nam
684 2712 903 2788 sicut'debltori,
927 2719 968 2774 ita
984 2722 1014 2773 et
1030 2718 1159 2774 creditori
1175 2719 1319 2788 pristinum
1337 2719 1380 2775 ins
1397 2720 1563 2790 restituitur,
1585 2735 1676 2790 neque

244 2808 318 2864 omni
341 2807 422 2864 modo
445 2807 563 2862 creditor
585 2807 684 2877 pignus
707 2808 833 2877 remittit,
857 2807 906 2862 sed
928 2807 968 2862 ita
986 2807 1110 2877 demum,
1135 2807 1159 2863 si
1176 2813 1282 2878 emptor
1299 2823 1357 2864 rem
1375 2809 1492 2864 retineat
1508 2825 1559 2864 nec
1576 2808 1677 2864 reddat

243 2897 387 2953 uenditori.
418 2901 447 2952 et
469 2895 531 2951 ideo
553 2895 578 2952 si
600 2896 700 2952 indicio
718 2911 826 2967 quoque
844 2901 958 2966 accepto
976 2896 1103 2952 uenditor
1120 2895 1262 2952 absolutus
1279 2897 1377 2953 situel
1394 2899 1530 2968 quianon
1548 2897 1677 2952 tradebat
1696 2889 1727 2950 so

244 2986 273 3040 iu
295 2985 323 3040 id
345 2985 419 3056 quod
442 2986 556 3042 interest
572 2985 784 3056 condemnatus,
808 2986 915 3040 saluum
932 2983 990 3042 sore
1007 2986 1107 3055 pignus
1125 2985 1253 3042 creditori
1271 2986 1416 3044 dicendum
1433 2991 1491 3042 est:
1514 2985 1583 3042 haec
1601 2987 1675 3042 enim

244 3073 369 3130 accidere
385 3074 548 3144 potuissent,
566 3074 674 3129 etiamsi
692 3089 746 3130 non
763 3074 906 3130 uoluntate
923 3073 1064 3130 creditoris
1076 3073 1254 3131 uendidisset.
1281 3075 1406 3132 creditor
1418 3090 1527 3146 quoque
1539 3077 1562 3131 si
1574 3076 1676 3146 pignus

245 3162 372 3218 distraxit
395 3166 424 3218 et
446 3161 498 3216 ex¹
520 3161 679 3218 uenditione
696 3177 834 3218 recessum
852 3159 935 3218 luerit
952 3164 997 3218 uel
1014 3163 1096 3220 homo
1113 3163 1278 3234 redhibitus,
1301 3164 1451 3220 dominium
1468 3164 1505 3220 ad
1522 3163 1676 3220 debitorem

244 3253 399 3308 reuertitur.
425 3250 553 3320 idemque
571 3251 659 3306 estin
677 3250 811 3322 omnibus,
830 3250 929 3321 quibus
947 3266 1107 3308 concessum
1126 3257 1170 3308 est
1186 3268 1244 3308 rem
1256 3253 1372 3308 alienam
1384 3253 1517 3309 uendere:
1536 3254 1676 3310 nonenim

244 3341 310 3411 quia
333 3339 481 3396 dominium
503 3338 683 3410 transierunt,
708 3340 771 3395 ideo
793 3339 829 3396 ab
851 3345 974 3412 emptore
998 3341 1041 3396 ius
1058 3342 1206 3413 recipiunt:
1228 3342 1279 3398 sed
1296 3343 1324 3398 in
1341 3343 1483 3413 prish'nsm
1501 3357 1612 3398 musam
1630 3357 1677 3398 res
1698 3354 1729 3396 ss

245 3428 316 3485 redit
333 3429 453 3484 resoluta
469 3428 635 3484 uenditione.

191 3519 226 3574 11
297 3517 376 3573 Innrr
397 3517 466 3573 libro
483 3522 581 3587 quarto
598 3532 799 3588 responsorum.
835 3517 936 3573 Lucius
954 3517 1043 3572 lilius
1061 3532 1124 3574 cum
1142 3523 1217 3574 esset
1233 3522 1312 3576 uxori
1329 3535 1396 3577 snae
1415 3521 1500 3577 Gaiae
1517 3515 1676 3606 Q
1697 3527 1727 3582 P

246 3605 326 3664 Seiae
344 3604 451 3663 debitor
468 3605 520 3662 sub
537 3607 651 3677 pignore
669 3607 728 3662 siue
745 3605 901 3678 hypotheca
917 3605 1099 3677 praediorum,
1119 3609 1214 3664 eadem
1232 3610 1345 3681 praedia
1362 3626 1426 3666 curn
1437 3625 1522 3667 uxore
1534 3628 1584 3668 sua
1595 3610 1678 3668 Seiae

213 3703 227 3748 1
246 3693 383 3766 Septiciae
400 3695 551 3752 communis
569 3693 641 3750 lilios
658 3695 767 3752 nomine
784 3694 944 3766 Sempronio
962 3696 1059 3752 manto
1078 3697 1137 3752 eius
1154 3695 1246 3754 fulmo
1263 3700 1291 3755 in
1308 3699 1400 3756 dotem
1412 3700 1502 3756 dedit:
1520 3705 1618 3772 postea
1629 3701 1677 3758 de-

245 3782 339 3840 functo
357 3784 442 3840 Lucio
459 3785 533 3840 litio
551 3782 672 3855 Septicia
694 3782 750 3840 filia
773 3783 906 3840 abstinuit
928 3798 959 3839 se
980 3783 1131 3841 hereditate
1153 3791 1282 3856 paterna:
1306 3803 1422 3859 quaero,
1446 3805 1482 3845 ιιι
1506 3795 1594 3845 mater
1617 3792 1679 3847 eius
1698 3802 1730 3843 so

245 3872 428 3945 hypothecam
451 3874 579 3943 persequi
593 3874 697 3942 ¹possit
729 3874 831 3930 Paulus
855 3873 996 3942 respondit
1016 3874 1138 3944 pignoris
1159 3876 1270 3945 quidem
1293 3877 1486 3948 obligationem
1503 3879 1679 3950 praediorum

245 3959 343 4018 Gaiam
361 3960 461 4032 Seiam,
480 3977 551 4032 quae
569 3962 628 4018 uiro
646 3977 695 4033 pro
713 3961 770 4018 lilia
786 3963 924 4019 communi
940 3964 969 4018 ln
984 3963 1077 4019 dotem
1088 3965 1185 4021 eadem
1198 3967 1275 4022 danti
1286 3968 1433 4038 consensit,
1451 3983 1514 4024 cum
1526 3970 1682 4026 communis

246 4085 331 4156 F[P(
334 4086 365 4151 V,
383 4086 427 4141 ubi
444 4105 535 4141 monus
549 4095 679 4159 primario
696 4089 764 4143 redit
780 4108 804 4142 u.
817 4088 853 4143 26
869 4089 940 4144 aerb.
951 4089 1054 4144 Paulus
1071 4089 1149 4160 libro,
1170 4090 1217 4162 U)]

247 4265 256 4300 ¹
275 4278 336 4319 eam
355 4263 445 4334 soluit]
465 4263 582 4319 exsoluit
600 4263 704 4332 (liniti
775 4264 894 4320 ’denuo
912 4264 1059 4336 obligando
1078 4275 1125 4322 ias.
1196 4269 1208 4303 ⁸
1227 4268 1269 4338 ex]
1290 4269 1424 4338 a(edd.)?

247 4440 472 4495 lcousensisse
490 4441 526 4493 Ρ
548 4441 559 4508 ΙἸ
574 4455 607 4496 eo
626 4459 674 4495 om.
688 4441 726 4496 P⁰
748 4443 754 4510 l
773 4443 869 4512 ueniri]
889 4443 935 4509 ΓΙ,
987 4442 1178 4514 publica'e'F2
1225 4447 1259 4501 23
1277 4452 1352 4502 essct
1369 4447 1409 4502 P·
1455 4449 1490 4504 24
1508 4450 1554 4504 cui
1569 4449 1603 4522 is]
1623 4451 1681 4506 cui-

246 4511 340 4566 uenire
366 4511 456 4566 F’PU
525 4511 618 4566 ised
644 4513 686 4566 si⁴
709 4511 754 4578 Fi,
781 4513 831 4569 sed
858 4513 936 4569 P⁶U“
989 4517 1031 4570 uis
1043 4516 1084 4570 Pu
1119 4517 1155 4572 25
1173 4519 1310 4574 concessit
1320 4519 1360 4572 P·
1376 4523 1380 4586 Ι
1395 4520 1553 4575 retineril'i
1589 4523 1681 4577 bitre-

246 4581 406 4638 bhae'c'F2
442 4581 698 4638 bdebitoresP⁶U·
734 4585 786 4639 9si
799 4586 936 4640 onaP‘U'
988 4587 1080 4655 mittit]
1108 4589 1154 4652 ΡΙ,
1180 4591 1285 4644 remisit
1311 4591 1403 4644 F²PU
1422 4593 1426 4658 Ι
1450 4607 1506 4646 rem
1534 4612 1582 4646 om.
1600 4594 1682 4647 ΡΨ·

247 4655 282 4708 10
299 4668 354 4708 nou
372 4653 452 4709 offert
469 4655 509 4708 P·
563 4655 596 4710 15
618 4654 734 4710 eundem
753 4654 866 4712 fundum
886 4655 934 4714 Pl
988 4659 1023 4713 32
1032 4658 1221 4716 condidissent
1231 4661 1307 4715 P⁶U¹¹
1325 4663 1360 4716 33
1368 4662 1508 4718 dominum
1518 4663 1559 4718 P⁰
1575 4665 1682 4734 34qui·

245 4725 409 4794 pignorante
428 4726 468 4780 P⁰
517 4726 550 4780 16
567 4726 611 4781 lus
628 4727 735 4796 pignori
753 4733 808 4782 ext.
827 4728 875 4792 P·,
892 4728 936 4784 lus
988 4728 1049 4797 bns]
1070 4731 1142 4785 sicut
1158 4733 1206 4795 Pi,
1224 4732 1247 4787 si
1266 4733 1311 4788 cui
1328 4732 1398 4788 Pil]
1442 4735 1682 4805 cumpunctus

246 4799 302 4850 ext.
314 4795 422 4865 pignori
443 4796 476 4850 U⁰
530 4799 562 4852 17
585 4799 785 4867 permanserint
802 4799 841 4854 P⁰
862 4801 867 4867 Ι
889 4799 935 4855 do·
988 4799 1158 4870 'eius'reclp
1176 4801 1214 4856 Γ*
1268 4805 1302 4859 37
1317 4809 1411 4860 essent
1424 4805 1502 4860 ΡΨ·
1553 4807 1589 4861 39
1607 4823 1681 4863 sem-

246 4865 350 4920 minum
364 4867 403 4920 p„
448 4867 481 4922 18
499 4869 631 4938 emptioni
648 4869 701 4924 nisi
718 4869 777 4925 iure
795 4871 842 4935 Ρη
861 4885 935 4940 emp·
1008 4871 1084 4926 rouie
1107 4873 1147 4926 P⁶¹
1199 4875 1235 4929 42
1256 4875 1336 4946 quae]
1363 4891 1444 4947 quem
1468 4877 1545 4932 P·U·
1564 4879 1569 4945 Ι
1590 4877 1680 4950 danti]

246 4937 328 4992 donis
346 4937 445 4992 silure
466 4937 500 4993 U⁰
520 4943 525 5008 Ι
547 4939 776 4996 consensu'm'F2
829 4943 865 4996 20
882 4941 936 4998 re'i'
1025 4942 1080 4999 ndo
1097 4943 1175 4998 ΡΨ*
