3668 5356
225 197 315 266 XXII
338 201 352 264 1
374 204 471 260 9—13
892 189 979 270 636
1463 213 1510 261 nu
1531 211 1654 262 ususrs

188 359 206 418 9
278 357 356 412 Iners
373 355 441 411 libro
459 355 604 410 undecimo
618 367 818 423 responsorum.
845 353 982 409 Pecuniae
993 353 1137 424 faenebris,
1155 355 1226 409 intra
1242 353 1315 409 diem
1327 357 1432 408 certum
1450 353 1496 408 de·
1528 346 1654 421 Βῗιῐιῗι
1673 362 1702 416 Ρ

225 445 283 500 bito
302 460 356 499 non
374 444 476 514 soluto,
502 443 577 514 dupli
595 443 753 512 stipulatum
771 441 800 496 in
818 443 904 498 altero
921 447 998 498 tanto
1021 459 1104 513 supra
1124 443 1235 498 modum
1253 443 1391 512 legitimae
1409 455 1508 497 usurae
1525 441 1655 511 respondi

226 550 281 590 non
297 538 405 589 terrem:
429 547 513 602 quare
530 547 580 602 pro
603 531 684 587 modo
703 531 897 600 cuiuscumque
915 534 1045 603 temporis
1063 531 1200 603 superfluo
1218 533 1341 588 detracto
1359 531 1499 602 stipulatio
1516 530 1589 585 uires
1606 529 1654 584 ha·

193 623 309 680 1bcbit.
345 621 494 677 Usurarum
517 621 670 691 stipulatio,
693 620 818 690 quamuis
838 620 950 676 debitor
972 637 1027 677 non
1049 623 1240 691 conueniatur,
1266 621 1450 676 committitur.
1477 633 1529 674 neo
1552 619 1655 674 inutilis

224 712 362 782 legitimae
379 725 479 765 usurae
497 710 635 780 stipulatio
653 709 762 766 uidetur
779 707 831 764 sub
850 723 884 764 ea
901 710 1060 766 condicione
1079 714 1212 780 concepta
1230 710 1261 764 'si
1279 711 1397 764 minores
1415 707 1535 764 addiem
1548 708 1654 762 solutae
1674 715 1688 757 s

226 801 288 856 ‘non
305 799 427 855 inerint':
446 813 500 856 non
512 800 584 854 cuim
596 814 693 869 poena,
712 797 761 852 sed
774 796 870 852 saeuus
882 797 993 854 uberius
1005 800 1079 854 iusta
1089 800 1210 855 ratioue¹
1224 799 1305 854 sortis
1322 798 1496 868 promittitur.
1526 797 1551 852 si
1562 801 1655 852 tamen

226 895 421 961 postmortem
440 888 581 944 creditoris
602 903 682 943 nemo
705 885 757 941 luit
774 887 818 942 cui
839 887 956 955 pecunia
979 889 1144 957 solueretur,
1168 889 1227 944 eius
1249 887 1380 957 temporis
1403 886 1569 956 inculpatam
1592 899 1655 940 esse

227 993 329 1034 moram
352 978 484 1032 constitit:
508 977 570 1032 ideo
593 977 617 1032 si
641 977 756 1032 maioma
780 990 879 1030 usurae
902 976 1038 1045 prioribus
1060 981 1203 1048 petantur,
1226 976 1352 1046 exceptio
1374 974 1429 1030 doli
1452 990 1507 1030 non
1523 974 1656 1029 inutiliter

226 1071 387 1139 opponetur.
532 1097 535 1104 ·
1675 1070 1689 1111 a

170 1158 209 1218 10
278 1157 397 1227 Patruus
414 1153 482 1210 libro
501 1153 622 1210 seeundo
639 1153 838 1224 quaestionum.
870 1152 981 1208 Parium
1001 1158 1064 1223 post
1082 1153 1157 1210 litem
1175 1157 1357 1210 contestatam
1375 1151 1479 1208 editum
1497 1145 1656 1235 [Q
1675 1155 1702 1208 P

225 1245 368 1300 restituere
386 1247 528 1313 possessor
545 1242 640 1298 debet:
658 1257 740 1312 quem
752 1257 807 1296 non
819 1240 932 1296 deberet
943 1242 1095 1313 restituere,
1114 1243 1146 1313 si,
1165 1257 1227 1298 oum
1243 1247 1331 1297 mater
1342 1246 1488 1313 peteretsu,
1507 1241 1561 1296 iam
1573 1246 1655 1296 nstra

225 1331 331 1403 luisset,
350 1333 401 1387 uisi
419 1333 573 1403 specialiter
590 1337 619 1387 et
635 1345 684 1401 pro
701 1330 754 1386 boc
771 1331 883 1400 egisset

170 1428 206 1486 11
278 1423 356 1477 Iners
378 1419 447 1476 libro
471 1421 601 1476 uicesimo
625 1421 720 1489 quinto
742 1419 941 1488 quaestionum.
981 1419 1067 1476 Gaius
1092 1418 1171 1476 Seius
1195 1421 1241 1490 qui
1263 1435 1321 1476 rem
1342 1419 1481 1491 publicam
1499 1413 1656 1502 Q
1674 1421 1702 1475 P

225 1510 339 1582 gerebat
357 1509 508 1565 faenerauit
524 1510 667 1580 pecuniam
685 1508 822 1578 publicam
841 1507 892 1562 sub
910 1509 1000 1564 usuris
1018 1509 1118 1564 solitis:
1143 1508 1194 1564 fuit
1217 1514 1307 1564 autern
1332 1508 1512 1578 consuetudo,
1536 1513 1568 1562 ut
1584 1509 1657 1564 intra

226 1604 302 1656 certa
318 1604 443 1669 tempora
460 1615 515 1654 uon
533 1599 623 1654 inlatis
641 1597 731 1652 usuris
754 1597 894 1666 pastores
911 1597 1112 1666 infligerentur:
1136 1598 1246 1668 quidam
1269 1597 1406 1654 debitores
1429 1601 1606 1652 cessauerant
1627 1596 1657 1651 in
1676 1605 1704 1645 st

226 1688 364 1745 soluendis
382 1687 483 1757 nauus,
507 1687 618 1758 qnidam
635 1687 697 1756 plus
715 1686 864 1741 intulerunt
881 1690 909 1740 et
926 1687 966 1741 sic
984 1687 1112 1742 eflectum
1131 1693 1185 1758 est,
1208 1691 1239 1742 ut
1257 1701 1337 1742 omne
1355 1685 1429 1756 quod
1447 1699 1589 1740 usurarum
1608 1699 1656 1739 no-

226 1779 297 1834 mine
316 1775 490 1847 competebat
507 1777 589 1832 etiem
608 1790 657 1846 pro
675 1774 726 1844 hls,
744 1775 790 1844 qui
809 1780 984 1830 cessauerant
1001 1775 1030 1830 in
1047 1776 1146 1845 usuris,
1165 1777 1331 1846 suppleatur.
1358 1774 1513 1844 quaesitum
1530 1778 1582 1843 est,
1596 1773 1607 1842 i
1620 1789 1656 1829 an
1673 1778 1690 1826 t.
1701 1779 1746 1825 ιιι

225 1866 304 1936 illud,
328 1865 402 1936 quod
421 1865 537 1936 amplius
556 1880 590 1920 ex
608 1863 805 1920 cousuetudine
823 1879 926 1933 poenae
944 1865 1052 1920 nomine
1074 1864 1270 1934 aquibusdam
1293 1867 1420 1918 exactum
1443 1867 1499 1932 est,
1521 1862 1574 1931 ipsi
1592 1859 1656 1918 Seio

225 1954 357 2027 prolicere
380 1953 502 2010 deberet
516 1971 552 2010 au
573 1954 612 2009 rei
634 1953 760 2024 publicae
783 1953 858 2008 luero
882 1952 1000 2008 eederet.
1027 1953 1170 2023 respondi,
1194 1954 1218 2008 si
1241 1953 1327 2009 (laius
1345 1951 1424 2007 Seius
1448 1967 1465 2005 a
1487 1950 1657 2006 debitoribus

226 2061 324 2104 usuras
342 2044 488 2114 stipulatus
507 2048 595 2113 esset,
615 2058 662 2098 eas
680 2042 753 2097 solae
770 2041 952 2111 reipublicae
969 2042 1102 2112 praestari
1120 2046 1259 2112 oportere,
1283 2056 1354 2111 quae
1372 2040 1522 2096 secundum
1540 2038 1656 2094 turmam
1675 2048 1704 2090 so

193 2148 206 2194 1
227 2133 263 2190 ab
280 2134 306 2188 is
324 2133 397 2202 exigi
415 2133 511 2202 solent,
530 2132 637 2188 etiamsi
654 2151 705 2186 noa
722 2131 814 2186 omnia
831 2131 942 2186 uomina
959 2131 1058 2186 idonea
1075 2132 1137 2186 sint.
1165 2130 1235 2196 Quid
1253 2131 1277 2185 si
1294 2145 1391 2186 sensus
1408 2128 1534 2199 publicus
1552 2127 1656 2197 obliga-

226 2223 328 2279 tionem
346 2237 490 2278 usurarum
508 2220 690 2290 reipublicae
709 2219 858 2289 adquisiitl
884 2234 1002 2289 aequum
1020 2225 1070 2290 est,
1089 2221 1214 2288 quamuis
1226 2219 1287 2290 ipso
1299 2220 1358 2274 iure
1369 2233 1468 2274 usurae
1480 2217 1657 2288 reipublicae

227 2311 391 2379 debeantur,
409 2313 500 2364 tamen
518 2325 567 2380 pro
586 2309 700 2365 deiectis
718 2307 872 2364 nominibus
890 2309 1139 2380 compensationem
1157 2308 1290 2363 maiorum
1308 2323 1452 2364 usurarum
1469 2305 1540 2377 lieri,
1560 2307 1583 2362 si
1601 2321 1657 2362 non

227 2401 264 2456 sit
280 2405 377 2470 parata
394 2413 438 2453 res
456 2397 565 2468 publiea
582 2399 770 2454 uniuersorum
788 2396 942 2454 debitorum
959 2396 1096 2453 somonam
1114 2397 1260 2468 suscipere.
1288 2397 1386 2452 eadem
1403 2395 1460 2452 iere
1476 2397 1507 2452 in
1519 2395 1657 2452 tutoribus

226 2489 368 2546 llarcellus
385 2485 475 2543 refert.
1675 2494 1705 2535 ss

171 2583 208 2641 12
280 2579 358 2634 lusu
374 2562 442 2632 libro
461 2579 557 2646 quarto
575 2590 776 2647 responsorum.
808 2573 872 2630 Seia
889 2579 1011 2632 mutuam
1030 2575 1174 2646 pecuniam
1193 2573 1335 2644 accepite
1347 2572 1480 2644 Septicio:
1499 2568 1657 2659 [Q
1675 2577 1703 2633 P

227 2667 263 2723 de
280 2667 370 2722 ιιιιιιιι
387 2666 427 2720 ita
444 2665 583 2720 conuenit:
607 2666 659 2720 uisi
681 2680 733 2720 sua
756 2679 863 2735 quaque
887 2663 931 2720 die
954 2680 1053 2720 ιιιιιιι
1076 2679 1160 2736 supra
1177 2664 1292 2733 scriptae
1309 2663 1514 2718 exsoluereutur
1531 2665 1576 2719 uel
1592 2669 1659 2733 post

226 2756 337 2812 tertimn
356 2749 493 2823 mensem,
504 2759 570 2809 tunc
586 2754 616 2809 in
634 2754 750 2810 maiores
768 2768 865 2808 usuras
884 2751 947 2809 Scia
958 2757 1105 2824 teneretur,
1124 2757 1152 2808 et
1166 2753 1296 2822 deinceps
1308 2767 1357 2822 per
1369 2752 1491 2822 singulas
1501 2753 1657 2824 pensiones,

227 2846 252 2902 si
269 2843 429 2900 condicione
446 2843 512 2898 data
528 2858 629 2898 rusurae
647 2858 701 2898 uon
719 2843 902 2914 soluerentur,
925 2858 959 2898 ea
976 2843 1100 2899 condicio
1117 2841 1320 2911 obuersaretur,
1339 2841 1430 2896 donee
1444 2842 1533 2896 omnis
1548 2857 1658 2900 summa

227 2934 322 2990 debita
339 2933 390 2989 boe
407 2933 517 2988 nomine
534 2933 729 2988 exsolueretur.
756 2947 866 3002 quaero,
886 2947 921 2987 au
938 2931 1012 2987 baec
1024 2931 1111 2987 uerba
1127 2931 1164 2986 'et
1174 2931 1304 3000 deinceps
1315 2945 1365 3000 per
1376 2929 1497 2999 singulas
1509 2931 1657 3000 pensiones
1676 2941 1706 2982 so

228 3015 393 3080 lcudicione
411 3023 477 3077 data
493 3036 593 3077 usurae
610 3037 665 3077 non
683 3022 831 3091 soluautur,
850 3036 884 3076 ca
895 3021 1018 3076 condicio
1031 3019 1229 3077 obseruaretur'
1248 3035 1281 3076 eo
1292 3020 1455 3090 pertineant,
1472 3023 1512 3090 ut,
1530 3021 1657 3089 quamuis

227 3111 374 3168 commissa
391 3111 427 3165 sit
443 3109 513 3166 forte
531 3111 619 3180 prima
636 3110 784 3180 stipulatio,
802 3125 856 3166 uon
873 3114 965 3166 tamen
983 3112 1011 3165 iu
1029 3111 1188 3180 ampliorem
1205 3111 1385 3180 quantitatem
1396 3125 1539 3164 usurarum
1557 3124 1658 3166 conue-

227 3201 279 3258 niri
295 3199 384 3272 possit
401 3215 482 3269 quam
500 3200 560 3256 eius
572 3199 711 3269 pensionis
722 3200 840 3270 nomine,
859 3214 929 3269 quae
944 3215 1056 3269 egressa
1067 3203 1111 3256 est
1122 3199 1194 3254 diem
1205 3199 1406 3270 praestitutum.
1433 3198 1534 3253 Paulus
1544 3213 1658 3269 respon·

228 3289 269 3346 dit
285 3290 377 3360 plures
395 3289 569 3344 condiciones
587 3289 726 3344 continere
744 3304 805 3344 eam
824 3288 1033 3358 stipulationem,
1052 3303 1122 3358 quae
1141 3288 1176 3344 de
1193 3285 1365 3358 grauioribus
1379 3287 1470 3343 amris
1484 3287 1658 3357 praestandis

228 3377 353 3436 subiecta
370 3381 421 3448 ιιι,
439 3377 468 3432 id
486 3382 529 3432 est
545 3380 577 3432 ut
594 3393 643 3448 per
660 3377 782 3448 singulas
799 3377 943 3448 pensiones
962 3378 1086 3433 condicio
1097 3379 1295 3448 inspectaretur
1307 3391 1362 3432 nou
1372 3377 1507 3432 illatarum
1520 3377 1577 3432 auis
1588 3382 1658 3433 tern-
1677 3388 1706 3431 ss

228 3469 341 3541 poribus
358 3467 489 3522 leuiorum
509 3481 666 3521 usurarum:
685 3471 713 3522 et
730 3466 793 3522 ideo
811 3481 892 3536 posse
911 3467 1008 3522 euitari
1025 3481 1142 3537 poenam
1160 3467 1331 3536 sequentium
1349 3467 1518 3536 pensionum.

173 3564 211 3624 13
282 3555 440 3613 Scaeuous
457 3553 525 3610 libro
542 3556 631 3626 primo
643 3571 842 3626 responsorum.
872 3555 924 3621 Qui
935 3556 1063 3611 semisses
1075 3571 1173 3610 ursuras
1184 3555 1330 3626 promissit,
1348 3571 1398 3625 per
1415 3555 1482 3610 mul·
1499 3549 1658 3640 [Q
1675 3561 1704 3616 P

228 3651 272 3702 tos
290 3661 376 3701 annos
395 3644 512 3700 minores
529 3645 679 3714 praestitit:
701 3645 781 3700 beros
803 3644 944 3700 creditoris
965 3645 1093 3700 semisses
1110 3645 1189 3715 petit.
1216 3659 1279 3700 cum
1296 3659 1346 3714 per
1363 3643 1511 3700 debitorem
1529 3661 1585 3700 nou
1602 3648 1658 3700 ste·

228 3735 300 3805 terit,
319 3750 373 3806 quo
392 3733 482 3788 minus
500 3734 617 3789 minores
634 3735 731 3804 soluat,
750 3748 852 3804 quaero
870 3749 905 3788 su
923 3734 1048 3804 exceptio
1066 3733 1121 3789 doli
1139 3735 1184 3788 uel
1201 3735 1276 3805 pacti
1294 3734 1394 3790 obstet.
1420 3733 1556 3804 respondi,
1574 3733 1598 3788 si
1610 3749 1658 3788 ex·

228 3825 367 3880 soluendis
385 3837 420 3878 ex
437 3837 512 3878 more
529 3823 620 3878 usuris
637 3837 686 3893 per
704 3827 781 3878 tanta
797 3823 939 3892 tempora¹
950 3837 1026 3878 mora
1043 3838 1092 3893 per
1105 3821 1256 3878 debitorem
1269 3839 1324 3878 non
1335 3822 1395 3893 tuit,
1412 3837 1495 3893 posse
1508 3822 1658 3878 secundom
1677 3833 1707 3876 so

197 3931 211 3978 1
229 3927 270 3984 ea,
289 3927 360 3984 quae
378 3917 594 3984 proponerentur
612 3901 721 3969 obstare
739 3912 936 3983 exceptionem.
973 3912 1131 3979 Quaesitum
1150 3915 1200 3983 est,
1220 3927 1256 3968 an
1272 3912 1372 3969 iudieio
1385 3913 1554 3982 negotiorum
1566 3916 1658 3982 gesto-

228 4021 255 4076 F
258 4019 296 4091 [P
299 4019 316 4090 (
319 4019 391 4091 VU)]

230 4181 239 4216 ¹
257 4177 369 4236 uberius
386 4177 540 4234 tardatione
558 4177 611 4245 (ius
629 4179 694 4233 male
709 4175 806 4250 pensi?
876 4177 888 4212 ¹
906 4177 1002 4234 solutis
1020 4185 1067 4233 irae.

231 4337 382 4394 lt'aeuoris
400 4339 438 4391 F·
489 4338 630 4392 2tautum
649 4337 730 4393 P⁰V⁶
780 4336 915 4394 deouue·
968 4335 1471 4410 ιιιιιτιχρὲιῶιιιεῨπιριΒ(Αιοιι.),
1486 4335 1660 4394 aia...rrs'ec

229 4411 302 4465 nitur
319 4411 359 4464 P·
411 4409 428 4463 5
451 4409 591 4478 stipulatio
613 4409 723 4464 uidetur
745 4407 796 4464 sub
815 4425 848 4463 ea
866 4428 915 4463 om.
968 4412 1023 4464 τῶι
1041 4411 1182 4480 χριωιτῶι
1201 4407 1327 4463 ἒλιιωιιι
1346 4409 1384 4463 eie
1401 4407 1509 4480 inopias
1524 4409 1571 4462 lis
1582 4409 1658 4480 (ιιι),

230 4482 300 4537 12·ss
351 4480 467 4536 tiiuxta
488 4482 592 4536 ratione
613 4481 661 4546 P0,
683 4481 761 4535 iuxta
783 4481 915 4536 rationem
969 4501 1018 4536 cm.
1046 4481 1105 4535 libri
1130 4487 1212 4534 noser
1283 4481 1317 4536 23
1347 4481 1581 4550 compensationea
1608 4481 1662 4535 PU

230 4551 326 4607 P⁸VU
368 4553 401 4606 10
419 4552 638 4608 contestatemF
682 4555 714 4607 11
733 4567 787 4606 non
799 4571 847 4604 om.
856 4551 915 4622 1³⁰1
969 4554 1003 4608 27
1022 4552 1329 4621 scriptaexsolucrentur
1347 4553 1407 4606 FP·
1455 4553 1488 4608 31
1508 4551 1572 4606 dato
1591 4552 1662 4606 ΡΨ

230 4623 284 4678 iam
302 4623 391 4691 natus}
412 4623 556 4679 damnatos
574 4625 610 4678 1²¹
659 4625 694 4679 14
710 4621 872 4678 faenerauit
887 4639 915 4692 p.
969 4625 1004 4678 36
1022 4622 1187 4678 l'a’euiorum
1206 4625 1232 4676 F
1270 4624 1303 4678 37
1317 4621 1522 4694 promi's'sitF’
1556 4623 1660 4678 assta-

229 4711 257 4764 p.
270 4711 292 4750 s.
306 4711 332 4749 u.
345 4711 368 4749 s.
384 4692 402 4748 i.
418 4700 517 4750 autem
536 4695 574 4748 F’
628 4696 661 4750 15
679 4711 734 4750 nou
752 4695 860 4750 inlatis
879 4695 917 4748 F’
969 4699 1041 4749 terat
1058 4695 1111 4749 PU
1160 4695 1195 4749 39
1213 4695 1408 4750 minoresoluat
1424 4695 1496 4749 FP·:
1515 4693 1659 4749 ιίιὲιτὸι

231 4767 265 4821 16
287 4771 318 4820 ut
342 4781 421 4820 omne
515 4768 547 4822 17
573 4767 726 4836 quaesitum
751 4769 794 4822 est
816 4767 854 4820 bia
878 4765 915 4818 F¹
971 4765 1067 4820 irrroom
1084 4765 1188 4836 (τόκοι)
1206 4767 1323 4821 betorites
1342 4765 1659 4835 ἆπιιτιιθεὶικιὶῨπερτι-

231 4838 265 4892 18
273 4838 388 4907 poenae]
396 4853 485 4906 poena
493 4839 553 4892 FP⁰
579 4840 614 4893 20
621 4839 755 4908 praestari
810 4839 845 4892 22
853 4853 917 4892 usu·
970 4837 1082 4893 etaesoc
1093 4837 1159 4909 spic
1170 4836 1218 4891 τὸιι
1232 4839 1338 4898 aeizoss
1350 4839 1399 4893 BS
1411 4837 1524 4910 (Stepb)
1561 4839 1597 4893 40
1608 4851 1661 4908 per

230 4923 277 4963 rae
295 4908 476 4979 reipublicae
494 4909 664 4964 cm.P⁰V·U
707 4912 740 4964 21
759 4908 794 4963 ab
812 4908 853 4962 bis
871 4910 917 4971 Fi
971 4908 1130 4979 debitorem]
1150 4909 1300 4966 debitorem
1318 4910 1360 4965 P·

230 4979 293 5049 nou]
318 4983 433 5052 suppleri
454 4981 589 5035 comodum
615 4981 744 5037 Graecos:
768 4979 815 5034 ais
834 4979 868 5033 usi
886 4977 918 5034 ri
