3668 5356
96 285 97 288 Ἴ
133 227 178 274 nn
199 223 418 274 mombis
767 159 771 176 ἡ
803 194 890 279 585
1327 199 1388 268 XX
1412 201 1428 266 1
1452 206 1567 262 16-21
1588 149 1591 154 Ι

133 364 282 419 iudicatum
300 362 531 433 quemadmodum
548 361 692 418 habiturus
706 361 750 431 sit,
768 359 922 430 quaeriturr
939 373 1004 414 nam
1016 357 1165 414 dominium
1177 358 1237 414 eius
1247 357 1389 414 uindicare
1401 360 1568 427 non-potest

134 453 184 508 sed
201 452 398 524 hypothecaria
415 465 498 522 agere
515 453 616 521 potest,
634 449 704 506 etsi
722 449 848 518 exceptio
865 447 999 504 obicietur
1016 463 1034 502 a
1049 461 1209 516 possessore
1227 455 1267 502 res·
1278 446 1424 516 indicatae,
1442 445 1568 514 replicet:

101 541 167 596 t'si
189 541 340 596 seeundum
364 555 409 594 me
430 538 580 594 iudicatum
605 554 660 594 non
682 535 741 592 est’.
774 535 803 592 Si
825 537 911 606 pluris
933 535 1130 592 condemnatus
1148 535 1186 590 sit
1202 534 1309 591 debitor
1326 549 1381 590 uon
1398 533 1568 590 restituendo

134 630 244 701 pignus,
262 644 344 700 qnam
363 628 531 697 computatio
549 627 630 682 sortis
647 629 677 682 et
693 641 837 681 usurarum
855 623 982 694 faciebat,
1001 641 1045 694 an,
1064 625 1088 679 si
1105 628 1214 679 tantum
1232 623 1352 693 soluerit,
1371 626 1504 692 quantum
1521 621 1568 676 de·

135 717 227 787 babet,
246 722 409 773 exoneretur
426 715 600 787 hypotheca?
627 714 701 784 quod
719 728 772 784 ego
790 717 922 783 quantum
941 713 1051 782 quidem
1069 713 1105 768 sd
1123 712 1302 783 suptilitatem
1320 712 1389 782 legis
1407 715 1436 766 et
1452 709 1569 766 auctori·
1588 721 1601 764 s

135 812 220 864 tatem
239 806 392 862 sententiae
409 819 464 860 non
482 803 584 875 probo:
602 804 687 860 semel
705 803 777 858 enim
796 817 881 858 cansa
898 802 1014 858 transire
1026 800 1136 857 uidetur
1149 801 1185 856 ad
1197 800 1452 858 condemnationem
1464 804 1493 854 et
1504 798 1569 854 inde

134 896 252 966 pecunia
269 893 377 950 deberi:
396 893 446 948 sed
463 892 608 948 humanius
626 897 669 948 est
686 907 741 947 non
755 890 871 960 amplius
883 905 957 960 eum‚·
973 905 1055 960 quam
1068 889 1143 960 quod
1155 905 1185 946 re
1196 905 1264 946 uera
1275 888 1366 959 debet,
1379 887 1470 946 dando
1482 886 1569 958 hypo·

101 991 116 1039 t
134 984 243 1040 thecam
261 981 384 1038 liberare.
402 981 503 1037 Abona
518 995 564 1036 res
582 981 685 1036 utiliter
701 984 794 1050 potest
811 978 927 1048 obligari
944 977 996 1034 sub
1015 977 1184 1048 condicione,
1203 978 1226 1033 si
1244 977 1376 1034 debitoris
1392 974 1467 1032 lacta
1478 973 1568 1030 inerit.

102 1081 117 1128 e
135 1071 165 1128 Si
188 1072 243 1127 dno
265 1071 367 1142 pariter
389 1070 424 1126 de
442 1069 597 1142 hypotheca
614 1069 801 1138 paciscantur,
824 1067 853 1122 in
871 1071 1003 1140 quantum
1021 1067 1136 1136 quisque
1154 1065 1302 1136 obligatam
1320 1064 1503 1138 hypothecam
1521 1063 1569 1120 ba·

134 1160 208 1230 beat,
226 1165 317 1214 utrum
334 1173 385 1229 pro
403 1159 555 1228 quantitate
574 1157 660 1212 debiti
677 1172 713 1211 an
731 1171 780 1226 pro
797 1153 922 1226 partibus
939 1155 1067 1224 dimidiis,
1085 1155 1233 1223 quaeritur.
1260 1161 1289 1210 et
1306 1154 1395 1223 magis
1407 1157 1458 1222 est,
1476 1155 1508 1208 ut
1519 1167 1569 1222 pro
1589 1165 1618 1208 te

135 1249 287 1319 quantitate
305 1247 390 1302 debiti
408 1247 510 1316 pignus
527 1245 648 1301 habeant
664 1244 823 1314 obligatum.
855 1243 1051 1314 sedunosque,
1076 1244 1100 1299 si
1118 1259 1181 1299 oum
1198 1257 1356 1314 possessore
1374 1247 1453 1312 agat,
1475 1255 1568 1309 quem·

135 1336 321 1392 admodum¹?
346 1340 437 1390 utrum
456 1335 491 1390 de
509 1338 587 1404 parte
605 1333 722 1403 quisque
739 1347 774 1387 an
793 1332 828 1387 de
845 1336 913 1401 tcto,
931 1332 1011 1402 quasi
1029 1332 1137 1402 utrique
1155 1333 1183 1387 in
1196 1331 1313 1388 solidum
1324 1347 1369 1386 res
1381 1329 1503 1399 obligata
1514 1327 1569 1384 siti

135 1425 209 1494 quod
227 1425 279 1478 erit
296 1423 455 1492 dicendum,
478 1423 502 1478 si
521 1423 618 1478 eodem
636 1421 680 1476 die
698 1422 799 1491 pignus
816 1420 926 1490 utrique
943 1419 1038 1475 datum
1057 1426 1101 1476 est
1117 1421 1279 1491 separatim:
1301 1419 1352 1475 sed
1369 1419 1394 1474 si
1411 1411 1569 1502 [Μ

136 1512 216 1567 simul
232 1512 272 1568 illi
290 1515 319 1566 et
336 1512 388 1582 illi,
413 1512 437 1566 si
454 1511 507 1566 hoo
525 1514 616 1565 actum
635 1513 690 1579 est,
713 1513 830 1578 uterque
847 1513 922 1563 recte
939 1508 968 1564 in
986 1509 1103 1564 solidum
1121 1513 1200 1579 aget,
1218 1509 1243 1564 si
1260 1509 1363 1577 miuus,
1381 1508 1569 1577 unusquisque
1589 1517 1618 1558 ss

102 1609 117 1656 a
135 1615 184 1670 pro
201 1605 288 1670 parte.
316 1601 411 1655 Potest
428 1600 468 1654 ita
484 1597 543 1654 fieri
558 1598 681 1668 pignoris
693 1596 768 1653 datie
780 1597 996 1669 hypothecaeuc,
1015 1601 1055 1666 ut,
1073 1598 1098 1652 si
1109 1597 1182 1652 iutra
1193 1599 1297 1652 certum
1311 1595 1321 1667 ΙΙ
1334 1600 1444 1666 tompus
1465 1581 1569 1680 [ffers-l
1586 1603 1604 1650 t
1615 1603 1661 1650 sae

135 1703 191 1744 non
213 1688 251 1742 sit
271 1688 362 1744 soluta
376 1687 513 1757 pecunia,
538 1687 596 1740 iure
620 1686 751 1755 emptoris
768 1685 910 1754 possideat
926 1699 983 1741 rem
1001 1686 1074 1741 iusto
1090 1685 1179 1755 pretio
1196 1690 1263 1740 tuuc
1280 1671 1570 1742 aestimandamTffic

136 1775 208 1832 enim
226 1791 293 1830 casu
311 1775 422 1830 uidetur
438 1774 641 1844 quodammode
659 1773 854 1830 condicionalis
872 1787 933 1828 esse
951 1773 1082 1829 uenditio.
1109 1777 1138 1829 et
1155 1773 1195 1828 ita
1212 1773 1293 1828 diuus
1306 1772 1425 1828 Seuerus
1443 1777 1472 1828 et
1483 1772 1569 1828 Anto·

134 1865 216 1920 ninus
232 1863 438 1934 rescripserunt

79 1952 117 2010 17
188 1950 340 2007 umnam
356 1950 426 2006 libro
443 1951 539 2021 quinto
556 1950 663 2006 decimo
681 1948 717 2004 ad
735 1949 865 2016 edictum.
892 1949 1017 2019 Pignoris
1034 1949 1189 2020 persecutio
1206 1949 1235 2004 in
1252 1949 1395 2020 temporit
1412 1945 1569 2034 Q
1588 1955 1616 2008 Ε

135 2039 270 2096 ardonem
288 2039 424 2094 creditori.
1589 2049 1618 2089 so

80 2127 117 2186 18
187 2128 307 2182 Patruus
324 2125 393 2182 libro
410 2139 483 2182 nouo
501 2125 607 2182 decime
625 2123 662 2181 ed
677 2125 807 2204 edictum.
844 2123 874 2181 Si
892 2124 928 2180 ab
946 2139 993 2196 ee,
1011 2125 1059 2195 qui
1075 2123 1233 2181 Publiciana
1250 2126 1291 2182 uti
1307 2126 1397 2196 potuit
1414 2121 1569 2210 [ffaffisss
1588 2130 1616 2185 li

135 2215 200 2285 quia
217 2215 367 2271 dominium
385 2213 567 2283 nonhabet,
585 2213 694 2284 pignori
711 2213 813 2285 accepi,
831 2214 872 2270 sic
890 2219 981 2270 metor
998 2228 1042 2269 me
1059 2229 1109 2285 per
1125 2212 1285 2270 Seruianam
1303 2219 1421 2286 praetor,
1439 2201 1569 2285 qde'nhd

135 2304 247 2360 modum
265 2303 416 2360 debitorem
434 2318 483 2373 per
500 2301 695 2358 Publicianam.

81 2394 117 2452 19
189 2391 340 2448 Ummrus
357 2391 425 2448 libro
443 2391 576 2446 uicesimo
593 2390 681 2461 primo
699 2390 736 2445 ad
753 2389 882 2446 edictum.
912 2389 965 2456 Qui
982 2391 1090 2460 pignori
1106 2391 1199 2461 plures
1216 2406 1261 2448 res
1279 2392 1394 2463 accepit,
1412 2387 1570 2478 [Q
1588 2397 1617 2452 li

135 2495 191 2538 uon
209 2481 317 2551 cogitur
334 2495 416 2536 unam
433 2479 549 2535 liberare
567 2479 620 2534 nisi
638 2483 752 2550 accepto
770 2479 898 2536 uniuerso
916 2484 1049 2548 quantum
1066 2479 1191 2536 debetur.
1589 2491 1619 2532 ss

78 2571 119 2630 20
188 2570 266 2625 murs
284 2569 352 2624 libro
371 2569 544 2638 sexagesimo
561 2567 643 2623 tertio
661 2567 697 2622 ad
714 2567 843 2623 edictum.
879 2567 949 2624 (lum
968 2569 1109 2639 conuenit,
1127 2571 1160 2624 ut
1176 2568 1215 2638 is,
1232 2567 1280 2638 qui
1297 2568 1334 2624 ad
1352 2584 1393 2624 re·
1411 2566 1569 2658 Q
1588 2573 1615 2628 lt

136 2657 282 2714 tectionem
308 2653 426 2713 aedilicii
449 2653 577 2727 credidit,
605 2655 640 2710 de
662 2655 840 2728 pensionibus
863 2656 923 2711 iure
944 2657 1067 2726 pignoris
1089 2657 1149 2727 ipse
1173 2655 1307 2712 creditum
1329 2658 1457 2730 recipiat,
1485 2663 1569 2718 etium

136 2749 259 2803 actiones
285 2747 367 2800 utiles
394 2744 527 2800 aduersus
554 2744 699 2815 inquilinos
725 2745 843 2814 accipiet
869 2745 1003 2801 cautionis
1028 2747 1168 2816 exemplo,
1199 2759 1281 2816 quam
1308 2745 1417 2803 debitos
1442 2749 1570 2807 creditori
1692 2731 1695 2736 ¹

135 2836 245 2908 pignori
264 2833 349 2889 dedit
1589 2845 1619 2887 ra

79 2926 117 2984 21
189 2925 267 2979 Inna
287 2921 356 2978 libro
373 2921 578 2990 septuagesimo
595 2920 676 2976 tertio
694 2919 730 2975 ad
747 2919 876 2976 edictum.
913 2919 942 2976 Si
960 2921 1032 2976 inter
1049 2919 1174 2976 colonum
1192 2926 1222 2978 et
1237 2927 1395 2993 procurato·
1427 2935 1569 2995 esaan
1589 2929 1618 2982 lt

136 3027 193 3070 rem
211 3027 301 3068 meum
320 3010 479 3066 conuenerit
496 3009 531 3064 de
548 3009 662 3079 pignore
679 3007 724 3063 uel
741 3012 829 3064 ratam
846 3007 965 3064 habente
982 3023 1027 3064 me
1038 3010 1247 3066 consentionem
1259 3011 1304 3066 uel
1316 3003 1570 3086 mandanteffiuas‘i

104 3109 117 3156 1
136 3103 207 3157 inter
224 3115 269 3155 me
287 3104 316 3154 et
333 3099 458 3154 colonum
477 3113 568 3152 meum
586 3097 748 3156 conuenisse
765 3097 899 3153 uideatur.
935 3096 965 3153 Si
983 3095 1090 3153 debitor
1107 3113 1230 3168 seruum,
1251 3114 1333 3170 quem
1352 3117 1441 3158 anon
1459 3103 1570 3162 domino

136 3187 282 3246 bonafide
300 3191 405 3242 emerat
421 3191 450 3242 et
466 3187 635 3256 pigucrauit,
652 3189 760 3255 teneat,
779 3185 927 3241 Seruianae
944 3187 1021 3241 locus
1039 3190 1136 3257 estet,
1155 3187 1179 3242 si
1197 3187 1330 3244 aduersns
1348 3205 1411 3245 eum
1429 3197 1495 3262 agat
1512 3207 1569 3248 crs·

104 3287 119 3333 a
137 3278 216 3348 ditor,
235 3277 291 3332 doli
308 3275 484 3345 replicatione
502 3275 692 3345 exceptionem
710 3274 808 3329 elidet:
826 3279 855 3329 et
872 3275 911 3329 ita
928 3275 1049 3330 lulianus
1062 3275 1109 3344 ait,
1127 3279 1156 3330 et
1167 3275 1252 3331 habet
1263 3278 1404 3334 rationem.
1432 3279 1571 3350 Quidquid

104 3375 119 3421 ³
136 3366 244 3438 pignori
261 3363 398 3420 commodi
415 3364 475 3418 siue
492 3363 657 3418 incommodi
674 3360 786 3418 fortuito
805 3363 929 3431 accessit,
947 3363 977 3418 id
994 3363 1031 3418 ad
1048 3363 1200 3419 debitorem
1217 3365 1344 3434 pertinet
1377 3365 1407 3422 Si
1418 3382 1463 3422 res
1474 3368 1570 3438 pigne·
1590 3375 1620 3418 ss

136 3451 197 3511 rat'a
214 3470 269 3509 non
286 3453 457 3522 restituatur,
481 3452 516 3507 lis
534 3451 667 3506 aduersus
685 3465 872 3521 possessorem
889 3452 942 3506 erit
959 3452 1143 3523 aestimanda,
1162 3452 1211 3508 sed
1229 3453 1324 3524 utique
1342 3455 1420 3510 aliter
1437 3456 1570 3514 aduersus

136 3545 227 3614 ipsum
245 3541 406 3612 debitorem,
424 3541 504 3596 aliter
521 3541 654 3596 aduersus
672 3539 797 3610 quemuis
813 3553 1014 3608 possessorem:
1033 3556 1096 3595 nam
1111 3540 1244 3598 aduersus
1256 3541 1406 3598 debitorem
1419 3545 1570 3615 conpluris

137 3645 219 3700 quam
238 3631 333 3699 quanti
351 3629 446 3699 debet,
465 3629 603 3698 quianon
620 3629 706 3698 pluris
723 3629 845 3698 interest,
864 3627 997 3683 addemus
1016 3633 1122 3684 ceteros
1139 3645 1313 3700 possessores
1330 3633 1412 3687 etiam
1430 3633 1524 3704 pluris,
1542 3639 1572 3691 et

137 3719 211 3788 quod
229 3719 347 3789 amplius
363 3717 457 3774 debito
469 3721 634 3774 consecutus
646 3717 764 3773 creditor
776 3715 866 3786 fuerit,
884 3716 1029 3772 resb'tuere
1041 3715 1125 3774 debet
1136 3716 1252 3774 debitori
1263 3719 1443 3790 pignoraticia
1454 3722 1570 3778 sedens.

137 3823 299 3895 FlP(VU)]

139 3977 146 4010 ¹
167 3979 233 4043 agot
252 3983 298 4028 tm.

136 4103 345 4160 treiudicatae
366 4101 514 4174 re'p'plioet
536 4103 582 4168 F’,
605 4103 725 4158 iudicate
746 4103 826 4174 repli·
880 4118 950 4159 cana
967 4104 1046 4159 ΡΨ·
1089 4105 1124 4161 23
1141 4105 1315 4176 publicanam
1332 4107 1373 4161 P·
1416 4107 1451 4162 24
1462 4107 1572 4178 pignori

136 4173 182 4242 c'et
200 4175 241 4240 U·,
259 4174 503 4238 iudicate.····P·,
520 4173 640 4229 iudicate
658 4176 697 4230 rei
713 4175 828 4245 replicet
879 4175 981 4246 plures]
1008 4177 1124 4247 pignore
1148 4177 1196 4242 P⁶,
1221 4178 1330 4248 pignori
1356 4177 1430 4233 Vm·
1491 4179 1527 4234 32
1554 4194 1571 4235 a
1629 4209 1632 4216 ,

136 4246 184 4312 1³⁵,
207 4245 321 4300 iudicati
344 4245 457 4315 replicet
483 4243 517 4298 Η*
570 4245 664 4314 time]
684 4261 747 4300 eum
765 4246 827 4301 ΡΠ*
880 4265 928 4299 om.
941 4247 981 4301 P·
1024 4249 1060 4303 34
1078 4248 1368 4318 excomptionemffl
1384 4249 1527 4320 etita1ita
1540 4250 1571 4314 P,

135 4317 154 4373 4
172 4317 284 4372 soluerit
296 4315 327 4371 'a'
341 4313 378 4370 l*
398 4318 402 4384 Ι
423 4315 524 4371 debeat
545 4315 643 4380 PVU‘,
665 4315 767 4372 habeat
793 4316 827 4371 ll·
879 4316 919 4372 ita
936 4321 968 4373 ut
989 4317 1015 4372 U
1054 4319 1090 4374 38
1107 4319 1172 4388 quia
1189 4334 1244 4376 non
1314 4321 1349 4375 39
1361 4321 1507 4376 restituere
1524 4319 1571 4375 de-

136 4389 154 4443 5
187 4388 222 4443 ab
254 4387 406 4458 suptilitate
437 4387 506 4456 legis
537 4391 566 4442 et
597 4389 760 4443 auctoritate
787 4388 827 4441 1²⁰
879 4387 928 4443 bet
945 4407 994 4442 em.
1012 4408 1059 4444 rao
1077 4393 1140 4455 loeo,
1159 4391 1235 4446 hahet
1258 4393 1315 4456 (sed
1336 4400 1439 4446 omissis
1456 4392 1572 4447 interest

137 4461 254 4528 lqnam
272 4477 320 4512 om.
335 4457 416 4523 V·U·,
434 4465 482 4512 inc.
495 4459 534 4512 P·
578 4457 775 4528 9obligantam
788 4459 827 4512 P·
879 4459 1013 4514 aduerssm
1040 4465 1145 4516 eeteros
1168 4476 1341 4532 possessores
1368 4463 1450 4518 etiam
1474 4463 1571 4533 pluris)

137 4531 172 4584 10
186 4545 282 4598 anpro
346 4528 478 4584 11debiei
495 4529 594 4582 om.P·
642 4531 675 4584 13
694 4529 718 4584 si
735 4529 825 4598 simul]
879 4532 1144 4598 interceuuallescit)
1161 4541 1186 4587 et
1202 4533 1252 4588 sed
1267 4553 1294 4604 p.
1307 4533 1360 4588 586
1377 4534 1432 4587 a3
1448 4534 1504 4587 P·:
1522 4534 1571 4587 cd·

136 4600 217 4656 simul
236 4593 342 4654 1¹·Vll·
395 4600 430 4655 14
453 4599 553 4669 miuus]
577 4599 666 4654 miuus
689 4605 754 4670 aget
776 4600 828 4654 PU
878 4608 937 4655 anet
947 4621 994 4656 eno
1006 4605 1061 4657 toro
1071 4604 1130 4670 (sed
1139 4604 1228 4658 iisdem
1238 4604 1323 4658 uerbis
1331 4604 1446 4673 emissis)
1458 4605 1494 4658 V:
1506 4603 1571 4674 quia

137 4673 171 4725 16
190 4671 389 4726 aestimandum
408 4671 437 4735 R
455 4669 641 4725 estimandum
659 4671 707 4736 1³⁶,
725 4671 827 4725 exami·
880 4685 934 4726 nen
951 4672 1037 4742 pluris
1053 4673 1168 4728 interest
1184 4676 1265 4746 suppl.
1278 4673 1326 4738 P‘,
1343 4677 1391 4728 retr·
1409 4694 1443 4728 uu
1455 4675 1508 4729 P·.·
1526 4676 1571 4728 de·

136 4741 256 4796 eandam
282 4741 308 4795 U
358 4743 392 4796 19
414 4741 536 4811 pignoris
628 4743 663 4796 20
681 4741 825 4810 actionem]
870 4746 934 4814 ficit
951 4752 977 4796 tn
995 4744 1036 4797 llis
1057 4743 1105 4797 U·:
1122 4745 1205 4818 eſsod
1219 4693 1450 4816 p.586c3fet]
1464 4744 1502 4799 F¹
1515 4763 1571 4801 eum

136 4811 233 4946 tlt
247 4811 827 4954 tlttlttstltttllttss'fl
879 4813 1244 4953 t‘ttttt‘lttt
1261 4815 1388 4953 'titt‘
1405 4817 1508 4881 Μ
1528 4819 1572 4871 '⁰‘

137 4951 246 5021 (ΔΜ)
265 4973 295 5008 eu
313 4960 519 5026 interpretatione
541 4961 634 5026 opinor
686 4955 721 5011 al
738 4951 827 5025 publi·
915 4922 925 4948 '
1247 4905 1282 4958 μ
