3652 5362
262 195 366 264 XXVI
387 197 406 262 l
430 200 548 258 55-58
936 189 991 268 77
998 189 1023 269 2
1310 214 1357 262 ns
1380 212 1705 262 nnunusrnarrorus

262 359 306 410 est
322 357 468 424 propterea
485 351 583 406 oeteris
600 364 705 420 poenae
723 349 889 420 depreestio,
907 349 983 420 quod
1002 349 1037 406 ab
1055 365 1110 407 uno
1127 350 1182 406 iam
1200 355 1299 408 exaeta
1315 355 1368 407 est.
1394 351 1444 407 sed
1462 355 1568 408 tutores
1586 356 1706 424 propter

263 444 409 499 admissam
428 440 689 496 administrationem
707 453 762 494 non
780 445 838 495 tam
856 439 943 495 inuito
961 439 1072 496 domino
1091 443 1260 496 oontreetare
1277 455 1339 496 eam
1357 439 1486 496 uidentur
1498 457 1582 512 quam
1594 439 1704 512 perfide

263 548 358 603 egere:
377 545 456 586 nemo
474 528 592 598 denique
609 527 683 583 ditet
700 543 784 584 unum
802 533 921 586 tutorem
940 533 969 585 et
987 529 1100 600 duplum
1118 528 1170 584 hae
1188 531 1295 585 aelione
1312 534 1452 600 praestare
1470 533 1500 585 et
1511 530 1590 600 qnasi
1605 530 1704 600 speeie

229 621 441 677 aeondietionis
459 621 507 673 aut
524 617 611 688 ipsam
630 632 687 673 rem
706 622 754 674 aut
772 619 831 674 eius
848 619 1075 674 aestimationem.
1112 618 1173 674 Non
1196 619 1285 674 solum
1308 633 1374 688 ergo
1396 619 1515 689 gessisse
1539 619 1657 674 tutelam
1676 619 1703 674 is

262 709 388 778 ereditur,
407 709 453 778 qui
471 709 517 763 alii
534 706 682 776 Quendam
701 707 850 778 mandauit,
868 706 917 764 sed
935 711 964 762 et
982 707 1029 776 qui
1047 707 1115 764 satis
1133 723 1151 762 a
1168 712 1310 763 tentatore
1329 709 1436 778 aeoepit
1452 721 1510 764 rem
1522 709 1627 764 saluam
1648 723 1702 778 pu·
1722 720 1736 762 ι

262 799 325 869 pilio
343 795 462 853 futuram
481 797 562 866 eique
579 796 705 866 permisit
722 795 984 854 administrationem
1002 799 1088 854 totius
1105 797 1221 867 tutelae,
1239 811 1291 852 nee
1308 802 1401 867 potest
1418 811 1449 852 se
1466 795 1613 852 detondere
1632 811 1702 851 oon·

228 885 461 956 istitutionibus,
484 900 556 955 quae
579 884 675 940 iubent
697 873 761 942 ante
783 885 922 942 mnueniri
947 903 1009 943 eum
1033 887 1079 958 qui
1103 886 1198 956 gessit.
1233 885 1302 942 Item
1321 887 1349 942 in
1366 901 1400 942 eo
1418 885 1491 956 quod
1509 900 1591 941 nemo
1608 885 1703 955 gessit

262 991 316 1032 non
334 977 428 1046 utique
447 976 506 1030 eius
524 975 672 1045 perieulum
692 979 743 1045 est,
762 975 809 1044 qui
827 976 962 1045 quaedam
980 976 1074 1046 gessit,
1093 975 1143 1030 sed
1161 973 1342 1032 communiter
1356 975 1491 1031 omnium:
1510 974 1585 1044 exigi
1602 979 1701 1030 autem

253 1064 297 1130 ,ab
315 1080 349 1120 eo
367 1065 424 1120 solo
442 1065 592 1134 perieulum
610 1063 646 1119 ob
665 1063 718 1118 alia
735 1079 806 1134 quae
825 1079 879 1120 non
897 1066 985 1136 gessit
1001 1081 1055 1122 non
1073 1068 1190 1135 oportet,
1209 1065 1261 1120 nisi
1279 1064 1371 1134 siqua
1386 1064 1453 1119 talia
1470 1069 1542 1134 eunt,
1560 1079 1634 1134 quae
1653 1063 1702 1120 uel

261 1153 522 1210 consummationem
541 1158 698 1223 coeptorum
718 1151 753 1208 ab
771 1167 805 1209 eo
823 1153 1016 1210 desiderabant
1033 1154 1078 1209 uel
1094 1155 1135 1208 ita
1152 1153 1298 1208 eoniuneta
1313 1150 1432 1222 fuerunt,
1452 1157 1484 1207 ut
1500 1153 1622 1224 separari
1641 1167 1701 1209 non
1721 1166 1751 1206 ιο

226 1251 242 1296 ι
260 1241 439 1298 debuerunt¹.
476 1242 555 1308 Quod
573 1247 665 1297 autem
684 1241 783 1297 dieitur
800 1242 904 1298 desisse
922 1243 1053 1299 soluendo
1078 1257 1139 1298 esse
1161 1243 1206 1297 uel
1226 1257 1281 1298 non
1299 1257 1361 1298 esse
1378 1246 1535 1298 eontutores
1551 1245 1701 1312 praestare

260 1331 375 1401 debere,
399 1329 556 1401 uideamus,
580 1331 687 1400 qualern
706 1331 872 1388 intellectum
891 1331 987 1403 hahet,
1012 1331 1042 1387 id
1065 1337 1109 1386 est
1132 1336 1222 1387 utrum
1241 1330 1342 1387 suffieit
1360 1332 1425 1388 nihil
1443 1332 1613 1388 deminutum
1633 1345 1701 1386 esse

260 1420 294 1475 de
313 1419 488 1475 fatuitatibus
506 1420 670 1490 eontutoris,
693 1435 728 1475 ex
746 1435 800 1491 quo
818 1426 940 1492 tempore
958 1421 1039 1476 datus
1057 1425 1112 1490 est,
1136 1421 1186 1476 sed
1210 1421 1325 1478 eandem
1343 1420 1440 1476 faeiem
1458 1420 1615 1490 patrimonii
1634 1434 1699 1489 per·

260 1510 407 1580 mansisse,
431 1526 480 1579 au,
505 1510 557 1564 etsi
574 1507 640 1564 nihil
657 1513 721 1578 post
738 1509 850 1580 aeeidit,
875 1510 949 1581 quod
966 1511 1056 1580 palam
1078 1508 1164 1566 imiat
1185 1509 1397 1566 deminutionem
1415 1509 1585 1580 patrimonii,
1609 1507 1700 1564 debet

258 1604 351 1654 tamen
369 1603 495 1667 oontutor
511 1598 646 1668 inquirere
665 1596 788 1654 sonoras
807 1599 965 1655 eontutoris.
994 1598 1044 1654 sed
1061 1597 1113 1654 hoe
1131 1603 1159 1654 et
1176 1615 1212 1655 ex
1228 1615 1362 1669 personae
1380 1600 1511 1669 qualitate
1529 1601 1558 1653 et
1576 1611 1612 1652 ex
1625 1603 1699 1652 tern-
1720 1614 1749 1654 rs

258 1689 332 1757 poris
350 1687 567 1757 intercapedine,
586 1701 641 1756 quo
658 1691 853 1742 testamentum
872 1686 974 1743 fastum
993 1691 1049 1757 est,
1068 1701 1156 1758 nsque
1174 1688 1210 1743 ad
1228 1692 1344 1744 mortem
1361 1689 1447 1758 patris
1465 1687 1545 1742 aliam
1564 1687 1698 1742 aestima

258 1777 360 1836 tionem
379 1777 503 1846 aoeipere
522 1775 617 1832 debet:
636 1792 699 1830 nam
719 1780 813 1848 aperte
831 1776 946 1847 prodigo
964 1777 1009 1832 uel
1027 1777 1105 1832 euius
1124 1775 1197 1832 hona
1213 1777 1357 1832 uenierunt
1368 1777 1443 1844 (lieet
1454 1775 1598 1846 obreptum
1611 1772 1699 1830 suerit

258 1866 385 1936 praetori,
405 1866 451 1935 qui
469 1865 580 1921 deoreto
598 1879 660 1920 eum
680 1864 765 1934 dedit)
779 1866 937 1937 permittere
949 1866 1102 1922 eontutori¹
1114 1864 1375 1922 administrationem
1388 1881 1443 1922 uon
1455 1864 1545 1934 debet,
1562 1869 1591 1919 et
1601 1864 1699 1934 potuit

259 1955 361 2026 aliquid
382 1960 461 2025 pater
483 1969 576 2012 eorum
599 1959 663 2024 post
685 1958 881 2010 testamentum
903 1953 1006 2010 tastum
1029 1955 1157 2010 aeeidens
1180 1955 1321 2025 ignorasse
1345 1959 1406 2026 aut,
1434 1969 1495 2010 oum
1523 1953 1697 2008 destinatum

258 2043 372 2098 haberet
389 2049 496 2098 mutare
514 2047 718 2114 testamentum,
738 2043 766 2098 id
784 2059 840 2100 nou
858 2042 965 2099 ieeisse.
1718 2059 1748 2102 ιο

202 2130 240 2190 56
312 2131 470 2188 Sossuoun
487 2131 557 2188 libro
574 2138 671 2202 quarto
690 2133 867 2203 digestorum.
903 2133 991 2188 Τιιιοι
1007 2145 1096 2187 rerum
1119 2137 1148 2188 et
1165 2133 1321 2188 animalium
1339 2133 1433 2204 pupilli
1451 2147 1515 2187 uen·
1534 2125 1700 2214 [Q
1719 2141 1747 2196 Α

259 2219 388 2276 ditionem
407 2219 480 2291 feeit,
499 2220 549 2275 sed
566 2221 701 2290 quaedam
720 2222 848 2276 animalia
865 2221 1034 2291 emptoribus
1051 2221 1169 2292 pretium
1187 2238 1242 2278 non
1261 2221 1429 2278 soluentibus
1441 2221 1554 2277 retinuit
1570 2224 1599 2275 et
1619 2220 1699 2290 apud

207 2381 209 2386 Ι
259 2324 289 2364 se
306 2308 410 2379 habuit,
428 2310 545 2380 pretium
564 2309 637 2365 idem
655 2310 805 2366 rationibus
823 2311 917 2380 pupilli
935 2315 1050 2381 aeeepto
1068 2299 1143 2367 tulit:
1162 2327 1196 2367 ex
1215 2311 1257 2366 his
1274 2312 1377 2382 aliquot
1389 2315 1454 2366 nata
1465 2315 1542 2365 sunt:
1561 2307 1699 2366 defuneto

259 2403 349 2454 tutore
367 2398 446 2454 heres
465 2399 524 2454 eius
542 2398 657 2454 eandem
675 2399 790 2454 tutelam
809 2399 1009 2454 administrauit
1026 2404 1055 2454 et
1072 2400 1200 2456 animalia
1217 2400 1295 2455 anuis
1313 2400 1435 2471 plurimis
1452 2398 1589 2470 possedit:
1609 2413 1698 2468 quae-

259 2487 342 2542 situm
360 2492 414 2556 est,
433 2503 481 2559 an,
501 2501 563 2543 oum
581 2488 605 2543 is
624 2488 701 2543 ouius
718 2488 806 2543 tutela
823 2487 1013 2544 administrata
1030 2493 1073 2544 est
1091 2489 1169 2544 annis
1187 2489 1285 2559 uiginti
1303 2493 1433 2560 quattuor
1450 2491 1536 2557 esset,
1555 2488 1618 2542 iure
1639 2487 1698 2542 ani-
1718 2498 1749 2538 as

259 2576 341 2632 maha
358 2577 518 2632 uindicaret.
545 2577 687 2648 rospondit
703 2577 854 2633 seeundum
877 2593 1004 2649 eaquae
1027 2583 1243 2648 proponerentur
1265 2579 1397 2650 pupillum
1421 2593 1455 2634 ea
1478 2575 1621 2634 uindieare
1640 2589 1699 2632 non

259 2679 349 2735 posse.

202 2756 241 2816 57
312 2754 390 2809 insu
413 2753 482 2810 libro
506 2754 612 2810 deeimo
636 2753 814 2825 digestorum.
856 2755 1049 2826 chirographis
1075 2755 1229 2812 debitorum
1255 2755 1381 2812 incendio
1402 2755 1507 2810 exustis
1530 2748 1700 2839 [ᾗῇ-εξ
1718 2761 1746 2816 Α

260 2858 322 2898 eum
340 2859 375 2898 ex
393 2843 545 2900 inuentario
563 2849 668 2900 tutores
687 2846 833 2901 oonuenire
850 2859 898 2901 eos
921 2849 1036 2916 possent
1056 2845 1093 2902 ad
1111 2846 1269 2902 soluendam
1287 2846 1430 2916 peouniam
1449 2849 1498 2899 aut
1514 2844 1699 2900 uenationem

259 2929 412 2987 taciendam
431 2947 541 3004 eogere,
566 2949 627 2988 eum
646 2933 718 2989 idem
737 2933 811 2990 eirea
826 2935 948 3005 priores⁸
964 2933 1104 2991 debitores
1126 2939 1238 3006 propter
1255 2933 1372 2990 eundem
1391 2949 1485 2989 tasum
1502 2931 1647 3005 sedissent,
1667 2934 1700 2989 id
1719 2945 1749 2986 ιο

259 3021 415 3076 omisissent
432 3022 505 3077 eirea
522 3021 659 3078 debitores
677 3024 856 3094 pupillorum,
875 3039 923 3094 an,
943 3024 966 3082 si
984 3023 1050 3093 quid
1068 3029 1179 3094 propter
1195 3023 1266 3080 haue
1284 3021 1463 3080 eessationem
1482 3038 1577 3079 eorum
1595 3023 1700 3094 pupilli

259 3109 388 3165 damnum
407 3115 613 3181 contraxerunt,
636 3111 737 3168 iudieio
755 3113 857 3168 tutelae
876 3112 1095 3182 oonsequantur?
1121 3113 1275 3183 respondit,
1299 3114 1323 3169 si
1340 3111 1521 3183 adprobatum
1539 3110 1628 3168 luerit
1646 3127 1699 3168 eos

226 3213 239 3258 1
258 3203 363 3254 tutores
381 3199 433 3254 hoe
450 3215 500 3269 per
517 3199 609 3256 dolum
628 3202 672 3257 uel
690 3203 798 3274 eulpam
816 3201 1059 3272 praetermississe,
1082 3203 1215 3272 praestari
1238 3201 1274 3266 ab
1296 3202 1339 3258 his
1361 3201 1413 3258 hoo
1430 3201 1536 3257 debers.
1573 3199 1622 3256 Ab
1642 3196 1699 3285 [ὦ

259 3303 300 3358 eo,
319 3288 366 3358 qui
384 3289 520 3345 sententia
537 3289 671 3364 praesidis
688 3290 768 3347 honis
787 3289 922 3360 ademptis
940 3291 1077 3360 relegatus
1095 3295 1162 3361 erat,
1181 3307 1242 3347 oum
1262 3306 1296 3347 ex
1309 3292 1443 3361 permissu
1455 3289 1585 3362 prinelpis
1599 3278 1699 3362 appe‘l'-

258 3377 324 3432 latio
342 3377 401 3432 eius
419 3384 531 3449 reeepta
548 3379 597 3450 sit,
617 3395 698 3450 quam
717 3381 741 3436 is
759 3381 805 3451 qui
824 3381 1048 3451 pronuntiauerat
1065 3395 1119 3436 non
1138 3387 1292 3452 reoeperat,
1314 3379 1429 3436 fundum
1447 3383 1552 3435 emerat
1566 3381 1699 3450 'pupillus
1719 3393 1749 3435 ss

258 3465 501 3523 interuenientibus
519 3467 656 3524 tertoribus
679 3475 708 3525 et
726 3470 906 3540 appellatione
924 3470 1026 3525 iniusta
1048 3469 1224 3538 pronuntiata
1240 3467 1341 3525 fundus
1359 3470 1385 3526 ei
1402 3469 1509 3525 ablatus
1526 3473 1584 3523 est:
1609 3485 1700 3540 quae-

259 3555 341 3610 situm
360 3559 411 3628 est,
430 3573 465 3612 an
483 3557 585 3612 tutelae
603 3557 704 3615 iudiolo
721 3559 839 3629 pretium
851 3557 929 3614 tundi
940 3557 1058 3629 pupillus
1071 3558 1200 3628 oonsequi
1215 3559 1379 3614 atutoribus
1392 3558 1403 3632 ll
1415 3558 1510 3629 possit
1538 3559 1698 3631 respondit,
1717 3563 1792 3616 tals

258 3643 282 3698 si
300 3645 417 3700 seientes
440 3651 565 3702 emerunt
588 3646 623 3703 ab
648 3661 695 3719 eo,
719 3649 767 3718 qui
790 3648 819 3703 in
842 3661 876 3703 ea
899 3663 983 3704 eausa
1000 3651 1086 3718 esset,
1112 3653 1144 3702 ut
1166 3645 1301 3704 obnoxius
1324 3648 1475 3704 sententiae
1498 3647 1582 3717 priori
1609 3655 1698 3720 esset,

257 3734 360 3789 tutelae
378 3734 479 3790 iuditio
497 3750 545 3790 eos
562 3737 657 3792 teneri.
1153 3755 1154 3759 ¹
1719 3749 1749 3792 ss

201 3823 240 3883 58
310 3823 388 3878 Ibam
405 3823 473 3878 libro
492 3824 636 3880 undeeimo
654 3824 831 3895 digestorum.
863 3824 916 3892 Qui
933 3825 1147 3895 negotiationem
1165 3841 1214 3896 per
1230 3825 1401 3897 Pamphilum
1419 3829 1448 3880 et
1466 3825 1512 3880 Di·
1531 3819 1699 3909 [ῆι-τῇ
1720 3835 1747 3890 Α

257 3909 360 3981 philum
379 3913 454 3982 prius
472 3927 575 3983 seruos,
593 3917 691 3984 postea
708 3912 819 3969 libertos
838 3913 992 3984 exercebat,
1011 3929 1062 3970 suo
1080 3919 1245 3971 memmento
1263 3931 1311 3972 eos
1328 3919 1433 3970 tutores
1445 3899 1699 3990 reliquitffl

257 4003 288 4054 ut
305 4001 445 4070 negotium
464 4001 560 4057 eodem
579 4017 653 4057 more
672 4006 852 4072 exenteratur,
871 4017 926 4072 quo
944 4017 975 4058 se
993 4003 1058 4060 uiuo
1076 4003 1269 4061 exeroebatur:
1287 4003 1369 4075 hique
1386 4004 1499 4060 tutelam
1516 4003 1698 4064 administra·

257 4095 356 4144 uerunt
373 4105 426 4145 non
444 4095 565 4161 tantum,
589 4107 651 4147 eum
674 4087 800 4162 impubes
822 4091 931 4161 patroni
954 4087 1025 4146 filius
1043 4091 1153 4162 luisset,
1178 4093 1227 4149 sed
1249 4095 1332 4149 etiam
1350 4099 1414 4164 post
1429 4091 1604 4163 pubertatem
1623 4098 1697 4154 eius.

254 4177 306 4232 ,sed
324 4177 449 4248 Diphilus
467 4179 577 4248 quidem
596 4195 658 4235 oum
676 4181 844 4236 ineremento
862 4181 1055 4250 negotiationis
1078 4183 1198 4238 rationes
1215 4183 1328 4253 optulit,
1353 4181 1510 4252 Pamphilus
1528 4187 1624 4240 autem
1643 4203 1697 4256 pu·

256 4265 328 4320 tauit
343 4266 457 4322 reddere
475 4273 601 4338 oportere
620 4285 675 4325 non
693 4269 730 4324 ad
747 4270 943 4326 incrementum
961 4271 1162 4340 negotiationis,
1181 4269 1231 4326 sed
1243 4271 1279 4326 ad
1291 4271 1520 4342 eomputationem
1533 4287 1697 4346 usurarum,
1716 4285 1746 4328 aa

257 4357 288 4408 nt
311 4355 339 4410 in
363 4357 465 4412 tutelae
488 4357 589 4414 iudieio
612 4359 689 4414 solet.
722 4359 876 4429 quaesitum
900 4363 956 4430 est,
985 4376 1021 4415 an
1044 4359 1193 4416 seeundum
1222 4361 1392 4417 uoluntatem
1415 4358 1536 4416 deiunoti
1563 4365 1698 4434 exemplo

255 4459 453 4532 ι’(ιοιιιιιο)

256 4609 546 4751 {rdotsflbtggrcnitwtiiolqt
616 4615 772 4670 ’mutator
794 4614 896 4684 (Ham
963 4608 983 4652 '⁸
996 4619 1110 4689 fimum
1133 4617 1159 4672 Β
1182 4617 1257 4685 (roic
1279 4591 1425 4690 aportporc
1447 4617 1607 4690 χρεώοιιο)ι
1632 4640 1699 4696 pro-

257 4829 292 4883 10
310 4833 542 4888 consumationem
557 4835 582 4886 F
626 4837 658 4890 11
677 4835 790 4906 desisse]
807 4836 945 4902 would,
998 4803 1135 4894 mis‘s'isse
1158 4837 1194 4893 F*
1214 4839 1220 4907 Ι
1240 4837 1349 4909 debere]
1374 4839 1427 4905 ΕΙ,
1456 4839 1550 4898 deberi
1575 4845 1703 4905 FWDG

257 4898 367 4957 dedisse
384 4903 411 4955 F
455 4906 488 4959 ll
506 4903 651 4962 benierunt
669 4907 705 4960 F¹
750 4909 785 4963 23
802 4908 949 4978 aliquod!i
997 4909 1033 4964 35
1050 4909 1219 4980 ree‘t'eperat
1236 4909 1280 4976 Fi,
1299 4915 1407 4980 reparat
1424 4911 1494 4968 wa*
1546 4914 1586 4971 44
1608 4917 1701 4976 inore·

257 4972 291 5026 31
309 4973 484 5030 omisissent
495 4977 531 5028 F‘
578 4979 613 5032 33
631 4979 675 5032 uel
693 4997 741 5032 ons.
753 4980 788 5033 Ρ
804 4981 809 5048 l
824 4985 945 5050 praeter·
997 4988 1090 5038 mento
1169 4983 1205 5037 45
1224 4997 1278 5036 nou
1296 4981 1332 5036 ad
1350 4983 1390 5037 tte
1407 4982 1444 5034 ht
