<?xml version="1.0" encoding="UTF-8"?>
<!DOCTYPE html PUBLIC "-//W3C//DTD XHTML 1.0 Transitional//EN"
    "http://www.w3.org/TR/xhtml1/DTD/xhtml1-transitional.dtd">
<html xmlns="http://www.w3.org/1999/xhtml" xml:lang="en" lang="en">
 <head>
  <title>
</title>
<meta http-equiv="Content-Type" content="text/html;charset=utf-8" />
  <meta name='ocr-system' content='tesseract 3.04.00' />
  <meta name='ocr-capabilities' content='ocr_page ocr_carea ocr_par ocr_line ocrx_word'/>
</head>
<body>
  <div class='ocr_page' id='page_1' title='image "./digestaiustinia01kruegoog_1045.png"; bbox 0 0 4320 5340; ppageno 0'>
   <div class='ocr_carea' id='block_1_1' title="bbox 564 131 2012 253">
    <p class='ocr_par' dir='ltr' id='par_1_1' title="bbox 564 131 2012 253">
     <span class='ocr_line' id='line_1_1' title="bbox 564 131 2012 253; baseline -0.018 6"><span class='ocrx_word' id='word_1_1' title='bbox 564 177 712 246; x_wconf 77' lang='lat' dir='ltr'>XXVIIII</span> <span class='ocrx_word' id='word_1_2' title='bbox 732 179 754 246; x_wconf 81' lang='lat'>5</span> <span class='ocrx_word' id='word_1_3' title='bbox 774 185 853 240; x_wconf 75' lang='grc'><strong>1-3</strong></span> <span class='ocrx_word' id='word_1_4' title='bbox 1233 169 1325 253; x_wconf 57' lang='grc' dir='ltr'><strong>Υ898</strong></span> <span class='ocrx_word' id='word_1_5' title='bbox 1569 195 1617 244; x_wconf 83' lang='lat' dir='ltr'><strong>nu</strong></span> <span class='ocrx_word' id='word_1_6' title='bbox 1640 189 1807 244; x_wconf 70' lang='lat' dir='ltr'><strong>suenrus</strong></span> <span class='ocrx_word' id='word_1_7' title='bbox 1833 131 2012 238; x_wconf 75' lang='lat' dir='ltr'><strong>consumo</strong></span> 
     </span>
    </p>
   </div>
   <div class='ocr_carea' id='block_1_2' title="bbox 486 323 2105 4242">
    <p class='ocr_par' dir='ltr' id='par_1_2' title="bbox 517 323 2078 1744">
     <span class='ocr_line' id='line_1_2' title="bbox 566 323 2012 405; baseline -0.007 -13"><span class='ocrx_word' id='word_1_8' title='bbox 566 336 702 392; x_wconf 80' lang='lat' dir='ltr'><strong>‘suxilium</strong></span> <span class='ocrx_word' id='word_1_9' title='bbox 720 335 776 390; x_wconf 89' lang='lat' dir='ltr'><strong>rei¹</strong></span> <span class='ocrx_word' id='word_1_10' title='bbox 795 333 873 405; x_wconf 82' lang='lat' dir='ltr'><strong>ferre,</strong></span> <span class='ocrx_word' id='word_1_11' title='bbox 891 335 915 390; x_wconf 88' lang='lat' dir='ltr'><strong>si</strong></span> <span class='ocrx_word' id='word_1_12' title='bbox 932 347 987 390; x_wconf 88' lang='lat' dir='ltr'><strong>nou</strong></span> <span class='ocrx_word' id='word_1_13' title='bbox 1004 347 1117 404; x_wconf 89' lang='lat' dir='ltr'><strong>corpore</strong></span> <span class='ocrx_word' id='word_1_14' title='bbox 1135 347 1194 404; x_wconf 86' lang='lat' dir='ltr'><strong>sno,</strong></span> <span class='ocrx_word' id='word_1_15' title='bbox 1211 336 1242 388; x_wconf 84' lang='lat' dir='ltr'><strong>st</strong></span> <span class='ocrx_word' id='word_1_16' title='bbox 1253 337 1327 388; x_wconf 86' lang='lat' dir='ltr'><strong>certe</strong></span> <span class='ocrx_word' id='word_1_17' title='bbox 1338 347 1408 388; x_wconf 89' lang='lat' dir='ltr'><strong>uoce</strong></span> <span class='ocrx_word' id='word_1_18' title='bbox 1420 332 1580 404; x_wconf 71' lang='lat' dir='ltr'><strong>plorantem,</strong></span> <span class='ocrx_word' id='word_1_19' title='bbox 1598 337 1631 390; x_wconf 89' lang='lat' dir='ltr'><strong>ut</strong></span> <span class='ocrx_word' id='word_1_20' title='bbox 1641 331 1679 402; x_wconf 87' lang='lat' dir='ltr'><strong>bi,</strong></span> <span class='ocrx_word' id='word_1_21' title='bbox 1698 331 1750 403; x_wconf 87' lang='lat' dir='ltr'><strong>qui</strong></span> <span class='ocrx_word' id='word_1_22' title='bbox 1763 330 1796 386; x_wconf 89' lang='lat' dir='ltr'><strong>iu</strong></span> <span class='ocrx_word' id='word_1_23' title='bbox 1808 327 1899 384; x_wconf 81' lang='lat' dir='ltr'><strong>domo</strong></span> <span class='ocrx_word' id='word_1_24' title='bbox 1910 323 2012 382; x_wconf 81' lang='lat' dir='ltr'><strong>iuermt</strong></span> 
     </span>
     <span class='ocr_line' id='line_1_3' title="bbox 566 414 2011 495; baseline -0.009 -14"><span class='ocrx_word' id='word_1_25' title='bbox 566 424 622 481; x_wconf 84' lang='lat' dir='ltr'><strong>&#39;sut</strong></span> <span class='ocrx_word' id='word_1_26' title='bbox 645 424 728 480; x_wconf 87' lang='lat' dir='ltr'><strong>uicini</strong></span> <span class='ocrx_word' id='word_1_27' title='bbox 750 423 888 495; x_wconf 70' lang='lat' dir='ltr'><strong>bullirent,</strong></span> <span class='ocrx_word' id='word_1_28' title='bbox 911 422 963 480; x_wconf 90' lang='lat' dir='ltr'><strong>boc</strong></span> <span class='ocrx_word' id='word_1_29' title='bbox 986 421 1045 493; x_wconf 86' lang='lat' dir='ltr'><strong>ipso</strong></span> <span class='ocrx_word' id='word_1_30' title='bbox 1068 418 1242 478; x_wconf 77' lang='lat' dir='ltr'><strong>menifestum</strong></span> <span class='ocrx_word' id='word_1_31' title='bbox 1265 425 1323 491; x_wconf 85' lang='lat' dir='ltr'><strong>est,</strong></span> <span class='ocrx_word' id='word_1_32' title='bbox 1347 420 1421 492; x_wconf 83' lang='lat' dir='ltr'><strong>quod</strong></span> <span class='ocrx_word' id='word_1_33' title='bbox 1444 419 1514 477; x_wconf 86' lang='lat' dir='ltr'><strong>(lixit</strong></span> <span class='ocrx_word' id='word_1_34' title='bbox 1532 435 1724 492; x_wconf 79' lang='lat' dir='ltr'><strong>percussorem</strong></span> <span class='ocrx_word' id='word_1_35' title='bbox 1750 417 1811 475; x_wconf 86' lang='lat' dir='ltr'><strong>sibi</strong></span> <span class='ocrx_word' id='word_1_36' title='bbox 1829 419 1953 472; x_wconf 88' lang='lat' dir='ltr'><strong>mortem</strong></span> <span class='ocrx_word' id='word_1_37' title='bbox 1969 414 2011 469; x_wconf 90' lang='lat' dir='ltr'><strong>mi-</strong></span> 
     </span>
     <span class='ocr_line' id='line_1_4' title="bbox 566 499 2009 589; baseline -0.007 -19"><span class='ocrx_word' id='word_1_38' title='bbox 566 513 677 585; x_wconf 87' lang='lat' dir='ltr'><strong>&#39;nstnm,</strong></span> <span class='ocrx_word' id='word_1_39' title='bbox 695 514 719 570; x_wconf 89' lang='lat' dir='ltr'><strong>sl</strong></span> <span class='ocrx_word' id='word_1_40' title='bbox 735 514 939 584; x_wconf 64' lang='lat' dir='ltr'><strong>proclamasset</strong></span> <span class='ocrx_word' id='word_1_41' title='bbox 958 511 1083 567; x_wconf 82' lang='lat' dir='ltr'><strong>ultimum</strong></span> <span class='ocrx_word' id='word_1_42' title='bbox 1100 511 1193 582; x_wconf 68' lang='lat' dir='ltr'><strong>itaque</strong></span> <span class='ocrx_word' id='word_1_43' title='bbox 1211 511 1372 582; x_wconf 86' lang='lat' dir='ltr'><strong>supplicium</strong></span> <span class='ocrx_word' id='word_1_44' title='bbox 1390 511 1449 581; x_wconf 79' lang='lat' dir='ltr'><strong>peti</strong></span> <span class='ocrx_word' id='word_1_45' title='bbox 1466 508 1550 566; x_wconf 85' lang='lat' dir='ltr'><strong>debet</strong></span> <span class='ocrx_word' id='word_1_46' title='bbox 1560 511 1621 566; x_wconf 78' lang='lat' dir='ltr'><strong>uel¹</strong></span> <span class='ocrx_word' id='word_1_47' title='bbox 1633 510 1696 581; x_wconf 89' lang='lat' dir='ltr'><strong>boo,</strong></span> <span class='ocrx_word' id='word_1_48' title='bbox 1715 523 1754 566; x_wconf 90' lang='lat' dir='ltr'><strong>ue</strong></span> <span class='ocrx_word' id='word_1_49' title='bbox 1768 506 1862 565; x_wconf 77' lang='lat' dir='ltr'><strong>ceteri</strong></span> <span class='ocrx_word' id='word_1_50' title='bbox 1873 504 1949 561; x_wconf 86' lang='lat' dir='ltr'><strong>serui</strong></span> <span class='ocrx_word' id='word_1_51' title='bbox 1965 499 2009 589; x_wconf 52' lang='lat' dir='ltr'><strong>[Q</strong></span> 
     </span>
     <span class='ocr_line' id='line_1_5' title="bbox 518 595 2011 675; baseline -0.004 -21"><span class='ocrx_word' id='word_1_52' title='bbox 518 607 548 654; x_wconf 80' lang='lat' dir='ltr'><strong>ue</strong></span> <span class='ocrx_word' id='word_1_53' title='bbox 566 603 687 660; x_wconf 71' lang='lat' dir='ltr'><strong>‘crerint</strong></span> <span class='ocrx_word' id='word_1_54' title='bbox 708 604 737 659; x_wconf 87' lang='lat' dir='ltr'><strong>in</strong></span> <span class='ocrx_word' id='word_1_55' title='bbox 759 602 879 675; x_wconf 77' lang='lat' dir='ltr'><strong>periomc</strong></span> <span class='ocrx_word' id='word_1_56' title='bbox 902 600 1072 658; x_wconf 85' lang='lat' dir='ltr'><strong>dominorum</strong></span> <span class='ocrx_word' id='word_1_57' title='bbox 1095 599 1149 656; x_wconf 85' lang='lat' dir='ltr'><strong>sibi</strong></span> <span class='ocrx_word' id='word_1_58' title='bbox 1170 615 1306 671; x_wconf 80' lang='lat' dir='ltr'><strong>quemque</strong></span> <span class='ocrx_word' id='word_1_59' title='bbox 1329 600 1471 656; x_wconf 86' lang='lat' dir='ltr'><strong>consulere</strong></span> <span class='ocrx_word' id='word_1_60' title='bbox 1493 598 1610 656; x_wconf 85' lang='lat' dir='ltr'><strong>debere&#39;.</strong></span> <span class='ocrx_word' id='word_1_61' title='bbox 1644 601 1709 656; x_wconf 81' lang='lat' dir='ltr'><strong>Hoc</strong></span> <span class='ocrx_word' id='word_1_62' title='bbox 1731 597 1910 667; x_wconf 82' lang='lat' dir='ltr'><strong>rescriptum</strong></span> <span class='ocrx_word' id='word_1_63' title='bbox 1933 595 2011 649; x_wconf 69' lang='lat' dir='ltr'><strong>muln</strong></span> 
     </span>
     <span class='ocr_line' id='line_1_6' title="bbox 566 683 2034 761; baseline -0.008 -12"><span class='ocrx_word' id='word_1_64' title='bbox 566 693 701 750; x_wconf 86' lang='lat' dir='ltr'><strong>continet:</strong></span> <span class='ocrx_word' id='word_1_65' title='bbox 719 707 782 748; x_wconf 85' lang='lat' dir='ltr'><strong>nem</strong></span> <span class='ocrx_word' id='word_1_66' title='bbox 800 691 827 747; x_wconf 89' lang='lat' dir='ltr'><strong>ei</strong></span> <span class='ocrx_word' id='word_1_67' title='bbox 844 705 899 747; x_wconf 92' lang='lat' dir='ltr'><strong>non</strong></span> <span class='ocrx_word' id='word_1_68' title='bbox 915 689 1010 761; x_wconf 80' lang='lat' dir='ltr'><strong>percit,</strong></span> <span class='ocrx_word' id='word_1_69' title='bbox 1028 690 1076 760; x_wconf 85' lang='lat' dir='ltr'><strong>qul</strong></span> <span class='ocrx_word' id='word_1_70' title='bbox 1094 689 1190 746; x_wconf 81' lang='grc' dir='ltr'>οοᾱοιιι</span> <span class='ocrx_word' id='word_1_71' title='bbox 1209 689 1332 745; x_wconf 78' lang='lat' dir='ltr'><strong>concinni</strong></span> <span class='ocrx_word' id='word_1_72' title='bbox 1349 688 1414 746; x_wconf 81' lang='lat' dir='ltr'><strong>init:</strong></span> <span class='ocrx_word' id='word_1_73' title='bbox 1432 688 1512 760; x_wconf 85' lang='lat' dir='ltr'><strong>etei,</strong></span> <span class='ocrx_word' id='word_1_74' title='bbox 1530 689 1578 760; x_wconf 86' lang='lat' dir='ltr'><strong>qui</strong></span> <span class='ocrx_word' id='word_1_75' title='bbox 1593 690 1689 746; x_wconf 89' lang='lat' dir='ltr'><strong>timuit</strong></span> <span class='ocrx_word' id='word_1_76' title='bbox 1705 688 1791 759; x_wconf 85' lang='lat' dir='ltr'><strong>mori,</strong></span> <span class='ocrx_word' id='word_1_77' title='bbox 1810 701 1872 744; x_wconf 90' lang='lat' dir='ltr'><strong>uon</strong></span> <span class='ocrx_word' id='word_1_78' title='bbox 1884 683 2034 755; x_wconf 69' lang='lat' dir='ltr'><strong>ignoscite</strong></span> 
     </span>
     <span class='ocr_line' id='line_1_7' title="bbox 518 775 2078 853; baseline -0.002 -20"><span class='ocrx_word' id='word_1_79' title='bbox 518 786 548 833; x_wconf 84' lang='lat' dir='ltr'><strong>eo</strong></span> <span class='ocrx_word' id='word_1_80' title='bbox 566 785 595 838; x_wconf 86' lang='lat' dir='ltr'><strong>et</strong></span> <span class='ocrx_word' id='word_1_81' title='bbox 612 782 686 853; x_wconf 82' lang='lat' dir='ltr'><strong>quon</strong></span> <span class='ocrx_word' id='word_1_82' title='bbox 703 782 748 838; x_wconf 88' lang='lat' dir='ltr'><strong>uel</strong></span> <span class='ocrx_word' id='word_1_83' title='bbox 765 795 834 837; x_wconf 85' lang='lat' dir='ltr'><strong>uoce</strong></span> <span class='ocrx_word' id='word_1_84' title='bbox 851 783 977 850; x_wconf 83' lang='lat' dir='ltr'><strong>oportent</strong></span> <span class='ocrx_word' id='word_1_85' title='bbox 994 793 1089 836; x_wconf 83' lang='lat' dir='ltr'><strong>nemos</strong></span> <span class='ocrx_word' id='word_1_86' title='bbox 1106 778 1224 835; x_wconf 88' lang='lat' dir='ltr'><strong>dominis</strong></span> <span class='ocrx_word' id='word_1_87' title='bbox 1241 779 1372 834; x_wconf 68' lang='lat' dir='ltr'><strong>sutilium</strong></span> <span class='ocrx_word' id='word_1_88' title='bbox 1390 775 1474 848; x_wconf 75' lang='lat' dir='ltr'><strong>ferre,</strong></span> <span class='ocrx_word' id='word_1_89' title='bbox 1493 778 1621 834; x_wconf 74' lang='lat' dir='ltr'><strong>oemnffit</strong></span> <span class='ocrx_word' id='word_1_90' title='bbox 1656 778 1688 834; x_wconf 81' lang='lat' dir='ltr'><strong>Si</strong></span> <span class='ocrx_word' id='word_1_91' title='bbox 1706 778 1775 848; x_wconf 85' lang='lat' dir='ltr'><strong>quis</strong></span> <span class='ocrx_word' id='word_1_92' title='bbox 1792 777 1823 832; x_wconf 91' lang='lat' dir='ltr'><strong>iu</strong></span> <span class='ocrx_word' id='word_1_93' title='bbox 1842 775 1916 830; x_wconf 77' lang='lat' dir='ltr'><strong>uills</strong></span> <span class='ocrx_word' id='word_1_94' title='bbox 1931 787 2010 844; x_wconf 77' lang='lat' dir='ltr'><strong>egeus</strong></span> <span class='ocrx_word' id='word_1_95' title='bbox 2074 799 2078 808; x_wconf 94' lang='lat'>·</span> 
     </span>
     <span class='ocr_line' id='line_1_8' title="bbox 565 863 2044 941; baseline -0.006 -14"><span class='ocrx_word' id='word_1_96' title='bbox 565 871 673 928; x_wconf 88' lang='lat' dir='ltr'><strong>occisus</strong></span> <span class='ocrx_word' id='word_1_97' title='bbox 691 871 734 940; x_wconf 91' lang='lat' dir='ltr'><strong>sit,</strong></span> <span class='ocrx_word' id='word_1_98' title='bbox 752 871 814 941; x_wconf 89' lang='lat' dir='ltr'><strong>plus</strong></span> <span class='ocrx_word' id='word_1_99' title='bbox 831 885 914 940; x_wconf 87' lang='lat' dir='ltr'><strong>qusm</strong></span> <span class='ocrx_word' id='word_1_100' title='bbox 931 869 1053 938; x_wconf 86' lang='lat' dir='ltr'><strong>iniquum</strong></span> <span class='ocrx_word' id='word_1_101' title='bbox 1071 873 1122 939; x_wconf 85' lang='lat' dir='ltr'><strong>est,</strong></span> <span class='ocrx_word' id='word_1_102' title='bbox 1140 869 1165 924; x_wconf 87' lang='lat' dir='ltr'><strong>si</strong></span> <span class='ocrx_word' id='word_1_103' title='bbox 1181 866 1252 924; x_wconf 87' lang='lat' dir='ltr'><strong>iorte</strong></span> <span class='ocrx_word' id='word_1_104' title='bbox 1270 867 1372 924; x_wconf 76' lang='lat' dir='ltr'><strong>diffuse</strong></span> <span class='ocrx_word' id='word_1_105' title='bbox 1387 869 1443 924; x_wconf 86' lang='lat' dir='ltr'><strong>lete</strong></span> <span class='ocrx_word' id='word_1_106' title='bbox 1458 867 1572 938; x_wconf 86' lang='lat' dir='ltr'><strong>prsedie</strong></span> <span class='ocrx_word' id='word_1_107' title='bbox 1587 867 1697 939; x_wconf 78' lang='lat' dir='ltr'><strong>hebent,</strong></span> <span class='ocrx_word' id='word_1_108' title='bbox 1715 867 1755 922; x_wconf 87' lang='lat' dir='ltr'><strong>de</strong></span> <span class='ocrx_word' id='word_1_109' title='bbox 1775 863 1913 923; x_wconf 78' lang='lat' dir='ltr'><strong>ommbns</strong></span> <span class='ocrx_word' id='word_1_110' title='bbox 1930 863 2010 934; x_wconf 89' lang='lat' dir='ltr'><strong>quiin</strong></span> <span class='ocrx_word' id='word_1_111' title='bbox 2042 863 2044 872; x_wconf 91' lang='lat'>&#39;</span> 
     </span>
     <span class='ocr_line' id='line_1_9' title="bbox 566 953 2009 1030; baseline -0.005 -14"><span class='ocrx_word' id='word_1_112' title='bbox 566 975 600 1016; x_wconf 86' lang='lat' dir='ltr'><strong>ee</strong></span> <span class='ocrx_word' id='word_1_113' title='bbox 617 960 728 1030; x_wconf 74' lang='lat' dir='ltr'><strong>regione</strong></span> <span class='ocrx_word' id='word_1_114' title='bbox 745 958 846 1015; x_wconf 83' lang='lat' dir='ltr'><strong>fuerint</strong></span> <span class='ocrx_word' id='word_1_115' title='bbox 863 958 951 1014; x_wconf 89' lang='lat' dir='ltr'><strong>seruis</strong></span> <span class='ocrx_word' id='word_1_116' title='bbox 968 961 997 1013; x_wconf 86' lang='lat' dir='ltr'><strong>et</strong></span> <span class='ocrx_word' id='word_1_117' title='bbox 1014 957 1201 1028; x_wconf 86' lang='lat' dir='ltr'><strong>qusestionem</strong></span> <span class='ocrx_word' id='word_1_118' title='bbox 1219 957 1314 1014; x_wconf 82' lang='lat' dir='ltr'><strong>lrsberi</strong></span> <span class='ocrx_word' id='word_1_119' title='bbox 1331 963 1360 1013; x_wconf 87' lang='lat' dir='ltr'><strong>et</strong></span> <span class='ocrx_word' id='word_1_120' title='bbox 1377 958 1539 1029; x_wconf 88' lang='lat' dir='ltr'><strong>supplicium</strong></span> <span class='ocrx_word' id='word_1_121' title='bbox 1556 958 1642 1014; x_wconf 80' lang='lat' dir='ltr'><strong>euml:</strong></span> <span class='ocrx_word' id='word_1_122' title='bbox 1665 955 1776 1012; x_wconf 84' lang='lat' dir='ltr'><strong>sufficit</strong></span> <span class='ocrx_word' id='word_1_123' title='bbox 1794 970 1868 1025; x_wconf 82' lang='lat' dir='ltr'><strong>ergo</strong></span> <span class='ocrx_word' id='word_1_124' title='bbox 1887 967 1951 1023; x_wconf 86' lang='lat' dir='ltr'><strong>ees,</strong></span> <span class='ocrx_word' id='word_1_125' title='bbox 1968 953 2009 1022; x_wconf 81' lang='lat' dir='ltr'><strong>qui</strong></span> 
     </span>
     <span class='ocr_line' id='line_1_10' title="bbox 566 1041 2008 1120; baseline -0.006 -14"><span class='ocrx_word' id='word_1_126' title='bbox 566 1065 628 1106; x_wconf 89' lang='lat' dir='ltr'><strong>curn</strong></span> <span class='ocrx_word' id='word_1_127' title='bbox 646 1050 707 1120; x_wconf 90' lang='lat' dir='ltr'><strong>ipso</strong></span> <span class='ocrx_word' id='word_1_128' title='bbox 725 1049 772 1120; x_wconf 88' lang='lat' dir='ltr'><strong>qui</strong></span> <span class='ocrx_word' id='word_1_129' title='bbox 790 1048 897 1104; x_wconf 85' lang='lat' dir='ltr'><strong>occisus</strong></span> <span class='ocrx_word' id='word_1_130' title='bbox 914 1047 1014 1102; x_wconf 81' lang='lat' dir='ltr'><strong>dicitur</strong></span> <span class='ocrx_word' id='word_1_131' title='bbox 1030 1045 1141 1103; x_wconf 84' lang='lat' dir='ltr'><strong>fuerunt</strong></span> <span class='ocrx_word' id='word_1_132' title='bbox 1158 1047 1251 1118; x_wconf 85' lang='lat' dir='ltr'><strong>etqui</strong></span> <span class='ocrx_word' id='word_1_133' title='bbox 1268 1047 1424 1118; x_wconf 74' lang='lat' dir='ltr'><strong>suspicione</strong></span> <span class='ocrx_word' id='word_1_134' title='bbox 1441 1047 1534 1104; x_wconf 88' lang='lat' dir='ltr'><strong>csedis</strong></span> <span class='ocrx_word' id='word_1_135' title='bbox 1552 1052 1600 1103; x_wconf 84' lang='lat' dir='ltr'><strong>snt</strong></span> <span class='ocrx_word' id='word_1_136' title='bbox 1616 1044 1794 1102; x_wconf 77' lang='lat' dir='ltr'><strong>conscientie</strong></span> <span class='ocrx_word' id='word_1_137' title='bbox 1811 1043 1920 1113; x_wconf 74' lang='lat' dir='ltr'><strong>stringi</strong></span> <span class='ocrx_word' id='word_1_138' title='bbox 1940 1041 2008 1097; x_wconf 78' lang='lat' dir='ltr'><strong>uide</strong></span> 
     </span>
     <span class='ocr_line' id='line_1_11' title="bbox 518 1132 2043 1210; baseline -0.005 -15"><span class='ocrx_word' id='word_1_139' title='bbox 518 1141 547 1188; x_wconf 79' lang='lat'><strong>³1</strong></span> <span class='ocrx_word' id='word_1_140' title='bbox 565 1138 675 1210; x_wconf 88' lang='lat' dir='ltr'><strong>buntur,</strong></span> <span class='ocrx_word' id='word_1_141' title='bbox 694 1139 729 1195; x_wconf 89' lang='lat' dir='ltr'><strong>do</strong></span> <span class='ocrx_word' id='word_1_142' title='bbox 746 1137 790 1193; x_wconf 87' lang='lat' dir='ltr'><strong>hie</strong></span> <span class='ocrx_word' id='word_1_143' title='bbox 807 1137 996 1208; x_wconf 69' lang='lat' dir='ltr'><strong>quaestionem</strong></span> <span class='ocrx_word' id='word_1_144' title='bbox 1013 1135 1116 1192; x_wconf 82' lang='lat' dir='ltr'><strong>heberi.</strong></span> <span class='ocrx_word' id='word_1_145' title='bbox 1152 1137 1222 1192; x_wconf 84' lang='lat' dir='ltr'><strong>(lum</strong></span> <span class='ocrx_word' id='word_1_146' title='bbox 1239 1137 1366 1192; x_wconf 83' lang='lat' dir='ltr'><strong>dominus</strong></span> <span class='ocrx_word' id='word_1_147' title='bbox 1382 1137 1411 1192; x_wconf 88' lang='lat' dir='ltr'><strong>lu</strong></span> <span class='ocrx_word' id='word_1_148' title='bbox 1428 1137 1524 1192; x_wconf 88' lang='lat' dir='ltr'><strong>itinere</strong></span> <span class='ocrx_word' id='word_1_149' title='bbox 1542 1135 1755 1204; x_wconf 75' lang='lat' dir='ltr'><strong>esmtsoecism,</strong></span> <span class='ocrx_word' id='word_1_150' title='bbox 1774 1133 1812 1190; x_wconf 85' lang='lat' dir='ltr'><strong>de</strong></span> <span class='ocrx_word' id='word_1_151' title='bbox 1825 1132 1883 1203; x_wconf 87' lang='lat' dir='ltr'><strong>bis,</strong></span> <span class='ocrx_word' id='word_1_152' title='bbox 1902 1132 1950 1203; x_wconf 86' lang='lat' dir='ltr'><strong>qui</strong></span> <span class='ocrx_word' id='word_1_153' title='bbox 1960 1147 2008 1187; x_wconf 82' lang='lat' dir='ltr'><strong>uns</strong></span> <span class='ocrx_word' id='word_1_154' title='bbox 2022 1141 2043 1181; x_wconf 77' lang='grc' dir='ltr'><strong>ιι</strong></span> 
     </span>
     <span class='ocr_line' id='line_1_12' title="bbox 565 1222 2007 1297; baseline -0.005 -14"><span class='ocrx_word' id='word_1_155' title='bbox 565 1243 628 1284; x_wconf 89' lang='lat' dir='ltr'><strong>cnm</strong></span> <span class='ocrx_word' id='word_1_156' title='bbox 651 1241 685 1283; x_wconf 91' lang='lat' dir='ltr'><strong>eo</strong></span> <span class='ocrx_word' id='word_1_157' title='bbox 709 1225 819 1282; x_wconf 85' lang='lat' dir='ltr'><strong>inerunt</strong></span> <span class='ocrx_word' id='word_1_158' title='bbox 839 1241 901 1282; x_wconf 89' lang='lat' dir='ltr'><strong>cnm</strong></span> <span class='ocrx_word' id='word_1_159' title='bbox 924 1225 1095 1282; x_wconf 84' lang='lat' dir='ltr'><strong>occideretur</strong></span> <span class='ocrx_word' id='word_1_160' title='bbox 1111 1225 1170 1297; x_wconf 89' lang='lat' dir='ltr'><strong>uel,</strong></span> <span class='ocrx_word' id='word_1_161' title='bbox 1194 1241 1257 1282; x_wconf 92' lang='lat' dir='ltr'><strong>cum</strong></span> <span class='ocrx_word' id='word_1_162' title='bbox 1275 1241 1331 1281; x_wconf 79' lang='lat' dir='ltr'><strong>uus</strong></span> <span class='ocrx_word' id='word_1_163' title='bbox 1347 1223 1472 1297; x_wconf 76' lang='lat' dir='ltr'><strong>fuissent,</strong></span> <span class='ocrx_word' id='word_1_164' title='bbox 1490 1224 1684 1297; x_wconf 73' lang='lat' dir='ltr'><strong>profugerunt,</strong></span> <span class='ocrx_word' id='word_1_165' title='bbox 1706 1222 1888 1294; x_wconf 87' lang='lat' dir='ltr'><strong>supplicium</strong></span> <span class='ocrx_word' id='word_1_166' title='bbox 1907 1236 2007 1276; x_wconf 67' lang='lat' dir='ltr'><strong>summ</strong></span> 
     </span>
     <span class='ocr_line' id='line_1_13' title="bbox 565 1309 2007 1386; baseline -0.004 -14"><span class='ocrx_word' id='word_1_167' title='bbox 565 1315 631 1372; x_wconf 87' lang='lat' dir='ltr'><strong>(lum</strong></span> <span class='ocrx_word' id='word_1_168' title='bbox 654 1321 706 1372; x_wconf 79' lang='lat' dir='ltr'><strong>eet</strong></span> <span class='ocrx_word' id='word_1_169' title='bbox 733 1315 808 1386; x_wconf 86' lang='lat' dir='ltr'><strong>quod</strong></span> <span class='ocrx_word' id='word_1_170' title='bbox 831 1316 854 1370; x_wconf 89' lang='lat' dir='ltr'><strong>si</strong></span> <span class='ocrx_word' id='word_1_171' title='bbox 872 1331 935 1371; x_wconf 89' lang='lat' dir='ltr'><strong>cum</strong></span> <span class='ocrx_word' id='word_1_172' title='bbox 953 1315 1064 1372; x_wconf 89' lang='lat' dir='ltr'><strong>domiuo</strong></span> <span class='ocrx_word' id='word_1_173' title='bbox 1080 1329 1163 1372; x_wconf 87' lang='lat' dir='ltr'><strong>neruo</strong></span> <span class='ocrx_word' id='word_1_174' title='bbox 1179 1312 1233 1370; x_wconf 82' lang='lat' dir='ltr'><strong>tuit</strong></span> <span class='ocrx_word' id='word_1_175' title='bbox 1249 1329 1312 1371; x_wconf 88' lang='lat' dir='ltr'><strong>cum</strong></span> <span class='ocrx_word' id='word_1_176' title='bbox 1330 1309 1645 1386; x_wconf 52' lang='lat' dir='ltr'><strong>contremescentem</strong></span> <span class='ocrx_word' id='word_1_177' title='bbox 1662 1315 1720 1369; x_wconf 73' lang='lat' dir='ltr'><strong>ists</strong></span> <span class='ocrx_word' id='word_1_178' title='bbox 1737 1317 1862 1368; x_wconf 69' lang='lat' dir='ltr'><strong>sensns</strong></span> <span class='ocrx_word' id='word_1_179' title='bbox 1881 1311 2007 1367; x_wconf 81' lang='lat' dir='ltr'><strong>consults</strong></span> 
     </span>
     <span class='ocr_line' id='line_1_14' title="bbox 518 1396 2008 1488; baseline 0.003 -32"><span class='ocrx_word' id='word_1_180' title='bbox 518 1409 547 1456; x_wconf 76' lang='lat' dir='ltr'><strong>eu</strong></span> <span class='ocrx_word' id='word_1_181' title='bbox 566 1405 694 1476; x_wconf 76' lang='lat' dir='ltr'><strong>Impubes</strong></span> <span class='ocrx_word' id='word_1_182' title='bbox 712 1419 809 1460; x_wconf 88' lang='lat' dir='ltr'><strong>seruus</strong></span> <span class='ocrx_word' id='word_1_183' title='bbox 825 1403 871 1459; x_wconf 92' lang='lat' dir='ltr'><strong>uel</strong></span> <span class='ocrx_word' id='word_1_184' title='bbox 889 1405 987 1460; x_wconf 85' lang='lat' dir='ltr'><strong>sncllle</strong></span> <span class='ocrx_word' id='word_1_185' title='bbox 1003 1403 1124 1460; x_wconf 86' lang='lat' dir='ltr'><strong>nondum</strong></span> <span class='ocrx_word' id='word_1_186' title='bbox 1142 1405 1292 1476; x_wconf 86' lang='lat' dir='ltr'><strong>uiripotens</strong></span> <span class='ocrx_word' id='word_1_187' title='bbox 1308 1419 1364 1460; x_wconf 92' lang='lat' dir='ltr'><strong>non</strong></span> <span class='ocrx_word' id='word_1_188' title='bbox 1378 1405 1406 1460; x_wconf 91' lang='lat' dir='ltr'><strong>iu</strong></span> <span class='ocrx_word' id='word_1_189' title='bbox 1417 1404 1515 1460; x_wconf 82' lang='lat' dir='ltr'><strong>endem</strong></span> <span class='ocrx_word' id='word_1_190' title='bbox 1527 1419 1611 1460; x_wconf 74' lang='lat' dir='ltr'><strong>ceusu</strong></span> <span class='ocrx_word' id='word_1_191' title='bbox 1628 1396 2008 1488; x_wconf 53' lang='grc' dir='ltr'><strong>[Βεῖιῖσᾟοῐῐῗιᾙ</strong></span> 
     </span>
     <span class='ocr_line' id='line_1_15' title="bbox 517 1493 2006 1565; baseline 0.001 -22"><span class='ocrx_word' id='word_1_192' title='bbox 517 1499 547 1544; x_wconf 80' lang='lat' dir='ltr'><strong>en</strong></span> <span class='ocrx_word' id='word_1_193' title='bbox 565 1499 658 1550; x_wconf 87' lang='lat' dir='ltr'><strong>erunt:</strong></span> <span class='ocrx_word' id='word_1_194' title='bbox 676 1499 753 1550; x_wconf 81' lang='lat' dir='ltr'><strong>setes</strong></span> <span class='ocrx_word' id='word_1_195' title='bbox 771 1493 844 1548; x_wconf 88' lang='lat' dir='ltr'><strong>enim</strong></span> <span class='ocrx_word' id='word_1_196' title='bbox 862 1493 1066 1550; x_wconf 81' lang='lat' dir='ltr'><strong>excusetionem</strong></span> <span class='ocrx_word' id='word_1_197' title='bbox 1084 1499 1211 1550; x_wconf 85' lang='lat' dir='ltr'><strong>meretur.</strong></span> <span class='ocrx_word' id='word_1_198' title='bbox 1247 1493 1385 1565; x_wconf 89' lang='lat' dir='ltr'><strong>lmpuberi</strong></span> <span class='ocrx_word' id='word_1_199' title='bbox 1402 1498 1494 1550; x_wconf 83' lang='lat' dir='ltr'><strong>sutem</strong></span> <span class='ocrx_word' id='word_1_200' title='bbox 1512 1497 1602 1549; x_wconf 85' lang='lat' dir='ltr'><strong>utrum</strong></span> <span class='ocrx_word' id='word_1_201' title='bbox 1619 1493 1649 1548; x_wconf 90' lang='lat' dir='ltr'><strong>in</strong></span> <span class='ocrx_word' id='word_1_202' title='bbox 1666 1493 1810 1563; x_wconf 88' lang='lat' dir='ltr'><strong>supplicio</strong></span> <span class='ocrx_word' id='word_1_203' title='bbox 1830 1495 1942 1546; x_wconf 85' lang='lat' dir='ltr'><strong>tsutum</strong></span> <span class='ocrx_word' id='word_1_204' title='bbox 1952 1505 2006 1560; x_wconf 83' lang='lat' dir='ltr'><strong>per</strong></span> 
     </span>
     <span class='ocr_line' id='line_1_16' title="bbox 565 1579 2040 1654; baseline -0.006 -15"><span class='ocrx_word' id='word_1_205' title='bbox 565 1583 650 1639; x_wconf 87' lang='lat' dir='ltr'><strong>cimus</strong></span> <span class='ocrx_word' id='word_1_206' title='bbox 668 1597 704 1638; x_wconf 89' lang='lat' dir='ltr'><strong>sn</strong></span> <span class='ocrx_word' id='word_1_207' title='bbox 720 1597 788 1638; x_wconf 90' lang='lat' dir='ltr'><strong>uero</strong></span> <span class='ocrx_word' id='word_1_208' title='bbox 804 1583 887 1646; x_wconf 80' lang='lat' dir='ltr'><strong>eu&#39;sm</strong></span> <span class='ocrx_word' id='word_1_209' title='bbox 905 1583 934 1638; x_wconf 92' lang='lat' dir='ltr'><strong>in</strong></span> <span class='ocrx_word' id='word_1_210' title='bbox 952 1583 1132 1654; x_wconf 76' lang='lat' dir='ltr'><strong>qusestlonet</strong></span> <span class='ocrx_word' id='word_1_211' title='bbox 1154 1589 1184 1639; x_wconf 92' lang='lat' dir='ltr'><strong>et</strong></span> <span class='ocrx_word' id='word_1_212' title='bbox 1201 1585 1290 1654; x_wconf 68' lang='lat' dir='ltr'><strong>megla</strong></span> <span class='ocrx_word' id='word_1_213' title='bbox 1307 1589 1363 1654; x_wconf 83' lang='lat' dir='ltr'><strong>est,</strong></span> <span class='ocrx_word' id='word_1_214' title='bbox 1381 1588 1414 1639; x_wconf 86' lang='lat' dir='ltr'><strong>ut</strong></span> <span class='ocrx_word' id='word_1_215' title='bbox 1430 1583 1466 1638; x_wconf 90' lang='lat' dir='ltr'><strong>de</strong></span> <span class='ocrx_word' id='word_1_216' title='bbox 1483 1581 1623 1653; x_wconf 81' lang='lat' dir='ltr'><strong>impubere</strong></span> <span class='ocrx_word' id='word_1_217' title='bbox 1639 1597 1693 1636; x_wconf 91' lang='lat' dir='ltr'><strong>uec</strong></span> <span class='ocrx_word' id='word_1_218' title='bbox 1711 1580 1849 1650; x_wconf 71' lang='lat' dir='ltr'><strong>quaestio</strong></span> <span class='ocrx_word' id='word_1_219' title='bbox 1867 1579 2005 1634; x_wconf 74' lang='lat' dir='ltr'><strong>hebemus:</strong></span> <span class='ocrx_word' id='word_1_220' title='bbox 2019 1587 2040 1628; x_wconf 80' lang='grc' dir='ltr'><strong>ιι</strong></span> 
     </span>
     <span class='ocr_line' id='line_1_17' title="bbox 565 1668 2006 1744; baseline -0.003 -16"><span class='ocrx_word' id='word_1_221' title='bbox 565 1675 595 1728; x_wconf 87' lang='lat' dir='ltr'><strong>et</strong></span> <span class='ocrx_word' id='word_1_222' title='bbox 615 1671 684 1727; x_wconf 76' lang='lat' dir='ltr'><strong>alies</strong></span> <span class='ocrx_word' id='word_1_223' title='bbox 706 1672 778 1727; x_wconf 89' lang='lat' dir='ltr'><strong>solet</strong></span> <span class='ocrx_word' id='word_1_224' title='bbox 799 1670 852 1727; x_wconf 88' lang='lat' dir='ltr'><strong>boc</strong></span> <span class='ocrx_word' id='word_1_225' title='bbox 871 1672 899 1726; x_wconf 92' lang='lat' dir='ltr'><strong>in</strong></span> <span class='ocrx_word' id='word_1_226' title='bbox 916 1687 970 1727; x_wconf 88' lang='lat' dir='ltr'><strong>usu</strong></span> <span class='ocrx_word' id='word_1_227' title='bbox 987 1671 1140 1742; x_wconf 69' lang='lat' dir='ltr'><strong>obseruari,</strong></span> <span class='ocrx_word' id='word_1_228' title='bbox 1164 1677 1196 1727; x_wconf 91' lang='lat' dir='ltr'><strong>ut</strong></span> <span class='ocrx_word' id='word_1_229' title='bbox 1212 1671 1367 1744; x_wconf 81' lang='lat' dir='ltr'><strong>impuberes</strong></span> <span class='ocrx_word' id='word_1_230' title='bbox 1385 1687 1440 1729; x_wconf 92' lang='lat' dir='ltr'><strong>non</strong></span> <span class='ocrx_word' id='word_1_231' title='bbox 1458 1676 1647 1742; x_wconf 76' lang='lat' dir='ltr'><strong>torqueretur:</strong></span> <span class='ocrx_word' id='word_1_232' title='bbox 1672 1671 1773 1726; x_wconf 85' lang='lat' dir='ltr'><strong>terreri</strong></span> <span class='ocrx_word' id='word_1_233' title='bbox 1792 1675 1907 1734; x_wconf 77' lang='lat' dir='ltr'><strong>tuntum</strong></span> <span class='ocrx_word' id='word_1_234' title='bbox 1926 1668 2006 1724; x_wconf 80' lang='lat' dir='ltr'><strong>solem</strong></span> 
     </span>
    </p>

    <p class='ocr_par' dir='ltr' id='par_1_3' title="bbox 517 1752 2006 1922">
     <span class='ocr_line' id='line_1_18' title="bbox 517 1752 2006 1842; baseline 0.001 -30"><span class='ocrx_word' id='word_1_235' title='bbox 517 1765 548 1812; x_wconf 78' lang='lat' dir='ltr'><strong>ss</strong></span> <span class='ocrx_word' id='word_1_236' title='bbox 565 1764 595 1816; x_wconf 86' lang='lat' dir='ltr'><strong>et</strong></span> <span class='ocrx_word' id='word_1_237' title='bbox 611 1759 719 1816; x_wconf 81' lang='lat' dir='ltr'><strong>hebens</strong></span> <span class='ocrx_word' id='word_1_238' title='bbox 736 1761 780 1816; x_wconf 88' lang='lat' dir='ltr'><strong>uel</strong></span> <span class='ocrx_word' id='word_1_239' title='bbox 796 1757 885 1816; x_wconf 72' lang='lat' dir='ltr'><strong>serula</strong></span> <span class='ocrx_word' id='word_1_240' title='bbox 901 1759 987 1816; x_wconf 84' lang='lat' dir='ltr'><strong>ceedi.</strong></span> <span class='ocrx_word' id='word_1_241' title='bbox 1024 1761 1197 1817; x_wconf 80' lang='lat' dir='ltr'><strong>Excmsntm</strong></span> <span class='ocrx_word' id='word_1_242' title='bbox 1215 1767 1306 1817; x_wconf 81' lang='lat' dir='ltr'><strong>sutem</strong></span> <span class='ocrx_word' id='word_1_243' title='bbox 1325 1763 1411 1832; x_wconf 89' lang='lat' dir='ltr'><strong>serui,</strong></span> <span class='ocrx_word' id='word_1_244' title='bbox 1432 1762 1480 1832; x_wconf 87' lang='lat' dir='ltr'><strong>qui</strong></span> <span class='ocrx_word' id='word_1_245' title='bbox 1498 1761 1627 1817; x_wconf 73' lang='lat' dir='ltr'><strong>auxilium</strong></span> <span class='ocrx_word' id='word_1_246' title='bbox 1645 1759 1774 1816; x_wconf 81' lang='lat' dir='ltr'><strong>tmeruut</strong></span> <span class='ocrx_word' id='word_1_247' title='bbox 1790 1760 1857 1815; x_wconf 86' lang='lat' dir='ltr'><strong>eine</strong></span> <span class='ocrx_word' id='word_1_248' title='bbox 1876 1752 2006 1842; x_wconf 58' lang='lat' dir='ltr'><em>Q</em></span> 
     </span>
     <span class='ocr_line' id='line_1_19' title="bbox 566 1847 2004 1922; baseline -0.003 -16"><span class='ocrx_word' id='word_1_249' title='bbox 566 1849 630 1906; x_wconf 86' lang='lat' dir='ltr'><strong>dolo</strong></span> <span class='ocrx_word' id='word_1_250' title='bbox 647 1850 731 1906; x_wconf 83' lang='lat' dir='ltr'><strong>melo:</strong></span> <span class='ocrx_word' id='word_1_251' title='bbox 749 1865 813 1904; x_wconf 83' lang='lat' dir='ltr'><strong>nem</strong></span> <span class='ocrx_word' id='word_1_252' title='bbox 831 1850 855 1905; x_wconf 90' lang='lat' dir='ltr'><strong>si</strong></span> <span class='ocrx_word' id='word_1_253' title='bbox 872 1848 952 1906; x_wconf 83' lang='lat' dir='ltr'><strong>fiuxit</strong></span> <span class='ocrx_word' id='word_1_254' title='bbox 968 1865 997 1906; x_wconf 81' lang='lat' dir='ltr'><strong>se</strong></span> <span class='ocrx_word' id='word_1_255' title='bbox 1013 1851 1076 1922; x_wconf 85' lang='lat' dir='ltr'><strong>quis</strong></span> <span class='ocrx_word' id='word_1_256' title='bbox 1093 1851 1223 1906; x_wconf 72' lang='lat' dir='ltr'><strong>auxillum</strong></span> <span class='ocrx_word' id='word_1_257' title='bbox 1241 1849 1313 1906; x_wconf 78' lang='lat' dir='ltr'><strong>terre</strong></span> <span class='ocrx_word' id='word_1_258' title='bbox 1330 1851 1374 1907; x_wconf 92' lang='lat' dir='ltr'><strong>uel</strong></span> <span class='ocrx_word' id='word_1_259' title='bbox 1392 1851 1461 1907; x_wconf 86' lang='lat' dir='ltr'><strong>dicis</strong></span> <span class='ocrx_word' id='word_1_260' title='bbox 1478 1851 1568 1922; x_wconf 76' lang='lat' dir='ltr'><strong>gretie</strong></span> <span class='ocrx_word' id='word_1_261' title='bbox 1583 1849 1654 1920; x_wconf 74' lang='lat' dir='ltr'><strong>tulit,</strong></span> <span class='ocrx_word' id='word_1_262' title='bbox 1672 1847 1743 1904; x_wconf 86' lang='lat' dir='ltr'><strong>nibil</strong></span> <span class='ocrx_word' id='word_1_263' title='bbox 1755 1847 1813 1904; x_wconf 89' lang='lat' dir='ltr'><strong>boc</strong></span> <span class='ocrx_word' id='word_1_264' title='bbox 1825 1853 2004 1904; x_wconf 74' lang='lat' dir='ltr'><strong>commentam</strong></span> 
     </span>
    </p>

    <p class='ocr_par' dir='ltr' id='par_1_4' title="bbox 518 1935 2037 2280">
     <span class='ocr_line' id='line_1_20' title="bbox 518 1935 2005 2011; baseline 0 -20"><span class='ocrx_word' id='word_1_265' title='bbox 518 1942 548 1990; x_wconf 73' lang='lat' dir='ltr'><strong>st</strong></span> <span class='ocrx_word' id='word_1_266' title='bbox 566 1940 592 1995; x_wconf 89' lang='lat' dir='ltr'><strong>el</strong></span> <span class='ocrx_word' id='word_1_267' title='bbox 607 1935 737 2010; x_wconf 83' lang='lat' dir='ltr'><strong>proderit</strong></span> <span class='ocrx_word' id='word_1_268' title='bbox 772 1940 880 1996; x_wconf 75' lang='lat' dir='ltr'><strong>&#39;luilsse</strong></span> <span class='ocrx_word' id='word_1_269' title='bbox 898 1941 990 1995; x_wconf 83' lang='lat' dir='ltr'><strong>sutem</strong></span> <span class='ocrx_word' id='word_1_270' title='bbox 1008 1940 1139 1996; x_wconf 85' lang='lat' dir='ltr'><strong>sumlinm</strong></span> <span class='ocrx_word' id='word_1_271' title='bbox 1155 1955 1211 1996; x_wconf 92' lang='lat' dir='ltr'><strong>nou</strong></span> <span class='ocrx_word' id='word_1_272' title='bbox 1229 1943 1335 1996; x_wconf 86' lang='lat' dir='ltr'><strong>tuntum</strong></span> <span class='ocrx_word' id='word_1_273' title='bbox 1353 1941 1378 1996; x_wconf 84' lang='lat' dir='ltr'><strong>is</strong></span> <span class='ocrx_word' id='word_1_274' title='bbox 1395 1940 1505 1996; x_wconf 83' lang='lat' dir='ltr'><strong>uidetur</strong></span> <span class='ocrx_word' id='word_1_275' title='bbox 1521 1939 1567 2011; x_wconf 85' lang='lat' dir='ltr'><strong>qui</strong></span> <span class='ocrx_word' id='word_1_276' title='bbox 1584 1938 1709 1995; x_wconf 74' lang='lat' dir='ltr'><strong>sensuit</strong></span> <span class='ocrx_word' id='word_1_277' title='bbox 1726 1938 1888 2006; x_wconf 69' lang='lat' dir='ltr'><strong>domum,</strong></span> <span class='ocrx_word' id='word_1_278' title='bbox 1906 1935 2005 1992; x_wconf 84' lang='lat' dir='ltr'><strong>bocest</strong></span> 
     </span>
     <span class='ocr_line' id='line_1_21' title="bbox 566 2025 2037 2101; baseline -0.003 -17"><span class='ocrx_word' id='word_1_279' title='bbox 566 2028 613 2099; x_wconf 86' lang='lat' dir='ltr'><strong>qui</strong></span> <span class='ocrx_word' id='word_1_280' title='bbox 630 2027 720 2099; x_wconf 83' lang='lat' dir='ltr'><strong>potuit</strong></span> <span class='ocrx_word' id='word_1_281' title='bbox 736 2027 777 2083; x_wconf 81' lang='lat' dir='ltr'><strong>ite</strong></span> <span class='ocrx_word' id='word_1_282' title='bbox 793 2043 873 2100; x_wconf 91' lang='lat' dir='ltr'><strong>opem</strong></span> <span class='ocrx_word' id='word_1_283' title='bbox 893 2025 962 2084; x_wconf 82' lang='lat' dir='ltr'><strong>ierne</strong></span> <span class='ocrx_word' id='word_1_284' title='bbox 967 2069 975 2099; x_wconf 88' lang='lat'>,</span> <span class='ocrx_word' id='word_1_285' title='bbox 993 2033 1026 2084; x_wconf 89' lang='grc' dir='ltr'><strong>ιιι</strong></span> <span class='ocrx_word' id='word_1_286' title='bbox 1042 2030 1136 2085; x_wconf 83' lang='lat' dir='ltr'><strong>suiuus</strong></span> <span class='ocrx_word' id='word_1_287' title='bbox 1153 2033 1228 2086; x_wconf 85' lang='lat' dir='ltr'><strong>esset</strong></span> <span class='ocrx_word' id='word_1_288' title='bbox 1244 2028 1384 2101; x_wconf 87' lang='lat' dir='ltr'><strong>domiuus,</strong></span> <span class='ocrx_word' id='word_1_289' title='bbox 1402 2043 1497 2085; x_wconf 85' lang='lat' dir='ltr'><strong>uerum</strong></span> <span class='ocrx_word' id='word_1_290' title='bbox 1514 2029 1539 2084; x_wconf 86' lang='lat' dir='ltr'><strong>is</strong></span> <span class='ocrx_word' id='word_1_291' title='bbox 1555 2043 1673 2099; x_wconf 85' lang='lat' dir='ltr'><strong>quoque,</strong></span> <span class='ocrx_word' id='word_1_292' title='bbox 1694 2027 1746 2098; x_wconf 85' lang='lat' dir='ltr'><strong>qui</strong></span> <span class='ocrx_word' id='word_1_293' title='bbox 1763 2026 1908 2098; x_wconf 82' lang='lat' dir='ltr'><strong>quidquid</strong></span> <span class='ocrx_word' id='word_1_294' title='bbox 1924 2025 2037 2096; x_wconf 76' lang='lat' dir='ltr'><strong>posits</strong></span> 
     </span>
     <span class='ocr_line' id='line_1_22' title="bbox 566 2115 2003 2190; baseline -0.003 -16"><span class='ocrx_word' id='word_1_295' title='bbox 566 2116 639 2188; x_wconf 82' lang='lat' dir='ltr'><strong>lecit,</strong></span> <span class='ocrx_word' id='word_1_296' title='bbox 656 2117 767 2173; x_wconf 80' lang='lat' dir='ltr'><strong>temetsi</strong></span> <span class='ocrx_word' id='word_1_297' title='bbox 784 2117 911 2174; x_wconf 73' lang='lat' dir='ltr'><strong>(lominus</strong></span> <span class='ocrx_word' id='word_1_298' title='bbox 928 2115 1087 2174; x_wconf 81' lang='lat' dir='ltr'><strong>interiectum</strong></span> <span class='ocrx_word' id='word_1_299' title='bbox 1105 2123 1162 2174; x_wconf 83' lang='lat' dir='ltr'><strong>esi:</strong></span> <span class='ocrx_word' id='word_1_300' title='bbox 1180 2119 1266 2174; x_wconf 81' lang='lat' dir='ltr'><strong>ueluti</strong></span> <span class='ocrx_word' id='word_1_301' title='bbox 1278 2119 1302 2174; x_wconf 90' lang='lat' dir='ltr'><strong>si</strong></span> <span class='ocrx_word' id='word_1_302' title='bbox 1319 2119 1381 2190; x_wconf 90' lang='lat' dir='ltr'><strong>quis</strong></span> <span class='ocrx_word' id='word_1_303' title='bbox 1398 2118 1535 2186; x_wconf 81' lang='lat' dir='ltr'><strong>olemeuit,</strong></span> <span class='ocrx_word' id='word_1_304' title='bbox 1553 2121 1585 2172; x_wconf 86' lang='lat' dir='ltr'><strong>nt</strong></span> <span class='ocrx_word' id='word_1_305' title='bbox 1601 2116 1638 2172; x_wconf 81' lang='lat' dir='ltr'><strong>ed</strong></span> <span class='ocrx_word' id='word_1_306' title='bbox 1655 2117 1793 2172; x_wconf 79' lang='lat' dir='ltr'><strong>euxllium</strong></span> <span class='ocrx_word' id='word_1_307' title='bbox 1806 2117 2003 2184; x_wconf 62' lang='lat' dir='ltr'><strong>conueniatur,</strong></span> 
     </span>
     <span class='ocr_line' id='line_1_23' title="bbox 567 2203 2003 2280; baseline -0.003 -18"><span class='ocrx_word' id='word_1_308' title='bbox 567 2212 616 2262; x_wconf 84' lang='lat' dir='ltr'><strong>eut</strong></span> <span class='ocrx_word' id='word_1_309' title='bbox 637 2207 733 2262; x_wconf 87' lang='lat' dir='ltr'><strong>terruit</strong></span> <span class='ocrx_word' id='word_1_310' title='bbox 754 2205 931 2277; x_wconf 77' lang='lat' dir='ltr'><strong>sdgresscres</strong></span> <span class='ocrx_word' id='word_1_311' title='bbox 952 2209 1052 2278; x_wconf 78' lang='lat' dir='ltr'><strong>etque·</strong></span> <span class='ocrx_word' id='word_1_312' title='bbox 1069 2207 1093 2263; x_wconf 89' lang='lat' dir='ltr'><strong>si</strong></span> <span class='ocrx_word' id='word_1_313' title='bbox 1116 2207 1178 2280; x_wconf 85' lang='lat' dir='ltr'><strong>quis</strong></span> <span class='ocrx_word' id='word_1_314' title='bbox 1200 2207 1309 2264; x_wconf 79' lang='lat' dir='ltr'><strong>turbem</strong></span> <span class='ocrx_word' id='word_1_315' title='bbox 1333 2208 1497 2264; x_wconf 71' lang='lat' dir='ltr'><strong>munemne</strong></span> <span class='ocrx_word' id='word_1_316' title='bbox 1513 2212 1562 2262; x_wconf 85' lang='lat' dir='ltr'><strong>eut</strong></span> <span class='ocrx_word' id='word_1_317' title='bbox 1578 2206 1602 2262; x_wconf 90' lang='lat' dir='ltr'><strong>ei</strong></span> <span class='ocrx_word' id='word_1_318' title='bbox 1619 2221 1722 2277; x_wconf 88' lang='lat' dir='ltr'><strong>corpus</strong></span> <span class='ocrx_word' id='word_1_319' title='bbox 1741 2221 1829 2262; x_wconf 83' lang='lat' dir='ltr'><strong>suum</strong></span> <span class='ocrx_word' id='word_1_320' title='bbox 1848 2205 1950 2262; x_wconf 89' lang='lat' dir='ltr'><strong>obiecit</strong></span> <span class='ocrx_word' id='word_1_321' title='bbox 1965 2203 2003 2258; x_wconf 83' lang='lat' dir='ltr'><strong>ml</strong></span> 
     </span>
    </p>

    <p class='ocr_par' dir='ltr' id='par_1_5' title="bbox 519 2293 2004 2457">
     <span class='ocr_line' id='line_1_24' title="bbox 519 2293 2003 2367; baseline 0.001 -19"><span class='ocrx_word' id='word_1_322' title='bbox 519 2300 548 2347; x_wconf 81' lang='lat' dir='ltr'><strong>ee</strong></span> <span class='ocrx_word' id='word_1_323' title='bbox 567 2296 634 2352; x_wconf 81' lang='lat' dir='ltr'><strong>oliss</strong></span> <span class='ocrx_word' id='word_1_324' title='bbox 652 2309 765 2366; x_wconf 88' lang='lat' dir='ltr'><strong>corpore</strong></span> <span class='ocrx_word' id='word_1_325' title='bbox 783 2311 834 2352; x_wconf 91' lang='lat' dir='ltr'><strong>suo</strong></span> <span class='ocrx_word' id='word_1_326' title='bbox 851 2295 983 2352; x_wconf 85' lang='lat' dir='ltr'><strong>suxilium</strong></span> <span class='ocrx_word' id='word_1_327' title='bbox 1000 2297 1070 2352; x_wconf 86' lang='lat' dir='ltr'><strong>tulit</strong></span> <span class='ocrx_word' id='word_1_328' title='bbox 1106 2297 1167 2353; x_wconf 79' lang='lat' dir='ltr'><strong>lion</strong></span> <span class='ocrx_word' id='word_1_329' title='bbox 1184 2303 1276 2354; x_wconf 85' lang='lat' dir='ltr'><strong>tumen</strong></span> <span class='ocrx_word' id='word_1_330' title='bbox 1294 2311 1402 2367; x_wconf 89' lang='lat' dir='ltr'><strong>semper</strong></span> <span class='ocrx_word' id='word_1_331' title='bbox 1418 2297 1465 2366; x_wconf 85' lang='lat' dir='ltr'><strong>qui</strong></span> <span class='ocrx_word' id='word_1_332' title='bbox 1482 2297 1679 2352; x_wconf 82' lang='lat' dir='ltr'><strong>clsmoreusns</strong></span> <span class='ocrx_word' id='word_1_333' title='bbox 1691 2300 1744 2365; x_wconf 80' lang='lat' dir='ltr'><strong>est,</strong></span> <span class='ocrx_word' id='word_1_334' title='bbox 1762 2295 1903 2350; x_wconf 70' lang='lat' dir='ltr'><strong>sumlium</strong></span> <span class='ocrx_word' id='word_1_335' title='bbox 1915 2293 2003 2349; x_wconf 86' lang='lat' dir='ltr'><strong>tulisse</strong></span> 
     </span>
     <span class='ocr_line' id='line_1_25' title="bbox 566 2385 2004 2457; baseline -0.001 -15"><span class='ocrx_word' id='word_1_336' title='bbox 566 2385 689 2442; x_wconf 85' lang='lat' dir='ltr'><strong>uidetur:</strong></span> <span class='ocrx_word' id='word_1_337' title='bbox 707 2385 864 2456; x_wconf 76' lang='lat' dir='ltr'><strong>quidecim,</strong></span> <span class='ocrx_word' id='word_1_338' title='bbox 877 2385 909 2455; x_wconf 90' lang='lat' dir='ltr'><strong>si,</strong></span> <span class='ocrx_word' id='word_1_339' title='bbox 923 2399 985 2442; x_wconf 89' lang='lat' dir='ltr'><strong>curn</strong></span> <span class='ocrx_word' id='word_1_340' title='bbox 1000 2389 1096 2456; x_wconf 81' lang='lat' dir='ltr'><strong>posset</strong></span> <span class='ocrx_word' id='word_1_341' title='bbox 1107 2401 1190 2442; x_wconf 82' lang='lat' dir='ltr'><strong>menn</strong></span> <span class='ocrx_word' id='word_1_342' title='bbox 1201 2385 1337 2457; x_wconf 79' lang='lat' dir='ltr'><strong>deponere</strong></span> <span class='ocrx_word' id='word_1_343' title='bbox 1350 2385 1487 2442; x_wconf 81' lang='lat' dir='ltr'><strong>udomlno</strong></span> <span class='ocrx_word' id='word_1_344' title='bbox 1497 2385 1656 2455; x_wconf 68' lang='lat' dir='ltr'><strong>peniculum,</strong></span> <span class='ocrx_word' id='word_1_345' title='bbox 1674 2385 1721 2440; x_wconf 90' lang='lat' dir='ltr'><strong>ille</strong></span> <span class='ocrx_word' id='word_1_346' title='bbox 1732 2386 1889 2440; x_wconf 86' lang='lat' dir='ltr'><strong>clsmorem</strong></span> <span class='ocrx_word' id='word_1_347' title='bbox 1901 2385 2004 2440; x_wconf 82' lang='lat' dir='ltr'><strong>iusuem</strong></span> 
     </span>
    </p>

    <p class='ocr_par' dir='ltr' id='par_1_6' title="bbox 518 2471 2037 2725">
     <span class='ocr_line' id='line_1_26' title="bbox 518 2471 2037 2546; baseline -0.002 -16"><span class='ocrx_word' id='word_1_348' title='bbox 518 2477 548 2525; x_wconf 76' lang='grc'><strong>87</strong></span> <span class='ocrx_word' id='word_1_349' title='bbox 567 2475 669 2545; x_wconf 71' lang='lat' dir='ltr'><strong>elegit?</strong></span> <span class='ocrx_word' id='word_1_350' title='bbox 690 2473 851 2544; x_wconf 84' lang='lat' dir='ltr'><strong>plectendus</strong></span> <span class='ocrx_word' id='word_1_351' title='bbox 873 2475 968 2546; x_wconf 82' lang='lat' dir='ltr'><strong>utique</strong></span> <span class='ocrx_word' id='word_1_352' title='bbox 989 2475 1050 2531; x_wconf 89' lang='lat' dir='ltr'><strong>erit.</strong></span> <span class='ocrx_word' id='word_1_353' title='bbox 1086 2475 1158 2542; x_wconf 79' lang='lat' dir='ltr'><strong>Quid</strong></span> <span class='ocrx_word' id='word_1_354' title='bbox 1180 2477 1204 2531; x_wconf 88' lang='lat' dir='ltr'><strong>sl</strong></span> <span class='ocrx_word' id='word_1_355' title='bbox 1226 2476 1361 2532; x_wconf 83' lang='lat' dir='ltr'><strong>uulnersti</strong></span> <span class='ocrx_word' id='word_1_356' title='bbox 1382 2475 1438 2532; x_wconf 88' lang='lat' dir='ltr'><strong>sint</strong></span> <span class='ocrx_word' id='word_1_357' title='bbox 1458 2475 1543 2544; x_wconf 84' lang='lat' dir='ltr'><strong>serui,</strong></span> <span class='ocrx_word' id='word_1_358' title='bbox 1567 2489 1628 2529; x_wconf 90' lang='lat' dir='ltr'><strong>oum</strong></span> <span class='ocrx_word' id='word_1_359' title='bbox 1646 2479 1832 2544; x_wconf 72' lang='lat' dir='ltr'><strong>protegerent</strong></span> <span class='ocrx_word' id='word_1_360' title='bbox 1849 2471 2004 2528; x_wconf 74' lang='lat' dir='ltr'><strong>domiuum?</strong></span> <span class='ocrx_word' id='word_1_361' title='bbox 2016 2476 2037 2518; x_wconf 70' lang='grc' dir='ltr'>ιι</span> 
     </span>
     <span class='ocr_line' id='line_1_27' title="bbox 566 2562 2004 2636; baseline -0.002 -17"><span class='ocrx_word' id='word_1_362' title='bbox 566 2562 713 2619; x_wconf 76' lang='lat' dir='ltr'><strong>(licendum</strong></span> <span class='ocrx_word' id='word_1_363' title='bbox 736 2567 780 2619; x_wconf 82' lang='lat' dir='ltr'><strong>est</strong></span> <span class='ocrx_word' id='word_1_364' title='bbox 801 2563 877 2634; x_wconf 82' lang='lat' dir='ltr'><strong>perci</strong></span> <span class='ocrx_word' id='word_1_365' title='bbox 899 2564 941 2619; x_wconf 91' lang='lat' dir='ltr'><strong>eis</strong></span> <span class='ocrx_word' id='word_1_366' title='bbox 963 2562 1077 2634; x_wconf 76' lang='lat' dir='ltr'><strong>debere,</strong></span> <span class='ocrx_word' id='word_1_367' title='bbox 1100 2564 1153 2619; x_wconf 87' lang='lat' dir='ltr'><strong>uisi</strong></span> <span class='ocrx_word' id='word_1_368' title='bbox 1171 2565 1195 2620; x_wconf 85' lang='lat' dir='ltr'><strong>sl</strong></span> <span class='ocrx_word' id='word_1_369' title='bbox 1212 2571 1261 2621; x_wconf 83' lang='lat' dir='ltr'><strong>sut</strong></span> <span class='ocrx_word' id='word_1_370' title='bbox 1277 2565 1329 2636; x_wconf 87' lang='lat' dir='ltr'><strong>ipsi</strong></span> <span class='ocrx_word' id='word_1_371' title='bbox 1346 2564 1399 2621; x_wconf 87' lang='lat' dir='ltr'><strong>sibi</strong></span> <span class='ocrx_word' id='word_1_372' title='bbox 1416 2564 1529 2620; x_wconf 78' lang='lat' dir='ltr'><strong>umuers</strong></span> <span class='ocrx_word' id='word_1_373' title='bbox 1545 2563 1600 2620; x_wconf 80' lang='lat' dir='ltr'><strong>ists</strong></span> <span class='ocrx_word' id='word_1_374' title='bbox 1616 2562 1744 2619; x_wconf 85' lang='lat' dir='ltr'><strong>iecerunt</strong></span> <span class='ocrx_word' id='word_1_375' title='bbox 1761 2563 1834 2619; x_wconf 84' lang='lat' dir='ltr'><strong>dsts</strong></span> <span class='ocrx_word' id='word_1_376' title='bbox 1851 2577 1952 2632; x_wconf 73' lang='lat' dir='ltr'><strong>opere,</strong></span> <span class='ocrx_word' id='word_1_377' title='bbox 1973 2575 2004 2616; x_wconf 90' lang='lat' dir='ltr'><strong>ue</strong></span> 
     </span>
     <span class='ocr_line' id='line_1_28' title="bbox 567 2650 2004 2725; baseline -0.002 -17"><span class='ocrx_word' id='word_1_378' title='bbox 567 2653 734 2724; x_wconf 85' lang='lat' dir='ltr'><strong>punirentur,</strong></span> <span class='ocrx_word' id='word_1_379' title='bbox 753 2657 802 2708; x_wconf 84' lang='lat' dir='ltr'><strong>sut</strong></span> <span class='ocrx_word' id='word_1_380' title='bbox 818 2653 883 2708; x_wconf 80' lang='lat' dir='ltr'><strong>telis</strong></span> <span class='ocrx_word' id='word_1_381' title='bbox 898 2653 1013 2710; x_wconf 77' lang='lat' dir='ltr'><strong>uulnere</strong></span> <span class='ocrx_word' id='word_1_382' title='bbox 1028 2653 1075 2708; x_wconf 90' lang='lat' dir='ltr'><strong>isti</strong></span> <span class='ocrx_word' id='word_1_383' title='bbox 1092 2659 1264 2725; x_wconf 66' lang='lat' dir='ltr'><strong>occeperunt,</strong></span> <span class='ocrx_word' id='word_1_384' title='bbox 1282 2659 1314 2710; x_wconf 87' lang='lat' dir='ltr'><strong>ut</strong></span> <span class='ocrx_word' id='word_1_385' title='bbox 1329 2657 1443 2724; x_wconf 84' lang='lat' dir='ltr'><strong>possent</strong></span> <span class='ocrx_word' id='word_1_386' title='bbox 1459 2651 1542 2708; x_wconf 89' lang='lat' dir='ltr'><strong>nihilo</strong></span> <span class='ocrx_word' id='word_1_387' title='bbox 1560 2653 1650 2708; x_wconf 89' lang='lat' dir='ltr'><strong>minus</strong></span> <span class='ocrx_word' id='word_1_388' title='bbox 1667 2667 1750 2724; x_wconf 85' lang='lat' dir='ltr'><strong>opem</strong></span> <span class='ocrx_word' id='word_1_389' title='bbox 1768 2651 1854 2722; x_wconf 83' lang='lat' dir='ltr'><strong>ferre,</strong></span> <span class='ocrx_word' id='word_1_390' title='bbox 1873 2651 1900 2706; x_wconf 91' lang='lat' dir='ltr'><strong>si</strong></span> <span class='ocrx_word' id='word_1_391' title='bbox 1911 2650 2004 2706; x_wconf 66' lang='lat' dir='ltr'><strong>noun</strong></span> 
     </span>
    </p>

    <p class='ocr_par' dir='ltr' id='par_1_7' title="bbox 518 2733 2038 2903">
     <span class='ocr_line' id='line_1_29' title="bbox 518 2733 2004 2826; baseline 0.004 -34"><span class='ocrx_word' id='word_1_392' title='bbox 518 2745 549 2793; x_wconf 80' lang='lat' dir='ltr'><strong>es</strong></span> <span class='ocrx_word' id='word_1_393' title='bbox 567 2747 636 2798; x_wconf 84' lang='lat' dir='ltr'><strong>sent.</strong></span> <span class='ocrx_word' id='word_1_394' title='bbox 673 2739 703 2798; x_wconf 81' lang='lat' dir='ltr'><strong>Sl</strong></span> <span class='ocrx_word' id='word_1_395' title='bbox 726 2739 854 2798; x_wconf 86' lang='lat' dir='ltr'><strong>dominns</strong></span> <span class='ocrx_word' id='word_1_396' title='bbox 877 2739 1015 2798; x_wconf 78' lang='lat' dir='ltr'><strong>mortifere</strong></span> <span class='ocrx_word' id='word_1_397' title='bbox 1033 2742 1193 2798; x_wconf 88' lang='lat' dir='ltr'><strong>uulnerstus</strong></span> <span class='ocrx_word' id='word_1_398' title='bbox 1210 2742 1392 2814; x_wconf 82' lang='lat' dir='ltr'><strong>supemixerlt</strong></span> <span class='ocrx_word' id='word_1_399' title='bbox 1408 2755 1460 2797; x_wconf 86' lang='lat' dir='ltr'><strong>nec</strong></span> <span class='ocrx_word' id='word_1_400' title='bbox 1477 2741 1513 2796; x_wconf 85' lang='lat' dir='ltr'><strong>de</strong></span> <span class='ocrx_word' id='word_1_401' title='bbox 1528 2755 1665 2812; x_wconf 72' lang='lat' dir='ltr'><strong>quoquam</strong></span> <span class='ocrx_word' id='word_1_402' title='bbox 1682 2757 1833 2798; x_wconf 71' lang='lat' dir='ltr'><strong>ursorum</strong></span> <span class='ocrx_word' id='word_1_403' title='bbox 1851 2733 2004 2826; x_wconf 62' lang='lat' dir='ltr'><em>Q</em></span> 
     </span>
     <span class='ocr_line' id='line_1_30' title="bbox 567 2829 2038 2903; baseline -0.001 -15"><span class='ocrx_word' id='word_1_404' title='bbox 567 2845 678 2888; x_wconf 88' lang='lat' dir='ltr'><strong>suorum</strong></span> <span class='ocrx_word' id='word_1_405' title='bbox 696 2835 862 2902; x_wconf 84' lang='lat' dir='ltr'><strong>conquestus</strong></span> <span class='ocrx_word' id='word_1_406' title='bbox 879 2830 924 2902; x_wconf 85' lang='lat' dir='ltr'><strong>sit,</strong></span> <span class='ocrx_word' id='word_1_407' title='bbox 942 2831 1050 2887; x_wconf 73' lang='lat' dir='ltr'><strong>otiorum</strong></span> <span class='ocrx_word' id='word_1_408' title='bbox 1067 2831 1120 2887; x_wconf 91' lang='lat' dir='ltr'><strong>sub</strong></span> <span class='ocrx_word' id='word_1_409' title='bbox 1137 2831 1236 2888; x_wconf 85' lang='lat' dir='ltr'><strong>ecdem</strong></span> <span class='ocrx_word' id='word_1_410' title='bbox 1252 2835 1326 2887; x_wconf 74' lang='lat' dir='ltr'><strong>moto</strong></span> <span class='ocrx_word' id='word_1_411' title='bbox 1343 2829 1462 2903; x_wconf 79' lang='lat' dir='ltr'><strong>inerunt,</strong></span> <span class='ocrx_word' id='word_1_412' title='bbox 1479 2837 1573 2888; x_wconf 79' lang='lat' dir='ltr'><strong>temen</strong></span> <span class='ocrx_word' id='word_1_413' title='bbox 1588 2831 1760 2902; x_wconf 72' lang='lat' dir='ltr'><strong>peccudum</strong></span> <span class='ocrx_word' id='word_1_414' title='bbox 1779 2831 1837 2887; x_wconf 87' lang='lat' dir='ltr'><strong>illis</strong></span> <span class='ocrx_word' id='word_1_415' title='bbox 1855 2831 1920 2886; x_wconf 81' lang='lat' dir='ltr'><strong>erit</strong></span> <span class='ocrx_word' id='word_1_416' title='bbox 2018 2834 2038 2876; x_wconf 70' lang='grc' dir='ltr'>ιι</span> 
     </span>
    </p>

    <p class='ocr_par' dir='ltr' id='par_1_8' title="bbox 529 2915 2046 3082">
     <span class='ocr_line' id='line_1_31' title="bbox 529 2915 2046 3006; baseline -0.001 -32"><span class='ocrx_word' id='word_1_417' title='bbox 529 2915 549 2974; x_wconf 68' lang='lat' dir='ltr'><strong>b</strong></span> <span class='ocrx_word' id='word_1_418' title='bbox 621 2919 845 2977; x_wconf 78' lang='lat' dir='ltr'><strong>Osuumuenuus</strong></span> <span class='ocrx_word' id='word_1_419' title='bbox 871 2917 940 2976; x_wconf 91' lang='lat' dir='ltr'><strong>libro</strong></span> <span class='ocrx_word' id='word_1_420' title='bbox 966 2919 1062 2991; x_wconf 87' lang='lat' dir='ltr'><strong>quinto</strong></span> <span class='ocrx_word' id='word_1_421' title='bbox 1088 2920 1123 2977; x_wconf 81' lang='lat' dir='ltr'><strong>(le</strong></span> <span class='ocrx_word' id='word_1_422' title='bbox 1146 2919 1356 2992; x_wconf 72' lang='lat' dir='ltr'><strong>cognitionibus.</strong></span> <span class='ocrx_word' id='word_1_423' title='bbox 1396 2921 1484 2977; x_wconf 88' lang='lat' dir='ltr'><strong>Diuus</strong></span> <span class='ocrx_word' id='word_1_424' title='bbox 1506 2921 1615 2978; x_wconf 85' lang='lat' dir='ltr'><strong>llercus</strong></span> <span class='ocrx_word' id='word_1_425' title='bbox 1638 2921 1832 2978; x_wconf 68' lang='lat' dir='ltr'><strong>Commodus·</strong></span> <span class='ocrx_word' id='word_1_426' title='bbox 1850 2915 2004 3006; x_wconf 59' lang='lat' dir='ltr'><em>Q</em></span> <span class='ocrx_word' id='word_1_427' title='bbox 2018 2917 2046 2972; x_wconf 77' lang='lat' dir='ltr'><strong>‘l</strong></span> 
     </span>
     <span class='ocr_line' id='line_1_32' title="bbox 567 3008 2004 3082; baseline 0.002 -17"><span class='ocrx_word' id='word_1_428' title='bbox 567 3009 664 3066; x_wconf 85' lang='lat' dir='ltr'><strong>Pisoni</strong></span> <span class='ocrx_word' id='word_1_429' title='bbox 676 3009 817 3080; x_wconf 84' lang='lat' dir='ltr'><strong>rescripsit</strong></span> <span class='ocrx_word' id='word_1_430' title='bbox 833 3008 862 3064; x_wconf 87' lang='lat' dir='ltr'><strong>in</strong></span> <span class='ocrx_word' id='word_1_431' title='bbox 879 3008 948 3068; x_wconf 88' lang='lat' dir='ltr'><strong>bsec</strong></span> <span class='ocrx_word' id='word_1_432' title='bbox 965 3009 1063 3066; x_wconf 84' lang='lat' dir='ltr'><strong>uerbs:</strong></span> <span class='ocrx_word' id='word_1_433' title='bbox 1082 3009 1158 3067; x_wconf 74' lang='lat' dir='ltr'><strong>&#39;Cum</strong></span> <span class='ocrx_word' id='word_1_434' title='bbox 1176 3009 1328 3066; x_wconf 83' lang='lat' dir='ltr'><strong>constiterit</strong></span> <span class='ocrx_word' id='word_1_435' title='bbox 1345 3010 1419 3080; x_wconf 78' lang='lat' dir='ltr'><strong>opud</strong></span> <span class='ocrx_word' id='word_1_436' title='bbox 1435 3015 1473 3082; x_wconf 72' lang='lat' dir='ltr'><strong>te,</strong></span> <span class='ocrx_word' id='word_1_437' title='bbox 1490 3011 1554 3068; x_wconf 81' lang='lat' dir='ltr'><strong>Piso</strong></span> <span class='ocrx_word' id='word_1_438' title='bbox 1571 3009 1721 3080; x_wconf 68' lang='lat' dir='ltr'><strong>commune,</strong></span> <span class='ocrx_word' id='word_1_439' title='bbox 1738 3011 1845 3066; x_wconf 90' lang='lat' dir='ltr'><strong>lulium</strong></span> <span class='ocrx_word' id='word_1_440' title='bbox 1858 3011 2004 3080; x_wconf 71' lang='lat' dir='ltr'><strong>Dousmm,</strong></span> 
     </span>
    </p>

    <p class='ocr_par' dir='ltr' id='par_1_9' title="bbox 523 3096 2062 3349">
     <span class='ocr_line' id='line_1_33' title="bbox 523 3096 2062 3172; baseline 0.001 -18"><span class='ocrx_word' id='word_1_441' title='bbox 523 3131 525 3136; x_wconf 68' lang='lat'>,</span> <span class='ocrx_word' id='word_1_442' title='bbox 568 3097 767 3170; x_wconf 78' lang='lat' dir='ltr'><strong>&#39;posteellqusm</strong></span> <span class='ocrx_word' id='word_1_443' title='bbox 785 3098 948 3155; x_wconf 71' lang='lat' dir='ltr'><strong>conterritus</strong></span> <span class='ocrx_word' id='word_1_444' title='bbox 966 3099 1087 3156; x_wconf 83' lang='lat' dir='ltr'><strong>sdnentu</strong></span> <span class='ocrx_word' id='word_1_445' title='bbox 1104 3099 1238 3156; x_wconf 73' lang='lat' dir='ltr'><strong>intronum</strong></span> <span class='ocrx_word' id='word_1_446' title='bbox 1255 3096 1430 3170; x_wconf 71' lang='lat' dir='ltr'><strong>profugeret*</strong></span> <span class='ocrx_word' id='word_1_447' title='bbox 1442 3099 1533 3156; x_wconf 83' lang='lat' dir='ltr'><strong>nillum</strong></span> <span class='ocrx_word' id='word_1_448' title='bbox 1551 3115 1638 3170; x_wconf 78' lang='lat' dir='ltr'><strong>mem,</strong></span> <span class='ocrx_word' id='word_1_449' title='bbox 1656 3100 1837 3156; x_wconf 72' lang='lat' dir='ltr'><strong>artnentum</strong></span> <span class='ocrx_word' id='word_1_450' title='bbox 1854 3116 1930 3172; x_wconf 82' lang='lat' dir='ltr'><strong>esse,</strong></span> <span class='ocrx_word' id='word_1_451' title='bbox 1947 3115 2004 3156; x_wconf 86' lang='lat' dir='ltr'><strong>mor</strong></span> <span class='ocrx_word' id='word_1_452' title='bbox 2016 3097 2062 3147; x_wconf 77' lang='lat' dir='ltr'><strong>stu</strong></span> 
     </span>
     <span class='ocr_line' id='line_1_34' title="bbox 568 3185 2004 3260; baseline 0.002 -16"><span class='ocrx_word' id='word_1_453' title='bbox 568 3187 740 3244; x_wconf 53' lang='lat' dir='ltr'><strong>&#39;commento</strong></span> <span class='ocrx_word' id='word_1_454' title='bbox 757 3185 831 3244; x_wconf 79' lang='lat' dir='ltr'><strong>fecto</strong></span> <span class='ocrx_word' id='word_1_455' title='bbox 848 3203 983 3260; x_wconf 66' lang='lat' dir='ltr'><strong>purgasse</strong></span> <span class='ocrx_word' id='word_1_456' title='bbox 999 3187 1119 3244; x_wconf 81' lang='lat' dir='ltr'><strong>officium</strong></span> <span class='ocrx_word' id='word_1_457' title='bbox 1138 3203 1278 3245; x_wconf 90' lang='lat' dir='ltr'><strong>seruorum</strong></span> <span class='ocrx_word' id='word_1_458' title='bbox 1296 3201 1416 3260; x_wconf 90' lang='lat' dir='ltr'><strong>suorum,</strong></span> <span class='ocrx_word' id='word_1_459' title='bbox 1434 3204 1486 3246; x_wconf 87' lang='lat' dir='ltr'><strong>uec</strong></span> <span class='ocrx_word' id='word_1_460' title='bbox 1501 3190 1590 3260; x_wconf 78' lang='lat' dir='ltr'><strong>pietus</strong></span> <span class='ocrx_word' id='word_1_461' title='bbox 1602 3203 1652 3260; x_wconf 90' lang='lat' dir='ltr'><strong>pro</strong></span> <span class='ocrx_word' id='word_1_462' title='bbox 1663 3189 1774 3245; x_wconf 68' lang='grc' dir='ltr'>ιιι-ιιι*</span> <span class='ocrx_word' id='word_1_463' title='bbox 1785 3205 1841 3246; x_wconf 90' lang='lat' dir='ltr'><strong>nec</strong></span> <span class='ocrx_word' id='word_1_464' title='bbox 1852 3190 2004 3247; x_wconf 68' lang='lat' dir='ltr'><strong>sollicitum</strong></span> 
     </span>
     <span class='ocr_line' id='line_1_35' title="bbox 567 3273 2039 3349; baseline 0.001 -16"><span class='ocrx_word' id='word_1_465' title='bbox 567 3273 684 3334; x_wconf 84' lang='lat' dir='ltr'><strong>&#39;heredis</strong></span> <span class='ocrx_word' id='word_1_466' title='bbox 701 3278 823 3349; x_wconf 80' lang='lat' dir='ltr'><strong>optinere</strong></span> <span class='ocrx_word' id='word_1_467' title='bbox 841 3275 932 3348; x_wconf 73' lang='lat' dir='ltr'><strong>debet,</strong></span> <span class='ocrx_word' id='word_1_468' title='bbox 949 3282 982 3332; x_wconf 84' lang='lat' dir='ltr'><strong>ut</strong></span> <span class='ocrx_word' id='word_1_469' title='bbox 999 3277 1035 3334; x_wconf 87' lang='lat' dir='ltr'><strong>sd</strong></span> <span class='ocrx_word' id='word_1_470' title='bbox 1052 3291 1169 3348; x_wconf 84' lang='lat' dir='ltr'><strong>poenum</strong></span> <span class='ocrx_word' id='word_1_471' title='bbox 1188 3281 1327 3348; x_wconf 87' lang='lat' dir='ltr'><strong>nocentur,</strong></span> <span class='ocrx_word' id='word_1_472' title='bbox 1345 3293 1414 3349; x_wconf 87' lang='lat' dir='ltr'><strong>quoe</strong></span> <span class='ocrx_word' id='word_1_473' title='bbox 1432 3277 1551 3335; x_wconf 79' lang='lat' dir='ltr'><strong>cbeolmt</strong></span> <span class='ocrx_word' id='word_1_474' title='bbox 1566 3279 1694 3336; x_wconf 88' lang='lat' dir='ltr'><strong>domiuus</strong></span> <span class='ocrx_word' id='word_1_475' title='bbox 1710 3277 1791 3349; x_wconf 89' lang='lat' dir='ltr'><strong>ipse&#39;.</strong></span> <span class='ocrx_word' id='word_1_476' title='bbox 2017 3281 2039 3322; x_wconf 77' lang='lat'><strong>¹⁴</strong></span> 
     </span>
    </p>

    <p class='ocr_par' dir='ltr' id='par_1_10' title="bbox 529 3361 2042 3452">
     <span class='ocr_line' id='line_1_36' title="bbox 529 3361 2042 3452; baseline -0.003 -30"><span class='ocrx_word' id='word_1_477' title='bbox 529 3361 549 3422; x_wconf 78' lang='grc'><strong>8</strong></span> <span class='ocrx_word' id='word_1_478' title='bbox 621 3365 771 3423; x_wconf 79' lang='lat' dir='ltr'><strong>Uurmrrus</strong></span> <span class='ocrx_word' id='word_1_479' title='bbox 797 3365 866 3423; x_wconf 89' lang='lat' dir='ltr'><strong>libro</strong></span> <span class='ocrx_word' id='word_1_480' title='bbox 889 3367 1116 3442; x_wconf 75' lang='lat' dir='ltr'><strong>quinquegesimo</strong></span> <span class='ocrx_word' id='word_1_481' title='bbox 1138 3367 1174 3422; x_wconf 83' lang='lat' dir='ltr'><strong>sd</strong></span> <span class='ocrx_word' id='word_1_482' title='bbox 1197 3367 1325 3422; x_wconf 85' lang='lat' dir='ltr'><strong>edictum.</strong></span> <span class='ocrx_word' id='word_1_483' title='bbox 1367 3366 1397 3423; x_wconf 83' lang='lat' dir='ltr'><strong>Sl</strong></span> <span class='ocrx_word' id='word_1_484' title='bbox 1419 3368 1481 3438; x_wconf 90' lang='lat' dir='ltr'><strong>quis</strong></span> <span class='ocrx_word' id='word_1_485' title='bbox 1503 3369 1548 3424; x_wconf 69' lang='lat' dir='ltr'><strong>inl</strong></span> <span class='ocrx_word' id='word_1_486' title='bbox 1565 3369 1645 3438; x_wconf 70' lang='lat' dir='ltr'><strong>graui</strong></span> <span class='ocrx_word' id='word_1_487' title='bbox 1666 3368 1831 3424; x_wconf 68' lang='lat' dir='ltr'><strong>menedimo</strong></span> <span class='ocrx_word' id='word_1_488' title='bbox 1850 3363 2003 3452; x_wconf 60' lang='lat' dir='ltr'><strong>ffiffl&#39;o</strong></span> <span class='ocrx_word' id='word_1_489' title='bbox 2026 3365 2042 3418; x_wconf 82' lang='lat' dir='ltr'><strong>i</strong></span> 
     </span>
    </p>

    <p class='ocr_par' dir='ltr' id='par_1_11' title="bbox 533 3443 2004 3617">
     <span class='ocr_line' id='line_1_37' title="bbox 533 3443 2004 3527; baseline 0.004 -18"><span class='ocrx_word' id='word_1_490' title='bbox 533 3461 547 3508; x_wconf 89' lang='lat'>1</span> <span class='ocrx_word' id='word_1_491' title='bbox 567 3453 693 3511; x_wconf 78' lang='lat' dir='ltr'><strong>suiectus</strong></span> <span class='ocrx_word' id='word_1_492' title='bbox 713 3470 793 3526; x_wconf 89' lang='lat' dir='ltr'><strong>opem</strong></span> <span class='ocrx_word' id='word_1_493' title='bbox 811 3453 922 3513; x_wconf 83' lang='lat' dir='ltr'><strong>domiuo</strong></span> <span class='ocrx_word' id='word_1_494' title='bbox 939 3454 1010 3512; x_wconf 79' lang='lat' dir='ltr'><strong>ferre</strong></span> <span class='ocrx_word' id='word_1_495' title='bbox 1027 3471 1083 3513; x_wconf 92' lang='lat' dir='ltr'><strong>non</strong></span> <span class='ocrx_word' id='word_1_496' title='bbox 1099 3456 1231 3527; x_wconf 87' lang='lat' dir='ltr'><strong>potuerit,</strong></span> <span class='ocrx_word' id='word_1_497' title='bbox 1256 3455 1472 3512; x_wconf 87' lang='lat' dir='ltr'><strong>subueniendum</strong></span> <span class='ocrx_word' id='word_1_498' title='bbox 1491 3463 1534 3514; x_wconf 85' lang='lat' dir='ltr'><strong>set</strong></span> <span class='ocrx_word' id='word_1_499' title='bbox 1550 3457 1585 3512; x_wconf 85' lang='lat' dir='ltr'><strong>ci.</strong></span> <span class='ocrx_word' id='word_1_500' title='bbox 1621 3455 1651 3512; x_wconf 87' lang='lat' dir='ltr'><strong>Si</strong></span> <span class='ocrx_word' id='word_1_501' title='bbox 1668 3457 1731 3527; x_wconf 84' lang='lat' dir='ltr'><strong>quir</strong></span> <span class='ocrx_word' id='word_1_502' title='bbox 1748 3458 1878 3514; x_wconf 90' lang='lat' dir='ltr'><strong>moriens</strong></span> <span class='ocrx_word' id='word_1_503' title='bbox 1897 3443 2004 3514; x_wconf 70' lang='grc' dir='ltr'><strong>ᾱὶιίἷᾶ</strong></span> 
     </span>
     <span class='ocr_line' id='line_1_38' title="bbox 567 3544 2003 3617; baseline 0.003 -17"><span class='ocrx_word' id='word_1_504' title='bbox 567 3559 681 3600; x_wconf 86' lang='lat' dir='ltr'><strong>sseruo</strong></span> <span class='ocrx_word' id='word_1_505' title='bbox 699 3545 754 3599; x_wconf 89' lang='lat' dir='ltr'><strong>uim</strong></span> <span class='ocrx_word' id='word_1_506' title='bbox 774 3546 869 3600; x_wconf 90' lang='lat' dir='ltr'><strong>mortis</strong></span> <span class='ocrx_word' id='word_1_507' title='bbox 886 3545 996 3601; x_wconf 83' lang='lat' dir='ltr'><strong>sllstsm</strong></span> <span class='ocrx_word' id='word_1_508' title='bbox 1013 3559 1076 3602; x_wconf 87' lang='lat' dir='ltr'><strong>esse</strong></span> <span class='ocrx_word' id='word_1_509' title='bbox 1093 3544 1154 3615; x_wconf 86' lang='lat' dir='ltr'><strong>sibl,</strong></span> <span class='ocrx_word' id='word_1_510' title='bbox 1172 3545 1317 3601; x_wconf 80' lang='lat' dir='ltr'><strong>dicentium</strong></span> <span class='ocrx_word' id='word_1_511' title='bbox 1335 3547 1444 3602; x_wconf 86' lang='lat' dir='ltr'><strong>estnon</strong></span> <span class='ocrx_word' id='word_1_512' title='bbox 1454 3559 1516 3601; x_wconf 88' lang='lat' dir='ltr'><strong>esse</strong></span> <span class='ocrx_word' id='word_1_513' title='bbox 1528 3546 1694 3602; x_wconf 79' lang='lat' dir='ltr'><strong>credendum</strong></span> <span class='ocrx_word' id='word_1_514' title='bbox 1707 3546 1833 3617; x_wconf 86' lang='lat' dir='ltr'><strong>domino,</strong></span> <span class='ocrx_word' id='word_1_515' title='bbox 1853 3548 1880 3603; x_wconf 85' lang='lat' dir='ltr'><strong>si</strong></span> <span class='ocrx_word' id='word_1_516' title='bbox 1892 3548 2003 3604; x_wconf 83' lang='lat' dir='ltr'><strong>moriem</strong></span> 
     </span>
    </p>

    <p class='ocr_par' dir='ltr' id='par_1_12' title="bbox 534 3631 2002 3794">
     <span class='ocr_line' id='line_1_39' title="bbox 534 3631 2002 3705; baseline 0.004 -20"><span class='ocrx_word' id='word_1_517' title='bbox 534 3631 619 3689; x_wconf 77' lang='lat' dir='ltr'><strong>eboc</strong></span> <span class='ocrx_word' id='word_1_518' title='bbox 641 3633 724 3704; x_wconf 84' lang='lat' dir='ltr'><strong>dixit,</strong></span> <span class='ocrx_word' id='word_1_519' title='bbox 748 3633 800 3690; x_wconf 92' lang='lat' dir='ltr'><strong>nisi</strong></span> <span class='ocrx_word' id='word_1_520' title='bbox 823 3634 944 3704; x_wconf 86' lang='lat' dir='ltr'><strong>potuerit</strong></span> <span class='ocrx_word' id='word_1_521' title='bbox 965 3639 994 3690; x_wconf 86' lang='lat' dir='ltr'><strong>ot</strong></span> <span class='ocrx_word' id='word_1_522' title='bbox 1016 3631 1134 3705; x_wconf 74' lang='lat' dir='ltr'><strong>proban.</strong></span> <span class='ocrx_word' id='word_1_523' title='bbox 1169 3633 1199 3689; x_wconf 84' lang='lat' dir='ltr'><strong>si</strong></span> <span class='ocrx_word' id='word_1_524' title='bbox 1217 3633 1330 3690; x_wconf 80' lang='lat' dir='ltr'><strong>meritus</strong></span> <span class='ocrx_word' id='word_1_525' title='bbox 1348 3649 1460 3691; x_wconf 86' lang='lat' dir='ltr'><strong>uxorem</strong></span> <span class='ocrx_word' id='word_1_526' title='bbox 1478 3641 1561 3692; x_wconf 82' lang='lat' dir='ltr'><strong>noctu</strong></span> <span class='ocrx_word' id='word_1_527' title='bbox 1578 3636 1650 3691; x_wconf 82' lang='lat' dir='ltr'><strong>intre</strong></span> <span class='ocrx_word' id='word_1_528' title='bbox 1666 3635 1827 3692; x_wconf 86' lang='lat' dir='ltr'><strong>cubiculum</strong></span> <span class='ocrx_word' id='word_1_529' title='bbox 1847 3651 1946 3692; x_wconf 65' lang='lat' dir='ltr'><strong>mcum</strong></span> <span class='ocrx_word' id='word_1_530' title='bbox 1961 3651 2002 3691; x_wconf 81' lang='lat' dir='ltr'><strong>nu</strong></span> 
     </span>
     <span class='ocr_line' id='line_1_40' title="bbox 568 3719 2002 3794; baseline 0.003 -18"><span class='ocrx_word' id='word_1_531' title='bbox 568 3719 678 3778; x_wconf 79' lang='lat' dir='ltr'><strong>benbem</strong></span> <span class='ocrx_word' id='word_1_532' title='bbox 696 3723 837 3778; x_wconf 83' lang='lat' dir='ltr'><strong>neceuerit</strong></span> <span class='ocrx_word' id='word_1_533' title='bbox 853 3724 897 3778; x_wconf 88' lang='lat' dir='ltr'><strong>uel</strong></span> <span class='ocrx_word' id='word_1_534' title='bbox 915 3739 985 3779; x_wconf 86' lang='lat' dir='ltr'><strong>uxor</strong></span> <span class='ocrx_word' id='word_1_535' title='bbox 1001 3723 1137 3793; x_wconf 72' lang='lat' dir='ltr'><strong>murinum,</strong></span> <span class='ocrx_word' id='word_1_536' title='bbox 1155 3723 1228 3779; x_wconf 86' lang='lat' dir='ltr'><strong>serui</strong></span> <span class='ocrx_word' id='word_1_537' title='bbox 1245 3737 1337 3794; x_wconf 79' lang='lat' dir='ltr'><strong>poene</strong></span> <span class='ocrx_word' id='word_1_538' title='bbox 1353 3728 1465 3779; x_wconf 69' lang='lat' dir='ltr'><strong>umus</strong></span> <span class='ocrx_word' id='word_1_539' title='bbox 1482 3725 1599 3780; x_wconf 78' lang='lat' dir='ltr'><strong>consulti</strong></span> <span class='ocrx_word' id='word_1_540' title='bbox 1616 3724 1818 3781; x_wconf 65' lang='lat' dir='ltr'><strong>liberabuntur.</strong></span> <span class='ocrx_word' id='word_1_541' title='bbox 1851 3725 1905 3781; x_wconf 90' lang='lat' dir='ltr'><strong>sed</strong></span> <span class='ocrx_word' id='word_1_542' title='bbox 1922 3727 2002 3781; x_wconf 81' lang='lat' dir='ltr'><strong>sieu-</strong></span> 
     </span>
    </p>

    <p class='ocr_par' dir='ltr' id='par_1_13' title="bbox 486 3809 2037 3886">
     <span class='ocr_line' id='line_1_41' title="bbox 486 3809 2037 3886; baseline 0.004 -21"><span class='ocrx_word' id='word_1_543' title='bbox 486 3829 488 3834; x_wconf 87' lang='lat'><em>·</em></span> <span class='ocrx_word' id='word_1_544' title='bbox 566 3809 708 3866; x_wconf 84' lang='lat' dir='ltr'><strong>sudissent</strong></span> <span class='ocrx_word' id='word_1_545' title='bbox 725 3815 754 3866; x_wconf 86' lang='lat' dir='ltr'><strong>et</strong></span> <span class='ocrx_word' id='word_1_546' title='bbox 771 3825 851 3881; x_wconf 92' lang='lat' dir='ltr'><strong>opem</strong></span> <span class='ocrx_word' id='word_1_547' title='bbox 869 3827 925 3868; x_wconf 89' lang='lat' dir='ltr'><strong>non</strong></span> <span class='ocrx_word' id='word_1_548' title='bbox 941 3813 1076 3882; x_wconf 82' lang='lat' dir='ltr'><strong>tulissent,</strong></span> <span class='ocrx_word' id='word_1_549' title='bbox 1094 3811 1230 3882; x_wconf 71' lang='lat' dir='ltr'><strong>plectendi</strong></span> <span class='ocrx_word' id='word_1_550' title='bbox 1247 3817 1335 3882; x_wconf 79' lang='lat' dir='ltr'><strong>erunt,</strong></span> <span class='ocrx_word' id='word_1_551' title='bbox 1353 3827 1408 3868; x_wconf 91' lang='lat' dir='ltr'><strong>uon</strong></span> <span class='ocrx_word' id='word_1_552' title='bbox 1424 3815 1531 3868; x_wconf 82' lang='lat' dir='ltr'><strong>tentum</strong></span> <span class='ocrx_word' id='word_1_553' title='bbox 1548 3814 1685 3886; x_wconf 90' lang='lat' dir='ltr'><strong>siproprii</strong></span> <span class='ocrx_word' id='word_1_554' title='bbox 1696 3819 1796 3870; x_wconf 87' lang='lat' dir='ltr'><strong>esseut</strong></span> <span class='ocrx_word' id='word_1_555' title='bbox 1807 3815 1942 3883; x_wconf 84' lang='lat' dir='ltr'><strong>mulieris,</strong></span> <span class='ocrx_word' id='word_1_556' title='bbox 1958 3811 2002 3869; x_wconf 79' lang='lat' dir='ltr'><strong>sed</strong></span> <span class='ocrx_word' id='word_1_557' title='bbox 2015 3816 2037 3856; x_wconf 66' lang='lat'>0</span> 
     </span>
    </p>

    <p class='ocr_par' dir='ltr' id='par_1_14' title="bbox 534 3899 2001 3975">
     <span class='ocr_line' id='line_1_42' title="bbox 534 3899 2001 3975; baseline 0.005 -22"><span class='ocrx_word' id='word_1_558' title='bbox 534 3905 548 3952; x_wconf 83' lang='lat' dir='ltr'><strong>e</strong></span> <span class='ocrx_word' id='word_1_559' title='bbox 566 3899 649 3954; x_wconf 84' lang='lat' dir='ltr'><strong>etlsm</strong></span> <span class='ocrx_word' id='word_1_560' title='bbox 673 3899 697 3954; x_wconf 93' lang='lat' dir='ltr'><strong>si</strong></span> <span class='ocrx_word' id='word_1_561' title='bbox 719 3901 818 3956; x_wconf 83' lang='lat' dir='ltr'><strong>msrlti.</strong></span> <span class='ocrx_word' id='word_1_562' title='bbox 854 3900 884 3957; x_wconf 85' lang='lat' dir='ltr'><strong>Si</strong></span> <span class='ocrx_word' id='word_1_563' title='bbox 905 3905 999 3958; x_wconf 84' lang='lat' dir='ltr'><strong>tumen</strong></span> <span class='ocrx_word' id='word_1_564' title='bbox 1021 3901 1136 3958; x_wconf 77' lang='lat' dir='ltr'><strong>murium</strong></span> <span class='ocrx_word' id='word_1_565' title='bbox 1153 3901 1181 3957; x_wconf 90' lang='lat' dir='ltr'><strong>iu</strong></span> <span class='ocrx_word' id='word_1_566' title='bbox 1199 3899 1333 3957; x_wconf 69' lang='lat' dir='ltr'><strong>adulterio</strong></span> <span class='ocrx_word' id='word_1_567' title='bbox 1349 3900 1547 3972; x_wconf 82' lang='lat' dir='ltr'><strong>deprehensum</strong></span> <span class='ocrx_word' id='word_1_568' title='bbox 1564 3903 1673 3958; x_wconf 84' lang='lat' dir='ltr'><strong>occidet</strong></span> <span class='ocrx_word' id='word_1_569' title='bbox 1678 3945 1686 3974; x_wconf 90' lang='lat'>,</span> <span class='ocrx_word' id='word_1_570' title='bbox 1708 3903 1778 3973; x_wconf 77' lang='lat' dir='ltr'><strong>quie</strong></span> <span class='ocrx_word' id='word_1_571' title='bbox 1799 3904 1957 3975; x_wconf 75' lang='lat' dir='ltr'><strong>ignoscitur</strong></span> <span class='ocrx_word' id='word_1_572' title='bbox 1971 3903 2001 3973; x_wconf 78' lang='lat' dir='ltr'><strong>ei,</strong></span> 
     </span>
    </p>

    <p class='ocr_par' dir='ltr' id='par_1_15' title="bbox 566 3987 2000 4062">
     <span class='ocr_line' id='line_1_43' title="bbox 566 3987 2000 4062; baseline 0.004 -20"><span class='ocrx_word' id='word_1_573' title='bbox 566 3987 712 4043; x_wconf 84' lang='lat' dir='ltr'><strong>dicendum</strong></span> <span class='ocrx_word' id='word_1_574' title='bbox 735 3993 779 4044; x_wconf 89' lang='lat' dir='ltr'><strong>est</strong></span> <span class='ocrx_word' id='word_1_575' title='bbox 802 4003 857 4045; x_wconf 91' lang='lat' dir='ltr'><strong>non</strong></span> <span class='ocrx_word' id='word_1_576' title='bbox 878 3994 985 4046; x_wconf 83' lang='lat' dir='ltr'><strong>tuntum</strong></span> <span class='ocrx_word' id='word_1_577' title='bbox 1009 3989 1112 4061; x_wconf 81' lang='lat' dir='ltr'><strong>meriti,</strong></span> <span class='ocrx_word' id='word_1_578' title='bbox 1134 3990 1185 4046; x_wconf 83' lang='lat' dir='ltr'><strong>sed</strong></span> <span class='ocrx_word' id='word_1_579' title='bbox 1201 3990 1284 4046; x_wconf 80' lang='lat' dir='ltr'><strong>etism</strong></span> <span class='ocrx_word' id='word_1_580' title='bbox 1302 3990 1396 4046; x_wconf 87' lang='lat' dir='ltr'><strong>uxoris</strong></span> <span class='ocrx_word' id='word_1_581' title='bbox 1412 4005 1507 4047; x_wconf 85' lang='lat' dir='ltr'><strong>seruos</strong></span> <span class='ocrx_word' id='word_1_582' title='bbox 1523 3990 1691 4062; x_wconf 72' lang='lat' dir='ltr'><strong>liberandos,</strong></span> <span class='ocrx_word' id='word_1_583' title='bbox 1714 3993 1740 4048; x_wconf 87' lang='lat' dir='ltr'><strong>si</strong></span> <span class='ocrx_word' id='word_1_584' title='bbox 1758 3993 1868 4050; x_wconf 89' lang='lat' dir='ltr'><strong>iustum</strong></span> <span class='ocrx_word' id='word_1_585' title='bbox 1886 3994 2000 4050; x_wconf 86' lang='lat' dir='ltr'><strong>dolorem</strong></span> 
     </span>
    </p>

    <p class='ocr_par' dir='ltr' id='par_1_16' title="bbox 533 4062 2104 4152">
     <span class='ocr_line' id='line_1_44' title="bbox 533 4062 2104 4152; baseline 0.004 -22"><span class='ocrx_word' id='word_1_586' title='bbox 533 4083 549 4129; x_wconf 81' lang='lat' dir='ltr'><strong>t</strong></span> <span class='ocrx_word' id='word_1_587' title='bbox 567 4077 728 4147; x_wconf 85' lang='lat' dir='ltr'><strong>exsequenti</strong></span> <span class='ocrx_word' id='word_1_588' title='bbox 750 4077 861 4134; x_wconf 89' lang='lat' dir='ltr'><strong>domino</strong></span> <span class='ocrx_word' id='word_1_589' title='bbox 884 4094 940 4135; x_wconf 90' lang='lat' dir='ltr'><strong>uon</strong></span> <span class='ocrx_word' id='word_1_590' title='bbox 960 4079 1127 4136; x_wconf 83' lang='lat' dir='ltr'><strong>restiterunt</strong></span> <span class='ocrx_word' id='word_1_591' title='bbox 1163 4077 1193 4134; x_wconf 86' lang='lat' dir='ltr'><strong>Sl</strong></span> <span class='ocrx_word' id='word_1_592' title='bbox 1217 4094 1279 4134; x_wconf 90' lang='lat' dir='ltr'><strong>cnm</strong></span> <span class='ocrx_word' id='word_1_593' title='bbox 1303 4093 1398 4134; x_wconf 87' lang='lat' dir='ltr'><strong>omnes</strong></span> <span class='ocrx_word' id='word_1_594' title='bbox 1420 4078 1523 4136; x_wconf 83' lang='lat' dir='ltr'><strong>domiui</strong></span> <span class='ocrx_word' id='word_1_595' title='bbox 1544 4079 1737 4151; x_wconf 55' lang='lat' dir='ltr'><strong>agressurum</strong></span> <span class='ocrx_word' id='word_1_596' title='bbox 1756 4087 1937 4152; x_wconf 78' lang='lat' dir='ltr'><strong>peterentur,</strong></span> <span class='ocrx_word' id='word_1_597' title='bbox 1959 4080 2001 4137; x_wconf 89' lang='lat' dir='ltr'><strong>uui</strong></span> <span class='ocrx_word' id='word_1_598' title='bbox 2103 4062 2104 4077; x_wconf 44' lang='lat'>¹</span> 
     </span>
    </p>

    <p class='ocr_par' dir='ltr' id='par_1_17' title="bbox 566 4165 2105 4242">
     <span class='ocr_line' id='line_1_45' title="bbox 566 4165 2105 4242; baseline 0.003 -21"><span class='ocrx_word' id='word_1_599' title='bbox 566 4179 663 4222; x_wconf 88' lang='lat' dir='ltr'><strong>seruus</strong></span> <span class='ocrx_word' id='word_1_600' title='bbox 687 4180 767 4236; x_wconf 89' lang='lat' dir='ltr'><strong>opem</strong></span> <span class='ocrx_word' id='word_1_601' title='bbox 789 4167 866 4239; x_wconf 86' lang='lat' dir='ltr'><strong>tulit,</strong></span> <span class='ocrx_word' id='word_1_602' title='bbox 890 4185 927 4225; x_wconf 83' lang='lat' dir='ltr'><strong>en</strong></span> <span class='ocrx_word' id='word_1_603' title='bbox 948 4169 986 4224; x_wconf 85' lang='lat' dir='ltr'><strong>eit</strong></span> <span class='ocrx_word' id='word_1_604' title='bbox 1007 4168 1195 4239; x_wconf 80' lang='lat' dir='ltr'><strong>excusandus,</strong></span> <span class='ocrx_word' id='word_1_605' title='bbox 1218 4183 1254 4224; x_wconf 79' lang='lat' dir='ltr'><strong>en</strong></span> <span class='ocrx_word' id='word_1_606' title='bbox 1277 4182 1343 4224; x_wconf 91' lang='lat' dir='ltr'><strong>nero</strong></span> <span class='ocrx_word' id='word_1_607' title='bbox 1366 4167 1432 4239; x_wconf 85' lang='lat' dir='ltr'><strong>quie</strong></span> <span class='ocrx_word' id='word_1_608' title='bbox 1448 4167 1575 4226; x_wconf 85' lang='lat' dir='ltr'><strong>ommbue</strong></span> <span class='ocrx_word' id='word_1_609' title='bbox 1592 4173 1663 4226; x_wconf 79' lang='lat' dir='ltr'><strong>ucn⁸</strong></span> <span class='ocrx_word' id='word_1_610' title='bbox 1680 4171 1746 4226; x_wconf 85' lang='lat' dir='ltr'><strong>tulit</strong></span> <span class='ocrx_word' id='word_1_611' title='bbox 1763 4171 1953 4242; x_wconf 73' lang='lat' dir='ltr'><strong>plectendus?</strong></span> <span class='ocrx_word' id='word_1_612' title='bbox 1976 4174 2001 4225; x_wconf 88' lang='lat' dir='ltr'><strong>et</strong></span> <span class='ocrx_word' id='word_1_613' title='bbox 2104 4165 2105 4168; x_wconf 70' lang='grc'>’</span> 
     </span>
    </p>
   </div>
   <div class='ocr_carea' id='block_1_3' title="bbox 566 4263 788 4335">
    <p class='ocr_par' dir='ltr' id='par_1_18' title="bbox 566 4263 788 4335">
     <span class='ocr_line' id='line_1_46' title="bbox 566 4263 788 4335; baseline 0.018 -17"><span class='ocrx_word' id='word_1_614' title='bbox 566 4263 788 4335; x_wconf 62' lang='lat' dir='ltr'><strong>umqum)</strong></span> 
     </span>
    </p>
   </div>
   <div class='ocr_carea' id='block_1_4' title="bbox 565 4405 2000 4604">
    <p class='ocr_par' dir='ltr' id='par_1_19' title="bbox 565 4405 2000 4604">
     <span class='ocr_line' id='line_1_47' title="bbox 568 4405 2000 4479; baseline 0.003 -19"><span class='ocrx_word' id='word_1_615' title='bbox 568 4405 622 4462; x_wconf 89' lang='lat' dir='ltr'><strong>¹ei</strong></span> <span class='ocrx_word' id='word_1_616' title='bbox 640 4407 737 4474; x_wconf 80' lang='lat' dir='ltr'><strong>(n.t.)?</strong></span> <span class='ocrx_word' id='word_1_617' title='bbox 798 4407 863 4464; x_wconf 74' lang='lat' dir='ltr'><strong>’ob</strong></span> <span class='ocrx_word' id='word_1_618' title='bbox 881 4417 928 4464; x_wconf 78' lang='lat' dir='ltr'><strong>tm.</strong></span> <span class='ocrx_word' id='word_1_619' title='bbox 946 4409 1162 4476; x_wconf 77' lang='lat' dir='ltr'><strong>(Brencmnmue)</strong></span> <span class='ocrx_word' id='word_1_620' title='bbox 1224 4409 1346 4479; x_wconf 72' lang='lat' dir='ltr'><strong>⁸etque]</strong></span> <span class='ocrx_word' id='word_1_621' title='bbox 1365 4409 1435 4465; x_wconf 83' lang='lat' dir='ltr'><strong>sut?</strong></span> <span class='ocrx_word' id='word_1_622' title='bbox 1492 4409 1602 4465; x_wconf 80' lang='lat' dir='ltr'><strong>‘diuus</strong></span> <span class='ocrx_word' id='word_1_623' title='bbox 1619 4409 1729 4466; x_wconf 89' lang='lat' dir='ltr'><strong>llsrcus</strong></span> <span class='ocrx_word' id='word_1_624' title='bbox 1749 4427 1814 4467; x_wconf 85' lang='lat' dir='ltr'><strong>cum</strong></span> <span class='ocrx_word' id='word_1_625' title='bbox 1835 4409 2000 4470; x_wconf 84' lang='lat' dir='ltr'><strong>Commodoi</strong></span> 
     </span>
     <span class='ocr_line' id='line_1_48' title="bbox 565 4475 2000 4604; baseline 0.006 -72"><span class='ocrx_word' id='word_1_626' title='bbox 565 4475 934 4604; x_wconf 50' lang='lat' dir='ltr'><strong>fflfflpfflmm)</strong></span> <span class='ocrx_word' id='word_1_627' title='bbox 1004 4479 1089 4549; x_wconf 75' lang='lat' dir='ltr'><strong>‘pro</strong></span> <span class='ocrx_word' id='word_1_628' title='bbox 1112 4479 1398 4552; x_wconf 79' lang='lat' dir='ltr'><strong>seruis1prosocrusl</strong></span> <span class='ocrx_word' id='word_1_629' title='bbox 1472 4479 1529 4535; x_wconf 76' lang='lat' dir='ltr'><strong>⁷in</strong></span> <span class='ocrx_word' id='word_1_630' title='bbox 1547 4483 1594 4537; x_wconf 74' lang='lat' dir='ltr'><strong>det</strong></span> <span class='ocrx_word' id='word_1_631' title='bbox 1618 4481 1702 4554; x_wconf 68' lang='lat' dir='ltr'><strong>(Scip-</strong></span> <span class='ocrx_word' id='word_1_632' title='bbox 1722 4481 1852 4552; x_wconf 70' lang='lat' dir='ltr'><strong>Gemite)</strong></span> <span class='ocrx_word' id='word_1_633' title='bbox 1924 4487 2000 4539; x_wconf 74' lang='lat' dir='ltr'><strong>*nou</strong></span> 
     </span>
    </p>
   </div>
   <div class='ocr_carea' id='block_1_5' title="bbox 565 4677 2098 5041">
    <p class='ocr_par' dir='ltr' id='par_1_20' title="bbox 565 4677 2098 5041">
     <span class='ocr_line' id='line_1_49' title="bbox 566 4677 2000 4762; baseline 0.006 -29"><span class='ocrx_word' id='word_1_634' title='bbox 566 4677 648 4762; x_wconf 68' lang='lat' dir='ltr'><strong>irei]</strong></span> <span class='ocrx_word' id='word_1_635' title='bbox 668 4680 722 4745; x_wconf 70' lang='grc' dir='ltr'><strong>Μ’,</strong></span> <span class='ocrx_word' id='word_1_636' title='bbox 746 4679 925 4747; x_wconf 68' lang='lat' dir='ltr'><strong>eruum</strong></span> <span class='ocrx_word' id='word_1_637' title='bbox 974 4682 1017 4737; x_wconf 74' lang='lat'><strong>2¹</strong></span> <span class='ocrx_word' id='word_1_638' title='bbox 1069 4682 1249 4754; x_wconf 74' lang='lat' dir='ltr'><strong>lipsuurl&#39;l</strong></span> <span class='ocrx_word' id='word_1_639' title='bbox 1305 4683 1384 4738; x_wconf 59' lang='lat' dir='ltr'><strong>silo</strong></span> <span class='ocrx_word' id='word_1_640' title='bbox 1438 4683 1636 4742; x_wconf 73' lang='lat' dir='ltr'><strong>suouiecttF</strong></span> <span class='ocrx_word' id='word_1_641' title='bbox 1683 4685 1862 4760; x_wconf 63' lang='lat' dir='ltr'><strong>micum]</strong></span> <span class='ocrx_word' id='word_1_642' title='bbox 1882 4687 2000 4745; x_wconf 64' lang='lat' dir='ltr'><strong>monti*</strong></span> 
     </span>
     <span class='ocr_line' id='line_1_50' title="bbox 565 4697 2001 4880; baseline 0.008 -77"><span class='ocrx_word' id='word_1_643' title='bbox 565 4750 651 4834; x_wconf 79' lang='lat' dir='ltr'><strong>srniF</strong></span> <span class='ocrx_word' id='word_1_644' title='bbox 684 4751 835 4807; x_wconf 71' lang='lat' dir='ltr'><strong>bultimsm</strong></span> <span class='ocrx_word' id='word_1_645' title='bbox 848 4751 885 4805; x_wconf 62' lang='lat'><strong>1⁸¹</strong></span> <span class='ocrx_word' id='word_1_646' title='bbox 900 4753 905 4820; x_wconf 91' lang='grc' dir='ltr'>Ι</span> <span class='ocrx_word' id='word_1_647' title='bbox 921 4697 1195 4824; x_wconf 54' lang='lat' dir='ltr'><strong>itequeffiutsque</strong></span> <span class='ocrx_word' id='word_1_648' title='bbox 1208 4755 1251 4820; x_wconf 66' lang='lat' dir='ltr'><strong>P,</strong></span> <span class='ocrx_word' id='word_1_649' title='bbox 1304 4755 1341 4810; x_wconf 59' lang='grc' dir='ltr'><strong>ιθ</strong></span> <span class='ocrx_word' id='word_1_650' title='bbox 1357 4754 1590 4880; x_wconf 46' lang='lat' dir='ltr'><strong>eiskl&#39;fflli‘lff,</strong></span> <span class='ocrx_word' id='word_1_651' title='bbox 1608 4755 1862 4824; x_wconf 55' lang='lat' dir='ltr'><strong>emituit-rc·</strong></span> <span class='ocrx_word' id='word_1_652' title='bbox 1908 4761 1943 4817; x_wconf 78' lang='lat' dir='ltr'><strong>i&#39;l</strong></span> <span class='ocrx_word' id='word_1_653' title='bbox 1959 4761 2001 4814; x_wconf 78' lang='lat' dir='ltr'><strong>mit</strong></span> 
     </span>
     <span class='ocr_line' id='line_1_51' title="bbox 565 4821 2002 4964; baseline 0.012 -20"><span class='ocrx_word' id='word_1_654' title='bbox 565 4821 1252 4964; x_wconf 55' lang='lat' dir='ltr'><strong>riirrlntitrr‘ltlletrrittt</strong></span> <span class='ocrx_word' id='word_1_655' title='bbox 1304 4825 1387 4953; x_wconf 71' lang='lat' dir='ltr'><strong>cll</strong></span> <span class='ocrx_word' id='word_1_656' title='bbox 1396 4827 1674 4954; x_wconf 54' lang='lat' dir='ltr'><strong>emollitis</strong></span> <span class='ocrx_word' id='word_1_657' title='bbox 1686 4829 1792 4957; x_wconf 57' lang='lat' dir='ltr'><strong>iil</strong></span> <span class='ocrx_word' id='word_1_658' title='bbox 1804 4829 1883 4960; x_wconf 52' lang='lat' dir='ltr'><strong>lif-1</strong></span> <span class='ocrx_word' id='word_1_659' title='bbox 1892 4833 2002 4961; x_wconf 65' lang='grc' dir='ltr'>Ἢ</span> 
     </span>
     <span class='ocr_line' id='line_1_52' title="bbox 566 4897 2098 5041; baseline 0.008 -23"><span class='ocrx_word' id='word_1_660' title='bbox 566 4961 727 5032; x_wconf 69' lang='lat' dir='ltr'><strong>percibusl?</strong></span> <span class='ocrx_word' id='word_1_661' title='bbox 753 4965 787 5020; x_wconf 88' lang='lat'><strong>18</strong></span> <span class='ocrx_word' id='word_1_662' title='bbox 799 4965 838 5034; x_wconf 91' lang='lat' dir='ltr'><strong>se]</strong></span> <span class='ocrx_word' id='word_1_663' title='bbox 849 4965 949 5031; x_wconf 84' lang='lat' dir='ltr'><strong>siFW,</strong></span> <span class='ocrx_word' id='word_1_664' title='bbox 962 4968 1144 5036; x_wconf 80' lang='lat' dir='ltr'><strong>om.DQ1iIO</strong></span> <span class='ocrx_word' id='word_1_665' title='bbox 1169 4897 1250 5038; x_wconf 72' lang='lat' dir='ltr'><strong>loisI</strong></span> <span class='ocrx_word' id='word_1_666' title='bbox 1304 4967 1500 5041; x_wconf 81' lang='lat' dir='ltr'><strong>pr‘e&#39;ehoussru</strong></span> <span class='ocrx_word' id='word_1_667' title='bbox 1517 4971 1557 5024; x_wconf 65' lang='grc' dir='ltr'><strong><em>Ρ</em></strong></span> <span class='ocrx_word' id='word_1_668' title='bbox 1600 4971 1636 5026; x_wconf 76' lang='lat' dir='ltr'><strong>tu</strong></span> <span class='ocrx_word' id='word_1_669' title='bbox 1654 4970 1749 5028; x_wconf 85' lang='lat' dir='ltr'><strong>iustus</strong></span> <span class='ocrx_word' id='word_1_670' title='bbox 2096 4948 2098 4968; x_wconf 49' lang='lat'>³</span> 
     </span>
    </p>
   </div>
   <div class='ocr_carea' id='block_1_6' title="bbox 0 0 2169 5332">
    <p class='ocr_par' dir='ltr' id='par_1_21' title="bbox 0 0 2169 5332">
     <span class='ocr_line' id='line_1_53' title="bbox 0 0 2169 5332; baseline 0 0"><span class='ocrx_word' id='word_1_671' title='bbox 0 0 2169 5332; x_wconf 95' lang='lat' dir='ltr'><strong> </strong></span> 
     </span>
    </p>
   </div>
  </div>
 </body>
</html>
