3652 5362
264 191 396 258 xxvur
416 192 437 258 6
459 195 573 254 6-6
911 273 915 284 .
938 181 1025 264 846
1430 205 1478 254 ns
1501 203 1717 254 mmm

264 353 317 403 est
328 346 507 402 hereditatam
531 346 617 415 eupit:
640 361 703 400 uam
727 345 789 414 lege
805 343 887 400 Aelia
903 343 997 400 Sentio
1013 344 1053 399 ita
1071 347 1199 413 cauetur,
1222 347 1267 412 ut,
1287 343 1311 398 si
1328 343 1384 399 duo
1401 344 1532 415 pluresne
1551 359 1591 400 ex
1611 343 1716 399 eadem

264 451 349 492 66666
365 435 481 490 heredes
498 434 593 504 scripti
610 433 673 504 sint,
691 434 733 489 uti
749 433 865 504 quisque
882 433 987 503 primns
1004 432 1186 503 surripuerit,
1202 431 1283 488 lueres
1300 432 1344 488 sit.

128 527 167 586 62
182 523 246 603 (61)
317 525 511 581 6666666666
527 523 596 579 libro
612 527 712 579 oetauo
730 537 931 593 responsorum.
968 521 1019 589 Qui
1041 520 1152 577 uolebat
1170 519 1254 577 fllium
1279 520 1458 591 exheredare,
1481 522 1524 577 sio
1543 518 1587 606 [a.
1597 529 1672 590 666,
1682 535 1715 581 to
1733 529 1761 584 Ε

264 617 429 670 testamento
447 611 665 684 eomprehendit:
685 611 720 667 'ts
737 617 838 681 antem,
855 609 919 680 lilio,
937 610 999 668 ideo
1013 610 1187 681 exheredant,
1204 610 1332 682 quoniam
1350 615 1508 666 eonteutem
1523 617 1636 668 teeese
1647 611 1715 668 dote

265 703 367 758 ‘uoluit
390 717 492 772 quaero
515 718 552 758 66
575 700 723 758 effionuite'r
739 699 905 756 exheredata
923 700 968 756 sit.
996 700 1165 756 Modestinus
1185 699 1326 771 respoudit
1343 699 1408 756 nihil
1425 702 1556 772 proponi,
1583 717 1639 756 eur
1657 715 1747 756 6666

63 781 64 784 ¹
168 837 170 842 ,
265 797 340 849 esset
355 792 496 848 uoluntate
514 790 653 846 teststorlr
672 789 846 846 exheredata

130 883 169 942 63
184 879 247 958 (62)
317 881 395 936 luunt
416 879 485 936 libro
508 878 629 934 seeundo
651 879 856 949 pandectarum.
892 878 924 932 ln
941 881 1051 948 tempus
1072 877 1222 948 eapiendue
1239 877 1398 934 hereditatis
1419 879 1526 934 institui
1545 872 1716 962 Q
1733 882 1760 937 Ε

262 970 393 1026 heredem
415 981 497 1039 posse
519 966 725 1024 beneuolentiae
749 973 805 1038 est,
830 967 914 1022 ueluti
933 967 1042 1022 'Lueius
1060 967 1150 1022 Titius
1168 981 1230 1022 eum
1249 981 1346 1036 oupere
1363 969 1496 1038 potuerit,
1520 967 1605 1024 lueres
1625 965 1715 1022 eeto':

233 1060 336 1116 tidem
359 1063 387 1114 et
409 1058 437 1112 in
461 1058 561 1127 legato.
597 1057 729 1124 Quotiens
753 1071 808 1112 666
828 1061 957 1126 apparet,
981 1055 1043 1124 quis
1065 1055 1144 1110 heres
1168 1055 1309 1111 institutus
1326 1057 1376 1126 stt,
1399 1056 1535 1112 institutio
1553 1071 1616 1112 666
1633 1057 1747 1111 ualeto

265 1149 378 1220 (quippo
395 1147 505 1204 euenire
522 1147 670 1217 potestat
687 1151 803 1202 66666666
816 1147 826 1218 Ι(
840 1145 993 1214 eompluree
1011 1143 1113 1200 amieos
1131 1143 1228 1200 eodem
1246 1145 1355 1201 nomine
1373 1144 1473 1200 hebeat
1484 1151 1513 1200 et
1525 1143 1562 1200 ad
1575 1145 1714 1214 designa·
1731 1152 1796 1200 666

225 1285 228 1292 ,
264 1238 367 1294 tionem
388 1239 515 1308 stapulas
537 1236 646 1292 nomine
670 1238 793 1302 uteturi:
817 1235 922 1290 nisiex
940 1234 1000 1290 aliia
1017 1233 1197 1305 apertissimis
1215 1233 1421 1304 probationibus
1439 1232 1522 1290 fuerit
1538 1235 1714 1303 renelutnm,

265 1341 315 1398 pro
331 1341 388 1396 que
403 1338 522 1395 persona
538 1329 654 1380 testetur
673 1324 797 1380 senserit.

129 1411 168 1470 64
182 1407 246 1488 (63)
317 1415 489 1472 innomine
506 1411 575 1468 libro
593 1413 680 1483 primo
698 1428 733 1468 ex
751 1411 855 1468 Cassio.
891 1411 1014 1468 Heroden
1031 1411 1090 1467 siue
1108 1411 1233 1482 partibus
1250 1416 1341 1468 utrum
1360 1411 1525 1468 ooniunotim
1544 1407 1716 1495 Q
1732 1419 1779 1474 Ε-

266 1520 301 1560 66
319 1503 465 1574 seperatim
485 1500 647 1572 reribautur,
664 1501 717 1557 666
734 1503 861 1572 interest,
880 1501 962 1572 quod,
981 1502 1004 1557 si
1022 1501 1084 1570 quis
1102 1516 1137 1556 ex
1154 1501 1306 1557 ooniuuotls
1324 1501 1451 1570 6666666,
1470 1516 1526 1556 666
1544 1501 1584 1556 66
1603 1516 1714 1572 omnes,

265 1592 315 1649 666
333 1592 369 1648 ad
386 1592 505 1661 reliquos
522 1591 569 1661 qni
587 1591 725 1647 oouiuueti
742 1595 821 1646 eruut
837 1589 979 1661 pertinet1,
998 1591 1041 1646 sin
1060 1594 1152 1646 autem
1170 1607 1205 1646 ex
1223 1590 1365 1660 separetis,
1383 1589 1418 1646 od
1435 1604 1540 1660 omues,
1560 1591 1612 1660 qui
1623 1595 1714 1646 testa
1733 1603 1760 1646 ne

266 1687 359 1738 mento
376 1679 473 1736 eodem
492 1680 585 1749 seriptl
603 1684 668 1735 sunt
685 1679 808 1748 heredes,
826 1680 916 1749 portio
934 1680 993 1735 eius
1011 1682 1139 1750 pertiuet.
1173 1737 1175 1744 ,

129 1766 168 1826 66
183 1765 247 1842 (64)
318 1771 396 1826 marr
412 1769 482 1824 libro
499 1769 617 1839 septimo
636 1769 821 1838 epistularum.
852 1769 919 1824 Eius
937 1783 1055 1839 seruum,
1074 1771 1121 1841 qui
1138 1773 1328 1839 postmortem
1341 1783 1429 1824 meam
1441 1771 1524 1823 uatus
1542 1761 1714 1852 [ΨἮ
1731 1776 1757 1832 Ε

265 1861 325 1930 erit,
343 1857 472 1914 heredem
489 1858 596 1914 institui
613 1873 695 1929 posse
706 1856 800 1914 Labeo
816 1855 971 1927 frequenter
989 1857 1083 1916 seribit
1100 1859 1183 1929 idque
1200 1873 1296 1914 uemm
1308 1872 1369 1914 esse
1381 1855 1527 1914 manifesto
1540 1844 1713 1928 666ιῦιῖιῆ

265 1946 436 2019 eomprobotr
458 1947 523 2016 quia
544 1961 642 2003 neruus
666 1945 857 2016 hereditarius,
881 1947 1038 2017 priusquam
1061 1949 1178 2004 6666666
1199 1947 1348 2018 hereditas,
1371 1947 1476 2002 institui
1498 1945 1582 2002 heres
1606 1951 1713 2017 potest,

265 2037 392 2108 quamuis
408 2037 433 2092 is
451 2036 610 2092 tentamenti
627 2033 693 2092 laeti
710 2039 834 2106 tempore
852 2036 952 2091 nullius
970 2037 1014 2092 sit.
1729 2053 1754 2094 ao

130 2122 168 2182 66
183 2120 247 2200 (66)
317 2124 481 2180 16666666
499 2125 662 2182 duodooimo
680 2125 866 2195 epistularum.
897 2125 1043 2181 Hereditas
1060 2125 1224 2182 edStntlum
1237 2125 1357 2182 Primum
1375 2123 1448 2180 nullo
1465 2124 1525 2180 inre
1544 2117 1753 2208 ΜΕ

265 2215 392 2286 pertinet,
411 2229 473 2270 eum
490 2214 633 2270 institutus
651 2213 730 2270 heres
748 2229 803 2269 nou
821 2213 870 2270 sit:
893 2229 945 2270 neo
961 2215 1108 2284 quioqnem
1127 2217 1152 2272 ei
1171 2215 1290 2286 prodest,
1309 2213 1383 2284 quod
1401 2212 1436 2269 ab
1454 2227 1488 2269 eo
1507 2215 1615 2285 aliquid
1633 2200 1710 2284 ’66ςῖ

265 2309 324 2359 tum
342 2309 387 2359 ert
404 2307 454 2358 aut
469 2303 584 2360 libertus
606 2303 632 2358 ei
649 2301 771 2360 deiuuoti
789 2307 954 2360 testamento
972 2304 1179 2360 eommendatus
1197 2309 1248 2360 est
1277 2319 1311 2360 ex
1329 2319 1384 2374 quo
1402 2304 1425 2360 oi
1444 2304 1634 2360 mauumiuaus
1654 2319 1711 2360 nou

266 2398 317 2465 est,
334 2407 431 2448 seruus
449 2397 500 2448 eat.
540 2445 541 2448 ,
1727 2410 1753 2452 rs

131 2479 170 2538 67
183 2477 248 2557 (66)
318 2483 491 2538 Ρ66666666
507 2479 575 2538 libro
593 2479 681 2549 primo
698 2479 734 2536 66
747 2478 877 2546 Quintum
888 2479 1015 2537 lluoium.
1046 2480 1075 2537 Si
1094 2482 1134 2537 ita
1151 2481 1213 2553 quis
1230 2480 1345 2537 heredes
1363 2481 1525 2538 instituerit:
1545 2476 1749 2565 ΜΕ

266 2570 363 2628 'litus
380 2571 459 2628 heres
477 2575 550 2626 esto:
569 2569 655 2626 esim
673 2574 702 2626 et
713 2569 837 2626 llaeuios
855 2571 950 2640 eequis
968 2585 1004 2626 ex
1021 2569 1145 2641 partibus
1163 2569 1278 2626 heredes
1296 2569 1393 2642 eonto',
1411 2568 1538 2640 quamuis
1556 2575 1588 2627 et
1599 2558 1710 2643 spoils}

265 2661 484 2718 eoulunotiouem
501 2657 598 2729 iueiot,
621 2657 645 2714 si
663 2658 725 2728 quis
741 2661 835 2714 tamen
853 2673 888 2714 ex
906 2659 948 2715 his
965 2659 1095 2731 denudat,
1119 2675 1174 2716 nou
1192 2660 1271 2716 alteri
1288 2661 1340 2716 soll
1356 2675 1421 2730 pars
1439 2659 1590 2732 udereaoit,
1609 2661 1663 2716 sed
1680 2665 1709 2718 et

266 2749 392 2808 omnibus
410 2747 589 2804 ooheredibus
606 2761 656 2818 pro
673 2747 844 2804 herodionis
861 2747 1046 2818 port'onibue,
1064 2749 1128 2820 quie
1146 2763 1201 2805 666
1218 2753 1275 2805 tam
1294 2749 1467 2806 ooniunxisse
1484 2765 1570 2819 quam
1588 2751 1709 2806 celerina

266 2839 368 2896 mxime
386 2837 1750 2897 uideamus

130 2925 248 3004 68(67)
318 2929 396 2984 luam
411 2925 481 2984 libro
498 2923 620 2982 6666666
639 2923 674 2980 66
685 2923 815 2991 Quintum
827 2925 955 2982 Meuium.
986 2925 1016 2982 st
1033 2927 1073 2984 ite
1090 2927 1222 2998 seriptum
1239 2925 1334 2984 suerit.
1353 2925 1525 2984 ‘'lithusus
1502 2943 1526 2982 sn
1545 2922 1748 3012 [sese-B

266 3017 302 3074 ‘ln
320 3014 483 3086 66666666
501 3013 668 3084 ostenderit,
691 3013 771 3070 heres
788 3020 862 3072 esto.
886 3014 1018 3072 Tithssns
1035 3015 1115 3072 hores
1133 3015 1210 3088 esto,
1236 3016 1357 3074 6666666
1374 3017 1510 3087 seriptura
1526 3018 1622 3087 potior
1640 3019 1707 3074 exit.

265 3105 370 3178 plenior
386 3108 431 3160 est
447 3103 520 3160 euim
537 3117 619 3173 quam
636 3103 718 3173 prior.

131 3196 169 3255 69
183 3193 248 3275 (68)
319 3195 396 3250 lunxe
412 3191 482 3249 libro
505 3193 621 3263 septimo
639 3191 675 3248 66
693 3191 822 3258 Quintum
840 3191 967 3250 lluoiuxu.
1001 3191 1031 3250 Si
1051 3195 1113 3264 qula
1131 3193 1321 3265 Sempronium
1339 3194 1492 3251 heredem
1484 3211 1524 3250 ru·
1544 3189 1748 3280 ΜΕ

265 3283 386 3340 6666666
409 3281 462 3340 sub
482 3281 534 3338 666
556 3281 715 3338 eundieioue
734 3280 764 3338 'si
782 3281 872 3337 Titius
896 3282 924 3336 in
942 3282 1106 3352 Capitolium
1131 3282 1301 3354 osoeuderit’,
1325 3285 1518 3354 quemuisuou
1535 3285 1606 3340 elias
1625 3284 1708 3342 lueres

266 3387 329 3429 6666
349 3372 438 3443 possit
455 3369 644 3442 Sempronius,
668 3370 720 3426 ulai
738 3370 828 3426 Titius
851 3369 1021 3428 ostendisset
1042 3373 1070 3428 in
1088 3371 1265 3443 Capitolium,
1288 3376 1318 3428 et
1339 3371 1391 3428 hoo
1408 3373 1500 3442 ipsum
1517 3373 1546 3426 in
1564 3379 1707 3443 potestate
1723 3387 1749 3428 66

266 3463 303 3518 slt
319 3461 468 3532 repositum
487 3460 566 3516 Titii:
587 3459 653 3530 qnia
669 3463 762 3515 66666
780 3458 914 3529 66666666
931 3475 986 3516 666
1003 3467 1047 3516 666
1064 3475 1195 3532 expressa
1212 3463 1339 3518 noluntas
1357 3461 1431 3531 Titii,
1450 3462 1502 3516 erit
1517 3462 1595 3517 utilis
1613 3477 1650 3520 66
1666 3464 1706 3520 ire

265 3551 380 3608 stitutio.
407 3551 502 3619 atquin
519 3549 543 3604 si
560 3549 622 3618 quis
640 3548 680 3606 itu
697 3548 848 3618 resipuerit:
867 3547 898 3604 ‘si
916 3549 1006 3606 Titius
1024 3551 1149 3622 uoluerit,
1167 3549 1344 3620 Sempronius
1361 3549 1440 3606 heres
1458 3549 1535 3620 eeto’,
1555 3567 1611 3608 nou
1631 3553 1707 3610 uolet

264 3639 413 3698 institutio:
437 3636 571 3708 quaedem
590 3637 662 3692 enim
680 3637 709 3694 iu
725 3637 898 3694 testamentis
916 3639 939 3692 ei
957 3639 1156 3710 exprimantur,
1181 3641 1308 3696 effaetum
1326 3639 1428 3696 nullum
1446 3637 1564 3710 habeut,
1584 3641 1705 3711 quando,

265 3729 290 3784 si
307 3727 399 3784 uerbis
416 3731 554 3798 teguntur,
572 3725 688 3784 666666
704 3723 931 3795 significationem
949 3726 1069 3786 lrsbeeut
1086 3745 1168 3800 qnam
1186 3727 1319 3784 haberent
1334 3741 1471 3798 expresso,
1491 3734 1520 3784 et
1531 3735 1705 3786 momentruu

266 3816 376 3887 sliquod
393 3814 559 3874 habebnnt¹.
586 3815 626 3872 sie
643 3815 715 3872 enim
733 3813 782 3872 lilii
800 3813 976 3872 exheredato
993 3831 1056 3872 eum
1069 3819 1119 3873 eo·
1130 3817 1213 3888 ualet,
1231 3818 1255 3873 si
1268 3818 1329 3887 quis
1341 3817 1420 3873 heres
1433 3818 1548 3873 exismt:
1568 3823 1599 3874 et
1608 3824 1705 3876 tumen
1722 3833 1747 3873 u

265 3920 346 3962 nemo
365 3904 486 3976 dubitet,
504 3905 582 3975 quin,
601 3905 625 3960 si
643 3905 682 3959 ita
702 3904 800 3974 aliquis
817 3902 902 3959 tilium
921 3904 1142 3962 exheredauerit:
1162 3906 1258 3962 'Titius
1275 3906 1355 3962 lueres
1372 3911 1446 3963 esto:
1470 3921 1533 3962 oum
1552 3905 1636 3965 heres
1654 3909 1706 3964 erit

266 3994 372 4065 Titius,
390 3993 462 4050 filius
480 3993 594 4074 exheres
612 3991 689 4064 esto',
707 3993 808 4050 661666
825 3994 957 4050 momenti
975 4009 1036 4050 esse
1053 3993 1301 4052 exheredationem.

266 4099 489 4171 6666616)

267 4245 276 4280 ²
294 4243 414 4313 pertinet
431 4243 478 4299 del.
540 4243 552 4278 ¹
569 4241 684 4300 habeut:
703 4243 727 4300 si
739 4243 830 4300 uerbis
842 4247 979 4314 tegantur,
998 4244 1125 4314 quemuis
1137 4259 1161 4299 e.
1175 4259 1197 4299 s.
1210 4241 1332 4301 habeont
1342 4261 1368 4316 q.
1381 4243 1407 4300 h.
1421 4257 1562 4317 expressa,
1581 4261 1703 4303 momen·

265 4335 324 4387 tum
342 4329 453 4401 aliquod
469 4328 629 4386 habebunt?
695 4331 787 4387 ⁸oum
806 4331 848 4402 eo]
867 4335 927 4387 tum
946 4331 1028 4388 modo
1046 4317 1171 4401 (66666

265 4473 375 4542 466666
375 4471 582 4528 6666666616
597 4474 602 4541 Ι
617 4472 691 4543 dote]
706 4471 843 4539 WDEIO,
856 4473 955 4538 dotiF,
1008 4475 1043 4532 25
1060 4475 1148 4544 primo
1161 4474 1197 4529 ad
1210 4493 1258 4529 om.
1270 4475 1307 4528 F¹
1351 4475 1387 4530 30
1404 4475 1532 4544 tithasuel
1553 4478 1581 4542 F,
1599 4477 1702 4533 stieha·

265 4562 315 4598 om
326 4543 350 4610 Q
356 4489 588 4600 Ι)“’66616666666
596 4543 633 4598 F*
665 4515 955 4602 suensinolentlaeltf
1007 4547 1065 4603 eius
1060 4491 1115 4612 βα
1132 4547 1210 4602 titius
1222 4545 1394 4603 etslithasas
1410 4547 1451 4612 W,
1468 4547 1546 4604 titius
1559 4549 1703 4606 etetieha-

266 4616 301 4670 1⁰
318 4614 534 4684 designationem
558 4615 667 4672 nomine
689 4616 816 4682 (nominis
834 4618 882 4681 P)
899 4617 954 4672 ein·
1007 4633 1055 4674 ens
1076 4587 1703 4684 Q·',titiusettetssnsQ⁴1‚uousesst-

264 4685 506 4756 qulsrinomineF
529 4687 562 4744 ll
570 4686 821 4758 prouationibusffl
848 4690 882 4744 13
891 4703 954 4744 666
1008 4689 1075 4745 olous
1093 4689 1313 4755 1666666616
1359 4691 1394 4746 31
1414 4689 1548 4746 stitlrasus
1564 4690 1606 4755 W,
1626 4695 1704 4749 etita·

264 4757 389 4813 iuuetum
397 4759 434 4812 ΓΙ
465 4759 574 4827 14666]
589 4759 634 4822 Fi,
646 4757 811 4816 lroonouF·
840 4760 874 4816 at
888 4759 954 4816 duo·
1007 4761 1065 4816 sins
1080 4762 1109 4825 0,
1121 4761 1197 4816 titius
1210 4759 1255 4825 Et,
1267 4759 1475 4818 titlraeusheres
1488 4769 1549 4818 osto
1562 4783 1612 4817 om.
1623 4765 1704 4832 DQl,

264 4827 438 4884 deoitnoF’
464 4831 499 4884 28
508 4843 606 4900 exque
615 4830 648 4899 6)
658 4829 755 4895 fflE‘
768 4829 954 4896 seruueoeW,
1008 4839 1057 4888 tue.
1069 4831 1107 4886 16
1151 4833 1186 4888 36
1204 4829 1368 4902 expr‘’eessa
1385 4833 1424 4886 F’
1470 4835 1506 4889 68
1522 4833 1705 4893 6666666666

264 4913 398 4956 munusue
422 4902 468 4966 (66
485 4920 534 4954 orn.
548 4901 585 4966 0)
608 4915 643 4956 ex
666 4917 720 4971 quo
743 4901 768 4958 si
784 4902 874 4967 1616
898 4917 953 4958 ser·
1006 4903 1043 4960 tis
1062 4902 1098 4956 F*
1150 4905 1185 4960 41
1204 4910 1264 4960 esto
1282 4903 1355 4974 eum]
1374 4903 1419 4969 F’,
1438 4909 1499 4960 estu
1517 4909 1690 4966 6666661υ

265 4983 397 5026 noaueex
408 4969 477 5038 666
484 4973 644 5044 murptneul.
651 4973 802 5030 uetuerunt
811 4989 844 5030 ex
856 4988 911 5043 quo
920 4973 954 5042 si)
