3684 5356
216 189 306 258 XXII
326 193 346 259 5
364 197 461 254 5-17
888 185 975 268 652
1604 207 1653 255 ua

180 349 199 410 ὅ
270 347 363 404 Gerus
379 348 449 406 libro
467 353 564 419 quarto
584 349 619 404 ad
636 350 726 419 legem
745 349 841 404 Iuliam
860 355 889 404 et
906 350 1027 420 Papiam.
1056 349 1088 404 in
1105 347 1221 419 legibus,
1241 347 1341 418 quibus
1354 347 1496 418 excipitur,
1516 341 1653 431 [atas—,115
1683 355 1712 410 Ε

217 451 252 492 ne
270 451 355 506 gener
373 441 422 492 aut
439 453 517 494 socer
535 439 637 494 inuitus
655 439 843 493 testimonium
861 438 952 493 dicere
970 443 1123 509 cogeretur,
1141 439 1236 509 generi
1248 438 1431 508 appellatione
1443 451 1574 508 sponsum
1587 451 1652 506 quo

217 541 270 596 que
288 524 359 580 tiliae
378 527 508 582 contineri
527 528 631 598 placet:
650 528 715 582 item
734 527 821 582 soceri
840 541 957 597 sponsae
974 533 1089 598 patrem.

180 617 198 675 6
269 615 401 670 Lecturus
419 615 550 672 Ruamus
568 615 637 672 libro
655 617 777 672 secundo
796 617 959 686 regularum.
990 616 1085 671 Idonei
1102 629 1157 670 non
1175 613 1304 670 uidentur
1321 629 1383 670 esse
1400 617 1495 684 testes,
1514 607 1653 698 Q
1684 621 1713 676 Ε

168 703 171 714 ’
216 702 315 773 quibus
334 705 461 774 imperari
478 709 570 774 potest
587 711 619 760 ut
636 710 721 761 testes
739 703 814 760 nant.
1671 717 1685 758 e

181 793 199 862 7
269 793 462 848 Mouusrmus
479 792 549 848 libro
566 795 647 849 tertio
666 795 831 864 regularum.
859 791 938 850 Serui
955 807 1087 864 responso
1104 795 1171 847 tunc
1188 790 1355 846 eredendum
1373 796 1424 862 eet,
1443 807 1506 846 eum
1524 791 1578 846 alia
1591 805 1653 861 pro·
1684 791 1743 864 ΕΓ

216 879 292 936 batio
311 881 347 936 ad
366 881 512 936 eruendam
531 883 675 938 ueritatem
694 899 749 939 non
768 885 819 938 est.
1519 921 1522 926 ·

180 971 199 1030 8
270 968 429 1028 Sonsuonn
452 970 520 1026 libro
545 976 642 1042 quarto
666 972 831 1042 regularum.
866 971 950 1026 inuiti
971 969 1157 1026 testimonium
1180 969 1270 1024 dicero
1288 983 1343 1024 non
1361 973 1496 1038 coguntur
1514 963 1653 1054 [Q
1685 975 1721 1028 8·

217 1061 313 1112 senes¹
332 1059 522 1115 ualetudinauii
540 1061 584 1116 uel
602 1061 702 1116 milites
720 1061 765 1116 uel
783 1060 830 1131 qui
848 1076 910 1116 cum
923 1060 1087 1130 magistratu
1099 1059 1138 1114 rei
1150 1059 1276 1130 publicae
1288 1073 1373 1114 causa
1385 1057 1485 1114 absunt
1497 1060 1541 1114 uel
1553 1059 1653 1130 quibus

218 1147 311 1202 uenire
332 1148 476 1203 nonlicet.
1672 1159 1702 1200 ao

62 1311 66 1328 .
180 1241 198 1299 9
269 1236 388 1291 Pauuus
406 1235 474 1292 libro
492 1237 580 1308 primo
598 1237 634 1293 ad
652 1236 792 1294 Sabinum.
819 1237 912 1293 Testis
929 1237 1044 1293 idoneus
1063 1239 1142 1307 pater
1152 1235 1208 1292 filio
1220 1239 1269 1292 aut
1277 1233 1352 1291 iilius
1370 1233 1515 1321 [banna
1529 1247 1614 1309 apta,
1622 1242 1708 1297 ets

1385 1312 1652 1322 ———..

216 1325 288 1395 patri
306 1339 361 1380 non
378 1329 429 1379 est.

161 1419 200 1477 10
268 1413 440 1469 Pomourus
458 1413 526 1468 libro
544 1413 632 1485 primo
650 1415 685 1472 ad
704 1414 844 1472 Sabinum.
872 1415 969 1471 Nudus
986 1413 1103 1470 idoneus
1120 1413 1200 1468 testis
1217 1413 1245 1470 in
1260 1427 1290 1469 re
1303 1429 1354 1470 aua
1372 1408 1653 1500 Q
1685 1420 1707 1476 s

216 1501 390 1571 intellegitur.
1673 1513 1703 1556 rt

163 1600 196 1656 11
269 1591 346 1646 Inau
370 1590 438 1646 libro
461 1592 603 1662 trigesimo
626 1593 707 1648 tertio
731 1593 767 1648 ad
791 1591 930 1649 Sabinum.
967 1590 1013 1647 Ad
1037 1589 1120 1648 fldem
1143 1591 1183 1647 rei
1203 1596 1300 1662 gestae
1317 1590 1472 1648 faciendam
1496 1585 1653 1677 Q
1686 1597 1708 1652 S

217 1679 299 1734 etlam
317 1695 372 1735 uon
389 1685 503 1750 rogatus
521 1683 600 1736 testis
618 1682 792 1752 intellegitur.

161 1776 198 1834 12
269 1768 420 1824 Umerus
442 1768 512 1823 libro
534 1770 676 1838 trigesimo
699 1772 816 1841 septimo
840 1769 875 1825 ad
898 1769 1027 1824 edietum.
1063 1767 1117 1824 Ubi
1140 1783 1270 1824 numerus
1292 1769 1403 1824 testium
1421 1785 1476 1826 uon
1494 1764 1651 1854 Q
1686 1775 1708 1831 S

216 1857 341 1926 adicitur,
360 1858 443 1921 etiam
462 1857 516 1913 duo
535 1857 686 1914 sufficient:
704 1861 815 1930 pluralia
833 1859 906 1914 euim
925 1858 1042 1913 elocutio
1061 1857 1176 1913 duomm
1195 1873 1308 1914 numero
1327 1863 1455 1914 contenta
1472 1863 1523 1914 eet.

160 1955 198 2014 13
269 1947 450 2002 Pnummuus
468 1946 536 2003 libro
554 1949 642 2019 primo
660 1948 695 2003 de
713 1948 861 2004 adulteriis.
890 1947 1047 2014 Quaesitum
1067 1949 1132 2018 scio,
1151 1965 1187 2003 au
1202 1949 1229 2002 iu
1241 1947 1358 2018 publicis
1370 1949 1477 2004 iudiciis
1496 1943 1653 2034 Q
1687 1954 1709 2009 S

217 2035 368 2090 calumniae
387 2035 508 2092 damuati
526 2038 712 2093 testimonium
731 2037 831 2092 iudicio
849 2036 959 2108 publico
976 2036 1118 2107 perhibere
1136 2043 1261 2107 possunt.
1289 2037 1339 2094 sed
1354 2051 1442 2108 neque
1454 2039 1516 2107 lege
1528 2039 1654 2095 Remmia
1672 2050 1702 2091 aa

216 2124 393 2194 prohibentur
416 2131 445 2180 et
468 2126 537 2181 Iulia
557 2127 602 2182 lex
620 2127 655 2182 de
673 2128 703 2182 ui
720 2133 749 2182 et
766 2126 975 2197 repetendarum
995 2131 1024 2180 et
1039 2127 1181 2196 peculatus
1200 2141 1247 2182 eos
1265 2125 1389 2182 homiues
1407 2127 1593 2182 testimonium
1612 2127 1653 2182 di·

216 2227 278 2268 cere
296 2229 351 2268 non
369 2218 524 2270 uetuerunt.
557 2221 745 2271 uerumtamen
764 2215 838 2286 quod
855 2215 962 2285 legibus
980 2215 1111 2270 emmaum
1130 2220 1185 2284 est,
1204 2231 1259 2270 uon
1277 2216 1417 2270 omittetur
1435 2216 1565 2285 religione
1582 2217 1652 2271 iudi-

216 2303 336 2358 cantium
361 2303 397 2357 ad
419 2317 534 2372 quorum
559 2303 679 2360 odicium
697 2306 816 2377 pertinet
833 2306 891 2360 eius
909 2319 1018 2376 quoque
1035 2305 1184 2360 testimonii
1202 2303 1298 2376 fidem,
1323 2305 1397 2375 quod
1413 2305 1538 2374 integrae
1555 2303 1653 2360 houba

215 2389 297 2446 horno
315 2390 421 2461 dixerit,
440 2391 617 2462 perpendere.
639 2433 645 2444 .
1673 2409 1704 2448 aa

161 2492 197 2550 14
269 2480 347 2534 quat
364 2479 432 2535 libro
452 2482 583 2551 singulari
601 2482 636 2537 de
654 2481 804 2538 adulteriis.
833 2481 895 2539 Scio
913 2483 1023 2554 quidem
1043 2486 1188 2537 tractatum
1208 2496 1277 2552 esse,
1297 2497 1331 2536 au
1345 2480 1475 2536 adtesta-
1494 2476 1653 2566 [ruffio
1686 2492 1709 2546 s

217 2573 338 2624 mentum
357 2567 512 2626 faciendum
532 2570 654 2626 adhiberi
672 2571 761 2642 possit
779 2570 905 2628 adrdterii
923 2573 1082 2627 damnatus:
1101 2575 1130 2628 et
1148 2585 1214 2625 sane
1232 2571 1304 2625 iuste
1323 2569 1334 2640 ΙΙ
1352 2569 1502 2625 testimonii
1519 2559 1652 2628 officffiei
1670 2581 1747 2631 tato

216 2657 401 2713 interdicetur.
431 2659 557 2715 exbtimo
575 2675 641 2730 ergo
659 2675 748 2730 neque
766 2661 826 2716 iure
843 2661 917 2716 ciuili
935 2665 1128 2716 testamentum
1147 2661 1249 2730 ualere,
1268 2659 1303 2714 ad
1318 2659 1392 2729 quod
1405 2658 1559 2715 huiusmodi
1571 2662 1653 2718 testis

215 2747 358 2817 processit,
376 2763 465 2817 neque
483 2749 542 2803 iure
560 2750 705 2820 praetorio,
724 2749 798 2820 quod
815 2750 858 2805 ius
876 2751 957 2806 ciuile
975 2749 1159 2820 subsequitur,
1177 2755 1208 2804 ut
1226 2763 1315 2820 neque
1333 2747 1470 2804 hereditas
1483 2749 1551 2804 adiri
1562 2765 1653 2820 neque

215 2835 347 2892 bonorum
366 2838 505 2907 possessio
523 2837 581 2893 dari
599 2840 695 2908 possit
1672 2853 1702 2896 aa

160 2936 197 2995 15
254 2925 387 2982 “Paetus
402 2925 471 2981 libro
483 2927 564 2982 tertio
576 2928 781 2983 sententiarum.
808 2927 1030 2998 Repemndarum
1043 2927 1189 2983 damnatus
1201 2941 1253 2982 nec
1265 2926 1300 2981 ad
1312 2931 1459 2982 testamen
1478 2912 1654 3005 Q
1673 2929 1716 2982 ‘P

183 3032 195 3076 1
215 3019 273 3069 tum
291 3031 344 3070 nec
362 3015 397 3070 ad
415 3016 601 3070 testimonium
621 3016 744 3072 adhiberi
762 3021 861 3087 potest.
891 3017 1137 3088 Hermaphroditus
1155 3033 1190 3072 au
1208 3015 1244 3071 ad
1263 3021 1458 3070 testamentum
1477 3013 1652 3102 [Q

216 3103 338 3160 adhiberi
357 3105 452 3175 possit,
472 3105 590 3174 qualitas
608 3121 691 3160 sexus
709 3105 898 3161 incalescentis
916 3106 1044 3161 ostendit.

160 3197 197 3256 16
269 3193 347 3248 quat
367 3192 436 3248 libro
454 3193 549 3263 quinto
567 3195 763 3250 sententiarum
770 3195 789 3250 ¹.
826 3194 895 3260 Qui·
913 3193 982 3250 falso
1001 3194 1046 3249 uel
1063 3193 1139 3249 uarie
1157 3189 1233 3276 Paul.
1243 3207 1265 3261 t,
1278 3204 1314 3262 15,
1328 3207 1350 3252 t.
1366 3203 1422 3251 0011.
1431 3205 1453 3262 s,
1464 3206 1486 3251 a.
1504 3205 1529 3251 a.
1538 3207 1576 3262 at,
1589 3207 1610 3262 ι,
1620 3206 1651 3254 15
1671 3197 1715 3251 'P

216 3283 373 3338 testimonia
391 3283 517 3337 dixerunt
535 3283 579 3337 uel
597 3283 706 3352 utrique
723 3283 794 3354 parti
812 3283 998 3353 prodiderunt,
1017 3299 1034 3338 a
1051 3281 1187 3338 iudicibus
1205 3287 1391 3351 competenter
1408 3283 1583 3353 puniuntur⁴.
1670 3293 1703 3333 aa

161 3377 198 3435 17
269 3369 420 3426 Uuemuus
446 3370 515 3426 libro
539 3371 670 3442 singulari
694 3373 858 3442 regularum.
893 3373 975 3428 Pater
996 3377 1025 3428 et
1065 3381 1652 3444 dipsas.1.2.10‚s.13.a1,1,1e.Ep.1t,al
1684 3377 1722 3432 S·

216 3457 305 3516 filius⁶
324 3461 370 3530 qui
389 3459 417 3516 in
435 3465 572 3531 potestate
591 3462 650 3517 eius
668 3467 720 3532 cat,
738 3462 805 3516 item
823 3460 878 3516 duo
896 3459 994 3516 iratres
1006 3463 1053 3530 qui
1065 3461 1092 3516 iu
1106 3449 1228 3516 eiusdem
1240 3460 1326 3530 patris
1337 3463 1475 3530 potestate
1488 3463 1652 3515 suuttestes

215 3557 404 3628 mmmm

217 3699 289 3754 ¹uel
308 3707 355 3752 tna.
409 3699 490 3754 ¹sub
507 3701 586 3754 titulo
605 3700 639 3755 de
657 3699 775 3754 testibus
793 3697 1086 3769 etdequaestiouibus
1104 3701 1164 3752 add.
1179 3699 1241 3754 Gall.
1294 3697 1352 3753 ⁸hi
1369 3699 1416 3767 qui
1436 3699 1532 3752 Pardua
1549 3705 1572 3752 rt
1586 3697 1651 3752 Gall.

104 3837 106 3842 ,
215 3771 263 3824 ⁴a
285 3769 420 3824 iudicibus
443 3777 630 3842 competenter
651 3771 809 3841 puniuntur]
834 3777 882 3825 aut
905 3771 931 3826 in
957 3771 1066 3826 exilium
1090 3775 1210 3838 aguntur
1233 3770 1331 3824 autin
1354 3770 1469 3824 insulam
1494 3770 1653 3838 relegantur

216 3847 271 3968 ἓιοιιι1
283 3841 579 3967 αἰὲιιίἧεὲιὼιιιοιιειιιιιι
602 3843 792 3910 (submouetur
811 3843 885 3908 Uolt.)
903 3843 1001 3897 Paulae
1024 3849 1048 3896 et
1067 3843 1129 3897 Ootl.
1200 3843 1211 3878 ⁵
1230 3847 1259 3897 et
1281 3839 1362 3912 filius]
1387 3847 1415 3895 ct
1440 3841 1574 3912 Ulpianus,
1598 3855 1652 3896 neo

216 4047 330 4171 {54¹⁰
375 4117 598 4172 3tontineref¹
642 4117 784 4172 4lieiuius
801 4115 906 4172 rufinus
959 4117 1059 4180 tharac
1082 4117 1281 4188 rrumpoiueuoc
1305 4117 1353 4170 RS
1370 4065 1436 4186 (Ριιλ.)
1490 4117 1524 4170 23
1542 4116 1653 4184 integro

216 4207 263 4240 cm.
277 4189 312 4241 ΓΙ
367 4188 529 4257 bimperari
551 4203 605 4243 uon
626 4189 761 4257 potsstU
814 4191 905 4244 timo·
959 4188 1054 4244 fruetis
1068 4191 1111 4253 1³⁰,
1130 4189 1237 4256 integro
1256 4187 1359 4242 fructur
1374 4189 1415 4252 Β,
1434 4186 1532 4256 integri
1544 4185 1652 4242 fructus

216 4259 446 4314 destiuuscm.F¹
485 4258 905 4314 Bacaeuolaem.F¹:'laaoh.B
959 4258 1093 4313 P⁶Vt⁸t1
1143 4261 1178 4313 25
1201 4259 1273 4314 idem
1296 4259 1394 4312 om.F¹
1416 4261 1420 4324 Ι
1440 4261 1557 4312 tractum
1582 4258 1656 4312 ΡΨ

216 4331 410 4399 9uelmilitea]
423 4331 903 4401 poribusinamaturinBlAnon.):
959 4333 992 4386 26
1016 4328 1131 4386 offitium
1155 4331 1203 4392 P(
1204 4335 1272 4406 sort.
1284 4351 1313 4382 er
1330 4329 1447 4396 emto
1498 4330 1533 4383 30
1551 4330 1651 4398 paulus

216 4403 254 4456 nal
274 4402 298 4455 oi
318 4401 471 4463 nahoiueuor
486 4401 563 4472 tepuit
576 4401 590 4454 ιί
604 4403 724 4474 κιιιρικοί,
743 4421 808 4472 quae
827 4409 905 4456 intrr-
958 4422 1005 4456 om.
1016 4403 1042 4454 F
1042 4403 1053 4436 ¹
1098 4403 1131 4456 31
1145 4417 1195 4456 uec
1208 4401 1441 4456 attestimoniare
1454 4401 1559 4462 om.P·,
1572 4401 1651 4455 testi·

214 4477 311 4544 potatio
324 4474 395 4528 obest
406 4473 506 4544 quidem
519 4494 535 4528 a
548 4473 604 4536 BS,
622 4474 667 4528 red
682 4474 717 4526 thr·
730 4481 802 4528 testea
815 4475 905 4546 quibus
958 4473 1078 4527 monium
1097 4492 1144 4525 om.
1161 4473 1187 4526 U
1231 4473 1267 4526 32
1284 4487 1367 4526 sexus
1384 4471 1582 4540 incalescentis]
1600 4472 1652 4528 reio

215 4553 301 4598 uenire
318 4564 369 4597 non
391 4547 449 4599 lieet
466 4545 585 4599 dicantur
609 4563 661 4598 ease
679 4545 797 4598 neonuchi
815 4551 839 4598 et
856 4547 905 4598 cle·
958 4543 1124 4612 ιιγρογιιὲιιιιε
1143 4543 1249 4606 trireme
1268 4544 1316 4597 BS
1333 4543 1400 4614 (uh.)
1452 4545 1487 4598 33
1508 4542 1580 4597 idem
1599 4563 1651 4596 orn.

215 4623 265 4668 rim·
288 4634 348 4670 cren
367 4623 405 4669 atr·
428 4623 454 4668 ta
478 4625 561 4670 sumis
588 4623 735 4669 hainueres
755 4619 759 4679 Ι
782 4615 825 4670 uel
847 4615 904 4684 qui]
959 4615 995 4668 F¹
1016 4613 1106 4682 isalso
1124 4615 1168 4670 uel
1187 4615 1271 4682 uarie]
1291 4613 1390 4669 falsum
1408 4615 1452 4668 uel
1471 4615 1562 4683 aliqua
1578 4615 1651 4678 ocu,

215 4686 260 4749 Ρ,
277 4687 346 4740 uel'
368 4686 440 4756 iqui
458 4687 603 4741 F’PVLU
649 4689 681 4741 11
700 4687 904 4756 pauluaom.F¹
958 4685 1043 4740 falsae
1055 4687 1101 4741 uel
1113 4687 1206 4740 uariae
1219 4687 1314 4740 Paulus
1322 4686 1447 4751 (Monac.)
1482 4686 1650 4755 34utrique]

217 4758 363 4826 lupatria
390 4759 466 4812 Pet·
549 4759 582 4812 13
608 4759 771 4827 pomponius
797 4776 846 4812 cm.
868 4757 905 4810 F¹
958 4758 1080 4812 utriusue
1105 4758 1167 4812 ooo.
1190 4758 1275 4822 (Ber.)
1336 4757 1371 4811 35
1393 4757 1520 4826 ulpianus
1543 4777 1592 4810 om.
1612 4758 1650 4809 ΡΙ

216 4827 333 4882 Ibidem
346 4829 441 4883 om.F¹
486 4831 517 4883 17
530 4829 656 4900 ulpianus
668 4849 716 4884 om.
726 4829 761 4884 F¹
802 4830 836 4883 18
848 4829 905 4898 plo·
958 4830 993 4884 36
1010 4829 1085 4897 item]
1098 4829 1239 4883 institutus
1257 4827 1407 4898 mptum.)
1423 4832 1427 4894 Ι
1443 4827 1566 4882 eiusdem
1590 4829 1652 4883 eius

215 4899 278 4954 ralis
296 4900 334 4952 F¹
389 4900 422 4954 19
445 4899 608 4968 papinianus
632 4919 680 4954 cm.
692 4901 729 4954 F¹
751 4901 756 4966 Ι
777 4899 812 4954 de
837 4901 905 4954 ulte·
962 4899 1017 4972 Ulp.
1036 4900 1120 4966 (Uet)
1136 4901 1141 4968 Ι
1156 4899 1251 4968 testes]
1270 4904 1356 4955 tostos
1374 4900 1405 4963 P,
1423 4903 1452 4954 et
1469 4899 1537 4954 estis

215 4969 262 5026 riis
282 4971 319 5023 P·
365 4969 400 5024 20
419 4971 705 5041 possunt1F¹PVLll
723 4971 829 5042 possint
846 4969 903 5041 F’l

271 4047 330 4100 aius
349 4065 397 4099 om.
410 4047 456 4109 F1,
474 4047 519 4100 tt
537 4063 586 4099 om.
598 4046 635 4099 L·
646 4047 795 4118 uideturqur
809 4049 906 4121 ejiciam
958 4047 1020 4114 lege
1038 4045 1161 4116 remmia]
1179 4044 1195 4098 ὁ
1214 4044 1297 4100 adnot
1313 4043 1328 4098 ὁ
1342 4043 1375 4100 Ge
1394 4055 1450 4100 Broc
1463 4043 1478 4098 ὁ
1490 4042 1553 4105 rore
1572 4061 1652 4107 cruro-
