3652 5362
261 177 393 247 XXVIII
413 179 433 246 5
455 183 572 240 51-58
937 168 1025 250 844
1428 194 1475 242 rrrr
1500 191 1719 242 mnunrsus

260 336 323 392 bilis
346 333 674 392 eondieio¹.institrrti0ne
697 332 804 389 heredis
822 332 859 388 sit
876 345 1020 403 expressa,
1043 331 1194 388 seeundum
1217 333 1338 390 omnium
1358 333 1524 390 mntentianr
1542 332 1636 388 heres
1654 332 1718 402 erit,

229 425 374 497 aperinde
392 441 425 480 ae
443 425 466 479 ei
485 439 553 495 pure
570 423 711 478 institutus
730 426 812 478 esset
849 421 995 478 IIeredItas
1012 422 1171 492 plerumque
1193 421 1325 478 diuiditur
1346 423 1373 477 irr
1395 421 1543 480 duodeeim
1566 417 1718 506 Q

262 515 370 585 unetos,
394 529 465 584 quae
488 514 558 568 assis
580 512 761 582 appellatione
785 512 966 568 eontlnentur.
994 509 1096 566 habent
1118 515 1209 566 autern
1234 517 1263 567 et
1279 510 1332 567 hae
1348 516 1442 582 partes
1459 513 1579 583 propria
1598 513 1718 568 nomina

261 604 297 660 ab
315 604 396 659 urreis
413 618 500 672 usque
517 603 553 656 ad
572 617 671 671 assem,
690 604 757 671 puta
768 598 855 656 haee:
874 605 986 656 sextans
1004 599 1142 671 quadrans
1158 601 1245 656 triens
1262 600 1401 670 quinounx
1417 602 1503 658 semis
1517 606 1648 672 septunx
1662 601 1715 658 bes

261 693 381 750 dodrans
399 693 515 748 dextans
534 691 627 747 deurrr
644 706 684 745 as.
1732 703 1746 746 a

124 779 163 839 52
178 776 242 856 (51)
313 783 488 838 hisamruus
504 779 573 836 libro
590 780 673 835 tertio
692 781 857 850 regularum.
893 779 988 834 Talem
1010 777 1209 834 institutionem
1227 778 1338 848 quidam
1357 778 1448 834 ualere
1466 794 1523 835 uon
1542 775 1753 864 Qs

260 870 407 942 putabunt:
426 869 543 926 'Stiehus
560 868 629 924 liber
646 873 706 923 esto
725 875 761 938 et,
781 870 805 924 si
822 867 891 926 llber
908 867 968 937 erit,
985 867 1066 922 heres
1084 866 1161 923 esto'.
1188 867 1238 923 sed
1256 868 1337 924 diues
1348 867 1456 924 hlareus
1474 869 1625 940 reses-ipsit
1636 869 1714 926 haue

230 968 241 1013 r
261 960 458 1016 iustitutionem
481 959 573 1014 ualere
596 955 710 1029 perinde
733 962 816 1028 etque
840 959 864 1014 si
885 972 940 1013 non
958 959 1018 1012 erat
1035 956 1173 1012 adieotum
1192 956 1223 1012 'si
1240 956 1309 1014 liber
1326 954 1394 1014 erit'.
1429 955 1459 1012 Si
1477 958 1541 1028 quis
1559 959 1603 1014 ita
1620 960 1713 1031 serip

261 1049 341 1106 serit:
365 1047 495 1116 'Stiohua‚
518 1048 542 1102 si
564 1061 642 1102 meus
660 1047 713 1102 erit
730 1063 792 1103 oum
811 1048 924 1116 morior,
949 1045 1062 1101 liberet
1080 1044 1160 1102 heres
1177 1045 1254 1115 esto,
1277 1046 1411 1102 alienatus
1428 1062 1485 1102 non
1501 1048 1612 1117 poterit
1629 1049 1713 1104 iussn
1731 1060 1743 1100 r

262 1138 393 1207 emptoria
412 1136 487 1192 edire
504 1135 693 1206 hereditatem,
711 1137 846 1207 quenula,
865 1136 917 1192 etsi
929 1150 984 1190 non
998 1139 1058 1190 erat
1070 1132 1081 1206 Ι)
1094 1134 1146 1190 hoe
1164 1149 1332 1206 expressum,
1350 1151 1406 1192 norr
1418 1135 1486 1190 elias
1497 1135 1571 1192 liber
1583 1140 1615 1193 et
1625 1137 1713 1194 heres
1728 1145 1744 1194 l.
1753 1148 1790 1195 llo

261 1225 320 1283 lieri
338 1231 457 1296 peterat,
481 1241 563 1295 quom
581 1226 606 1280 si
624 1225 770 1282 mansisset
787 1226 855 1281 eius.
884 1224 933 1280 sed
952 1225 975 1280 si
994 1225 1075 1280 uiuus
1096 1239 1159 1280 eum
1178 1224 1378 1295 manumiserit,
1402 1224 1498 1280 Celsus
1515 1223 1591 1281 libro
1608 1227 1713 1296 quinto

262 1315 368 1371 destruo
391 1315 559 1384 digestorum
582 1305 677 1370 roribit
699 1313 758 1370 lieri
778 1314 850 1370 herro
867 1313 1009 1370 heredem:
1033 1313 1178 1369 nonenim
1197 1313 1379 1370 huueeasum
1398 1318 1561 1370 testatorem
1581 1315 1712 1372 uoluisse

262 1404 407 1460 excludere
431 1405 520 1474 palam
544 1409 588 1460 est
608 1418 698 1474 neque
720 1402 815 1458 uerba·
828 1403 938 1460 omniuo
962 1406 1131 1473 repugnent:
1154 1419 1218 1460 rrern
1236 1403 1362 1473 quamuis
1380 1417 1477 1459 seruus
1494 1403 1558 1458 eius
1577 1419 1638 1460 non
1657 1409 1711 1475 est,

262 1499 293 1550 at
309 1499 383 1550 eerte
401 1492 515 1548 libertus
532 1496 584 1548 est
1730 1507 1756 1546 rr

126 1581 164 1640 53
179 1579 243 1659 (52)
315 1583 434 1640 Faunus
452 1580 521 1638 libro
538 1579 659 1636 seeundo
678 1581 842 1650 regrdrrrrm.
879 1579 981 1638 Seruus
1004 1579 1184 1636 hereditarius
1202 1579 1281 1636 heres
1298 1581 1403 1637 institui
1421 1584 1522 1652 potest,
1543 1577 1748 1668 Qu

263 1671 386 1730 simodo
404 1671 561 1726 testamenti
579 1668 665 1724 iaetio
682 1667 734 1724 lule
752 1685 814 1725 eom
833 1668 971 1740 defuneto,
990 1670 1054 1726 lieet
1071 1685 1134 1726 orrnr
1152 1669 1252 1725 herede
1270 1670 1395 1726 instituto
1412 1685 1467 1726 uon
1485 1671 1531 1726 sit.

128 1759 168 1818 54
182 1758 244 1835 (53)
315 1762 496 1817 timeamus
518 1757 587 1814 libro
611 1758 741 1828 slugulari
764 1774 965 1828 responsorum.
1002 1759 1104 1815 LueIns
1122 1759 1212 1814 Titius
1230 1757 1294 1814 Seio
1317 1763 1346 1814 et
1363 1757 1524 1830 Sempronio
1543 1755 1746 1844 Q‘sffis

263 1865 299 1907 ex
316 1849 475 1906 amaneus
493 1847 638 1904 remersus
656 1848 789 1904 insusurra
807 1855 836 1903 er
852 1849 950 1904 erues
969 1847 1142 1904 erraremus
1158 1847 1276 1904 lauream
1289 1847 1416 1903 roaros
1429 1847 1583 1919 subsiluit,
1604 1837 1710 1907 euru

262 1941 355 2008 legata
372 1944 401 1994 et
417 1938 557 1994 libertates
575 1936 660 2005 dedit,
677 1941 776 2008 posteo
793 1937 833 1992 ita
850 1935 978 1993 subierit:
998 1937 1146 1994 'Cornelius
1163 1940 1193 1992 et
1210 1935 1356 1993 Sallustius
1372 1939 1401 1992 et
1419 1936 1505 1993 Uarro
1523 1940 1626 2008 aequis
1645 1957 1708 2011 pur·

262 2025 344 2084 'tlbrrs
362 2027 477 2084 heredes
495 2031 589 2096 sunto,
609 2041 677 2096 quos
696 2027 812 2082 iruieem
831 2025 988 2082 substituo':
1012 2041 1121 2097 quaero,
1139 2030 1271 2096 quantum
1292 2027 1336 2081 uel
1353 2027 1457 2097 priores
1476 2026 1533 2082 duo
1552 2042 1588 2083 ex
1609 2031 1707 2086 semis
1724 2041 1750 2082 rs

263 2115 340 2172 sibus
362 2116 481 2172 instituti
502 2116 546 2171 uel
567 2114 733 2186 posteriores
757 2113 858 2172 habere
876 2114 1003 2172 debeant.
1032 2115 1177 2172 moedus
1195 2115 1336 2186 respondit
1352 2115 1380 2170 in
1398 2113 1516 2172 obseuro
1534 2131 1616 2188 esse,
1641 2118 1707 2176 Ger·

262 2207 363 2262 nelinrn
387 2211 416 2262 et
433 2204 590 2262 Sallustium
612 2209 642 2260 et
659 2203 809 2260 Uarronem
832 2204 921 2275 primo
943 2221 979 2260 arr
1002 2204 1124 2261 seeundo
1146 2205 1192 2260 uel
1213 2205 1293 2262 tertio
1317 2204 1405 2276 gradu
1423 2203 1540 2260 heredes
1558 2206 1706 2264 instituere

262 2295 391 2352 uoluerit:
414 2294 464 2350 sed
486 2293 636 2350 amandum
659 2294 821 2364 seripturarn
844 2295 1015 2364 testamenti,
1038 2309 1110 2364 quae
1128 2299 1337 2365 proponeretur,
1359 2295 1474 2352 alterum
1494 2309 1588 2350 assem
1608 2296 1705 2354 datam

262 2385 304 2442 eis
320 2383 417 2440 uideri.
1579 2403 1582 2412 ·
1723 2397 1750 2437 rr

128 2471 166 2530 55
182 2469 246 2549 (54)
316 2473 469 2529 Nsaamus
486 2470 555 2528 libro
573 2472 660 2542 primo
680 2470 907 2528 membranarum.
943 2472 1025 2527 Pater
1041 2469 1097 2527 lilio
1115 2471 1250 2543 impuberi
1267 2485 1378 2527 seruum
1395 2469 1523 2528 heredem
1544 2467 1743 2558 Qu

264 2561 406 2618 substituit
422 2560 591 2631 liberumque
609 2575 670 2616 esse
686 2560 782 2615 ¹iussit:
800 2575 863 2616 eum
881 2561 1001 2631 pupillus
1018 2560 1145 2616 uendidit
1155 2561 1241 2616 Titio:
1259 2561 1349 2616 Titius
1366 2575 1428 2616 eum
1447 2561 1502 2616 lam
1514 2562 1608 2632 primo
1621 2569 1706 2620 testa·

264 2654 357 2706 menta
374 2649 448 2706 iaoto
466 2650 495 2706 in
512 2649 633 2706 seeundo
650 2653 816 2706 testamento
833 2649 948 2706 liberum
966 2649 1150 2720 heredemque
1167 2665 1228 2706 esse
1246 2651 1334 2706 iussit.
1361 2650 1487 2720 superine
1503 2656 1705 2709 testamentum

264 2740 330 2796 Titii
349 2744 463 2810 'ruptum
486 2744 541 2808 est,
564 2739 629 2809 quia
650 2740 674 2794 is
697 2753 793 2794 seruus
816 2744 845 2793 st
868 2739 947 2796 heres
968 2743 1140 2810 potestesse
1159 2744 1199 2808 et,
1222 2744 1254 2794 ut
1271 2739 1396 2810 superius
1413 2743 1613 2797 testamentum
1632 2759 1705 2798 rum·

264 2832 353 2900 pater,
372 2827 475 2884 suffieit
492 2829 532 2882 lta
549 2829 685 2898 posterius
703 2827 805 2884 laetum
824 2843 894 2899 esse,
913 2834 945 2883 ut
961 2829 1053 2900 aliquo
1072 2843 1137 2884 essu
1155 2827 1275 2898 potuerit
1288 2843 1322 2884 ex
1334 2843 1368 2884 eo
1379 2827 1459 2884 heres
1471 2831 1603 2887 existere.
1631 2831 1706 2903 quod

191 2941 194 2948 ¹
265 2917 300 2974 ed
318 2918 374 2974 uiur
393 2921 486 2974 autem
505 2917 564 2973 eius
582 2917 761 2973 iustitutionis
777 2917 904 2988 pertinet,
927 2918 966 2972 ita
983 2933 1014 2972 se
1032 2932 1077 2973 res
1094 2917 1185 2988 habet,
1203 2921 1242 2987 ut,
1264 2917 1392 2988 quamdiu
1410 2918 1513 2988 pupillo
1531 2934 1568 2975 ex
1587 2936 1625 2976 ea
1642 2920 1705 2978 sub
1722 2933 1747 2974 ss

264 3008 406 3064 adtritione
428 3007 508 3062 heres
529 3011 622 3077 potest
645 3021 720 3076 esse,
742 3021 777 3062 ex
795 3006 860 3062 litii
881 3011 1047 3062 testamento
1069 3006 1223 3064 libertatern
1244 3005 1478 3077 hereditatemque
1495 3010 1635 3078 eonseqni
1651 3024 1706 3066 non

264 3097 365 3168 possIt:
391 3097 414 3151 si
432 3097 553 3166 pupillus
568 3096 597 3151 in
615 3111 693 3150 snam
711 3095 826 3150 tutelam
843 3097 1012 3166 peruenerit,
1030 3097 1144 3166 perinde
1161 3111 1196 3153 ex
1214 3098 1279 3154 IItii
1297 3100 1462 3153 testamento
1479 3095 1550 3152 liber
1567 3097 1706 3170 heresque

265 3185 352 3242 sitae
370 3185 393 3240 si
410 3185 513 3255 pupillo
530 3184 696 3240 substitutus
713 3199 768 3240 non
786 3183 896 3240 fuisset:
915 3186 939 3240 si
955 3186 1058 3256 pupillo
1076 3185 1155 3242 heres
1173 3186 1286 3256 emhilt,
1304 3195 1415 3259 proprus
1433 3190 1485 3256 est,
1502 3189 1537 3242 ut
1548 3186 1628 3244 litio
1640 3203 1707 3260 quo·

264 3289 327 3345 que,
345 3274 370 3330 sl
387 3274 461 3343 uelit,
481 3273 560 3330 heres
578 3289 640 3330 esse
655 3273 753 3344 possit
1724 3290 1749 3330 rr

128 3362 167 3422 56
182 3359 246 3440 (55)
318 3363 437 3420 Patruus
455 3362 524 3418 libro
541 3363 629 3434 primo
648 3363 683 3420 ad
701 3363 791 3432 legem
808 3363 916 3420 Aeliam
934 3361 1065 3419 Sentium.
1100 3361 1130 3420 Sl
1147 3364 1172 3419 is
1189 3365 1236 3434 qui
1253 3363 1385 3421 soluendo
1408 3377 1462 3419 non
1481 3369 1526 3420 est
1543 3361 1742 3451 [ΜΒ

264 3453 353 3524 primo
375 3455 465 3509 loerrm
483 3451 620 3522 Stiehum,
643 3452 764 3508 seeundo
787 3467 850 3508 eum
874 3452 918 3506 eui
936 3467 972 3508 ex
989 3451 1191 3510 lideieommissi
1208 3469 1293 3510 eausa
1310 3453 1463 3510 libertatern
1481 3453 1569 3510 debet
1587 3455 1706 3512 liberum

209 3561 210 3566 ¹
264 3547 294 3598 et
311 3541 438 3598 heredem
456 3541 762 3611 murmuriosum
780 3541 901 3597 seeundo
918 3541 978 3598 loeo
997 3542 1128 3612 seriptum
1146 3541 1274 3598 heredem
1292 3541 1350 3600 fore
1368 3543 1414 3614 ait,
1432 3543 1573 3613 quianon
1593 3545 1707 3604 uidetur

264 3631 429 3688 oreditorunr
447 3629 659 3687 mundandorum
678 3645 764 3686 eausa
780 3631 972 3688 manumissus.

129 3717 167 3777 57
182 3716 246 3795 (56)
317 3721 395 3776 Iners
411 3719 481 3776 llbro
498 3721 629 3790 singulari
646 3719 682 3775 de
700 3721 827 3776 secundis
845 3719 955 3776 tabulis.
990 3720 1086 3776 Potest
1103 3720 1164 3790 quis
1175 3721 1216 3777 ita
1226 3720 1354 3778 heredem
1365 3722 1523 3780 instituere:
1543 3716 1708 3811 Q
1724 3731 1757 3804 ds

265 3808 296 3864 ¹'si
314 3809 386 3864 intra
404 3825 505 3864 annum
523 3810 755 3879 septuagesImum
775 3809 928 3880 deoessero,
946 3811 991 3866 ille
1009 3810 1075 3866 mihi
1087 3809 1165 3866 heres
1178 3809 1259 3866 esto':
1278 3827 1333 3868 uon
1344 3811 1417 3868 enirn
1428 3825 1478 3882 pro
1489 3819 1572 3882 parte
1585 3820 1707 3872 testatus
1723 3825 1748 3866 ar

264 3897 386 3968 intellegi
401 3897 494 3967 debet,
512 3898 563 3954 sed
580 3897 632 3954 suh
651 3897 811 3954 eondioione
827 3899 987 3956 instituisse.

128 3984 167 4044 58
182 3983 246 4064 (57)
316 3987 394 4042 Iurerr
416 3986 485 4042 libro
503 3986 729 4056 quiuquagesimo
751 3987 867 4058 septimo
886 3987 921 4043 ed
939 3988 1067 4044 edietum.
1104 3987 1134 4044 Si
1150 3990 1175 4046 is
1193 3991 1241 4060 qui
1259 3989 1390 4045 soluendo
1407 4005 1462 4046 non
1480 3995 1527 4046 est
1543 3987 1747 4080 Qu

264 4090 374 4132 seruum
399 4090 461 4132 eum
483 4073 610 4130 libertate
630 4073 759 4132 heredem
776 4077 924 4134 Instituerlt
941 4081 970 4134 et
986 4077 1102 4134 liberum
1121 4077 1305 4149 substituerit,
1329 4082 1393 4136 aute
1410 4079 1601 4152 lneipiendurn
1621 4085 1675 4142 erit
1690 4099 1708 4140 s

264 4187 487 4259 munuum)

266 4372 274 4406 ¹
294 4367 322 4425 in
340 4377 387 4424 ina.
406 4370 484 4437 (edd.)

265 4535 458 4607 lexpr'a'esss
467 4537 504 4590 Ρ
519 4538 524 4604 Ι
540 4537 705 4594 omniamF'
741 4537 952 4594 idiuideturl’²
1006 4545 1153 4667 generetur
1169 4541 1208 4597 Ρ
1260 4543 1296 4598 28
1314 4542 1384 4598 titii*
1401 4543 1440 4596 Ρ
1493 4543 1531 4598 30
1549 4544 1596 4672 ea)
1615 4561 1651 4602 eo
1668 4545 1705 4600 Ρ

264 4610 422 4679 iltpropria
438 4610 476 4664 Ρ
518 4610 732 4666 tserurnsru
747 4617 752 4675 1
768 4611 895 4695 septunx]
907 4612 953 4676 Ρ,
1025 4615 1174 4669 dexutitit
1183 4614 1221 4666 Ρ
1236 4615 1241 4680 (
1256 4614 1417 4684 propriusF
1440 4615 1574 4671 diseeun
1595 4623 1705 4673 *osum

263 4685 362 4736 somne
380 4682 425 4741 Ρ.
443 4685 543 4736 uetuux
561 4680 598 4734 Ρ
654 4683 688 4736 10
706 4681 897 4750 expr‘aessum
916 4683 954 4736 Ρ
1006 4685 1058 4740 Ρε
1088 4685 1126 4739 rori
1154 4685 1349 4756 Ῠποκοτοοτὴοι)
1378 4683 1450 4754 οῩτῷ
1476 4684 1575 4758 ’ἑτερου
1606 4691 1705 4752 seihero

265 4753 298 4806 11
318 4759 398 4808 etum
408 4753 448 4804 Ρ
487 4755 521 4808 12
533 4751 592 4808 fieri
600 4752 693 4808 *hune
701 4752 738 4806 Ρ
777 4755 810 4810 13
823 4754 952 4810 rreruaF¹
1007 4755 1154 4827 BlTlpur.)
1173 4758 1382 4814 diseretiosl'·
1397 4759 1402 4825 Ι
1418 4757 1553 4828 seriptum
1563 4759 1704 4831 heredem]

264 4823 385 4892 lisele]
409 4823 536 4878 seinsF¹
592 4826 625 4880 19
646 4823 775 4880 salustius
797 4833 826 4881 et
848 4840 915 4881 uero
933 4825 960 4879 F
1005 4828 1052 4892 Ρ,
1076 4827 1203 4884 heredem
1229 4828 1399 4900 serip‘si'trrur
1422 4828 1459 4883 Ρ
1518 4831 1556 4887 ta
1580 4831 1707 4904 quin'to'·

264 4893 300 4948 20
318 4893 487 4950 senissimus
504 4896 541 4948 Ρ
594 4897 628 4951 21
647 4895 767 4952 debeam
784 4898 840 4962 ΡΙ
861 4911 953 4953 eorne·
1006 4901 1167 4973 quagesimo
1184 4900 1222 4954 Ρ

263 4963 362 5022 liusF·
398 4967 432 5025 22
445 4965 588 5024 salustium
601 4969 803 5027 etuarorreurF
832 4970 954 5044 idpsu-
