3668 5356
159 196 287 245 nnreno
834 174 919 256 611
1337 181 1414 249 XXI
1438 185 1453 250 1
1476 191 1591 246 27-31

160 335 247 390 solum
266 335 439 406 accipiemus,
458 336 532 406 quod
550 341 708 392 numeratur
725 337 870 406 uenditori,
888 341 1005 408 utputa
1022 338 1139 407 pretinm
1151 342 1180 394 et
1191 354 1288 394 usuras
1301 339 1368 410 eius,
1388 340 1437 395 sod
1450 345 1479 396 et
1491 341 1514 395 si
1526 340 1593 411 quid

160 424 306 493 emptionis
324 440 408 480 causa
426 432 567 495 erogatum
586 431 637 482 est.
664 426 716 482 hoc
734 433 826 482 autem
845 428 884 482 ita
901 426 1011 482 demum
1029 427 1181 498 deducitur,
1199 428 1223 482 si
1241 443 1276 482 ex
1290 428 1431 483 uoluntate
1443 429 1593 485 uenditoris

160 511 254 568 datur:
278 519 400 570 ceterum
419 515 526 585 siquid
544 531 595 570 sua
612 521 710 586 sponte
728 515 822 572 datum
841 531 902 572 esse
919 521 1100 587 proponatur,
1124 533 1178 572 non
1196 517 1388 586 imputabitur:
1412 532 1501 588 neque
1519 519 1592 574 enim

160 601 243 658 debet
260 603 334 672 quod
351 604 413 674 quis
431 620 481 660 suo
499 603 611 661 arbitrio
629 604 706 660 dedit
723 621 740 660 a
758 604 899 660 uenditore
917 606 1036 675 exigere.
1069 605 1135 676 qnid
1153 621 1232 678 ergo,
1255 607 1279 662 si
1297 606 1367 662 forte
1384 608 1527 677 uectigalis
1545 623 1592 663 no·

160 691 232 746 mine
251 691 344 748 datum
363 698 414 762 est,
432 693 507 762 quod
525 700 675 764 emptorem
694 693 765 752 forte
782 694 962 765 sequeretur?
988 695 1111 750 dicemus
1128 695 1181 752 hoc
1198 711 1306 766 quoque
1323 697 1535 752 restituendum:
1553 697 1593 752 in-
1611 708 1624 748 s

160 778 266 834 demnis
284 782 356 836 enim
375 786 482 852 emptor
499 781 583 838 debet
599 784 749 840 discedere.

23 891 27 898 ·
103 863 141 922 28
213 867 307 926 Gmus
324 870 392 926 libro
404 872 492 940 primo
504 872 540 926 ad
551 873 670 928 edietum
684 873 812 928 aedilium
824 887 870 927 cn·
904 881 972 932 Ῥοιι.
983 884 1020 939 ιι,
1031 885 1052 930 a.
1070 885 1107 940 ιι,
1118 886 1140 930 ι.
1160 884 1186 930 n.
1197 885 1232 940 ιι,
1245 886 1324 941 roes.
1345 886 1388 932 ns.
1398 887 1435 941 re,
1444 888 1489 941 es
1506 886 1554 932 sen.
1564 887 1593 933 ιι
1610 879 1638 934 Ε

160 958 267 1014 rutrum.
303 958 333 1014 ιι
355 960 482 1016 ueneror
504 960 539 1016 cs
563 961 605 1016 ns
627 977 697 1032 quse
716 963 806 1018 ecreto
824 961 953 1018 aedilium
972 963 1145 1018 continentur
1162 977 1216 1020 non
1234 951 1528 1034 ιιιιιιᾟῐιιιιιιιιι
1545 964 1592 1020 ιι-

160 1061 257 1102 uersus
280 1063 343 1104 omn
367 1048 529 1104 redhibenda¹
552 1050 682 1108 iudicium
702 1051 774 1106 intra
791 1050 862 1106 dnos
880 1065 988 1106 menses
1006 1051 1050 1106 uel
1067 1052 1162 1122 quanti
1180 1054 1311 1122 emptoris
1329 1053 1437 1108 intersit
1454 1054 1526 1108 intra
1543 1069 1593 1110 sex
1649 1060 1652 1064 ’

160 1151 275 1192 menses.
1611 1153 1640 1195 ro

103 1222 141 1280 29
214 1225 364 1282 Unnmnus
387 1226 455 1282 libro
477 1227 565 1298 primo
589 1227 624 1282 ad
648 1227 766 1284 edictum
791 1229 919 1284 aedilium
939 1229 1082 1286 curulium.
1117 1229 1188 1286 Illud
1205 1229 1346 1286 sciendum
1364 1236 1420 1301 est,
1443 1230 1468 1285 si
1485 1236 1592 1300 emptor
1608 1227 1635 1284 Ε

160 1315 296 1370 uenditori
318 1312 386 1372 haec
409 1333 464 1373 non
487 1322 624 1388 praestat,
647 1333 718 1387 quae
742 1317 931 1374 desiderantur
948 1319 977 1372 in
994 1319 1043 1374 bac
1062 1319 1182 1390 actione,
1206 1335 1260 1374 non
1277 1335 1359 1390 posse
1377 1321 1402 1376 ei
1419 1319 1591 1376 uenditorem

127 1407 139 1452 1
160 1404 347 1460 condemnari:
365 1406 390 1461 si
407 1412 499 1462 autem
517 1407 633 1476 emptori
650 1407 777 1463 uenditor
793 1407 847 1462 ista
864 1423 919 1464 non
936 1413 1066 1478 praestat,
1084 1408 1310 1466 condemnabitur
1328 1409 1362 1464 ei.
1389 1409 1458 1464 item
1476 1409 1593 1478 emptori

159 1495 354 1564 praestandum
373 1501 423 1566 est,
442 1501 473 1550 nt
489 1483 632 1566 pecuniae,
651 1497 730 1552 cuius
747 1497 856 1552 nomine
874 1496 1011 1567 obligatus
1027 1497 1086 1568 erit,
1104 1497 1242 1567 liberetur,
1262 1499 1320 1553 sine
1332 1497 1384 1568 ipsi
1397 1499 1532 1554 uenditori
1544 1497 1591 1554 ob·

126 1586 140 1630 2
159 1583 259 1652 ligatus
278 1585 314 1640 sit
331 1585 390 1640 sine
408 1585 491 1640 etiam
510 1585 563 1641 alii.
597 1585 796 1642 condemnatio
814 1591 906 1642 autem
925 1585 969 1656 fit,
988 1588 1083 1658 quanti
1101 1602 1135 1643 ea
1152 1603 1196 1642 res
1214 1587 1278 1642 erit:
1297 1603 1363 1658 ergo
1382 1588 1512 1642 excedet¹
1531 1602 1592 1658 pre·
1611 1597 1639 1640 ss

159 1673 227 1728 tium
251 1689 287 1728 an
310 1689 378 1743 non,
403 1671 559 1730 uideamus
586 1680 615 1730 ιι
632 1675 741 1746 quidem
760 1677 882 1731 eontinet
900 1676 1091 1732 condemnatio
1107 1677 1226 1746 pretium
1244 1677 1478 1747 accessionesque.
1511 1694 1547 1732 an
1565 1681 1593 1732 et

158 1777 257 1817 usuras
278 1765 358 1833 pretii
381 1769 577 1834 consequatur,
602 1765 682 1833 quasi
704 1764 778 1834 quod
802 1781 853 1820 sua
870 1766 977 1821 intersit
994 1765 1094 1828 debeat
1111 1767 1248 1836 accipere,
1271 1767 1389 1822 maxime
1407 1781 1469 1820 cum
1488 1764 1593 1821 fructus

126 1855 140 1899 ³
159 1867 268 1922 quoqne
290 1853 349 1922 ipse
367 1853 514 1909 restituat?
540 1859 569 1908 et
585 1855 676 1924 placet
694 1858 913 1910 consecuturum.
949 1853 1062 1925 Siquid
1081 1856 1191 1911 tamen²
1209 1855 1301 1910 damni
1319 1855 1406 1910 sensit
1422 1855 1467 1910 uel
1486 1853 1593 1924 siquid

158 1957 208 2012 pro
226 1957 314 1997 seruo.
326 1941 466 2013 impendit,
485 1949 666 2013 consequetur
684 1942 795 2000 arbitrio
812 1943 918 2012 indicis,
937 1944 977 1998 sic
994 1949 1100 2014 mmen,
1119 1961 1174 1999 non
1192 1949 1223 2000 ut
1241 1945 1267 2000 ei
1284 1944 1380 2000 borum
1399 1945 1509 2000 nomine
1527 1960 1593 2000 nen·

159 2029 231 2086 ditor
249 2032 453 2102 condemnetur,
475 2039 507 2088 ut
524 2033 564 2088 ait
580 2033 709 2103 lulianus,
727 2031 778 2087 sed
796 2047 831 2088 ne
849 2033 917 2087 alias
935 2033 1113 2103 compellatur
1129 2032 1266 2090 hominem
1284 2033 1422 2090 uenditori
1440 2033 1592 2103 restituere,
1612 2045 1640 2087 so

159 2135 241 2190 quam
259 2121 284 2176 si
301 2136 363 2176 eum
382 2121 537 2178 indemnem
555 2125 685 2192 praestet.

102 2199 141 2258 30
212 2210 331 2266 Psunus
349 2210 418 2266 libro
434 2212 522 2280 primo
540 2211 576 2266 ad
595 2211 714 2266 edietum
727 2209 855 2266 aedilium
867 2209 1009 2264 curulium.
1035 2209 1105 2265 ltem
1118 2211 1142 2266 si
1154 2210 1227 2266 serui
1240 2210 1400 2266 redhibendi
1419 2205 1594 2296 [Q
1610 2215 1638 2274 Ε

159 2300 267 2356 nomine
285 2304 392 2369 emptor
409 2300 539 2356 iudicium
558 2301 665 2370 accepit
681 2300 726 2354 uel
743 2299 803 2369 ipse
821 2299 880 2354 eins
898 2299 1006 2354 nomine
1025 2298 1148 2368 dictauit,
1168 2299 1321 2354 cauendum
1339 2315 1374 2355 ex
1386 2305 1502 2372 utraque
1515 2307 1592 2371 parte

160 2389 223 2458 erit,
246 2393 291 2457 ut,
315 2389 339 2444 si
361 2388 428 2457 quid
450 2389 509 2444 sine
533 2390 596 2445 doio
619 2391 691 2445 malo
716 2388 913 2444 condemnatus
931 2388 1030 2443 situel
1048 2388 1155 2458 siquid
1174 2404 1209 2444 ex
1226 2404 1260 2446 eo
1278 2388 1352 2459 quod
1370 2391 1458 2460 egerit
1474 2389 1511 2445 ad
1528 2405 1591 2446 eum

127 2481 138 2526 1
158 2477 315 2548 pemenerit
331 2477 430 2532 dolone
448 2479 520 2534 malo
538 2479 597 2534 eius
615 2477 718 2534 iactum
737 2479 845 2546 sitque
863 2478 952 2532 minus
970 2477 1137 2548 perueniret,
1158 2478 1187 2534 id
1205 2478 1326 2533 reddat³.
1362 2479 1436 2544 Quas
1454 2480 1592 2550 impensas
1610 2492 1639 2534 as

158 2567 314 2622 necessario
331 2567 358 2622 in
377 2567 526 2622 curandum
545 2583 654 2623 seruum
673 2572 737 2638 post
752 2568 827 2622 litem
847 2571 1027 2622 contestatam
1046 2570 1152 2635 emptor
1169 2565 1278 2637 fecerit,
1301 2567 1459 2638 imputabit:
1480 2583 1591 2638 praece·

159 2655 255 2711 dentes
273 2657 411 2726 impensas
428 2657 587 2712 nominatim
605 2654 874 2726 comprehendendas
892 2655 1005 2710 Pedius:
1024 2655 1074 2710 sed
1091 2655 1194 2711 cibaria
1210 2672 1291 2712 seruo
1309 2656 1375 2712 data
1392 2673 1447 2712 non
1465 2672 1527 2714 esse
1542 2657 1591 2712 im·

157 2744 281 2814 putanda
297 2745 399 2814 Aristo,
417 2761 480 2800 nam
499 2761 549 2800 nec
567 2744 680 2816 abipso
698 2745 780 2815 exigi,
799 2743 873 2814 qnod
890 2744 918 2798 in
937 2744 1085 2799 ministerio
1103 2745 1162 2799 eius
1179 2743 1240 2800 snit

101 2827 138 2885 31
212 2834 362 2890 Unnrarsus
379 2834 447 2890 libro
464 2835 552 2903 primo
571 2834 607 2890 ad
624 2835 744 2890 edictum
763 2833 892 2890 aedilium
907 2833 1049 2888 cumlium.
1076 2831 1179 2898 Quodsi
1192 2835 1260 2890 nolit
1271 2835 1398 2892 uenditor
1417 2828 1591 2920 [ffffl
1608 2843 1637 2898 Ε

158 2921 294 2979 hominem
312 2923 446 2994 recipere,
464 2924 565 2980 nonin
583 2924 713 2980 maiorem
732 2939 880 2992 summam,
899 2922 999 2991 inquit,
1017 2937 1099 2991 quam
1118 2923 1146 2978 in
1163 2924 1281 2993 pretium
1299 2925 1325 2978 ei
1343 2923 1589 2980 condemnandum.
1609 2937 1639 2979 ao

158 3010 193 3068 ob
212 3006 280 3067 baec
297 3027 371 3082 ergo,
390 3029 461 3083 quae
479 3017 590 3083 propter
607 3028 717 3068 seruum
736 3011 836 3067 damna
853 3012 947 3079 sensit,
965 3011 1051 3066 solam
1069 3010 1196 3066 dabimus
1214 3013 1240 3068 ei
1258 3013 1378 3084 corporis
1395 3015 1589 3070 retentionem:

69 3159 70 3164 ,
158 3107 278 3157 ceterum
296 3103 397 3171 poterit
414 3102 517 3156 enitare
534 3102 747 3172 praestationem
766 3100 900 3168 uenditor,
918 3101 942 3156 si
960 3101 1028 3155 nolit
1045 3099 1182 3156 hominem
1200 3101 1330 3172 recipere,
1349 3117 1403 3172 quo
1421 3100 1495 3156 iacto
1509 3103 1590 3172 pretii

126 3198 137 3242 1
156 3191 369 3260 praestationem
388 3205 536 3260 eorumque
554 3206 625 3260 qnae
642 3191 760 3260 pretium
779 3193 930 3260 sequuntur
947 3190 1032 3244 solam
1051 3205 1106 3244 non
1123 3189 1246 3246 euitabit.
1281 3189 1310 3246 Si
1328 3190 1454 3246 uenditor
1471 3205 1589 3260 pronun·

157 3280 268 3336 tiauent
285 3280 329 3335 nel
346 3280 501 3350 promiserit
518 3278 605 3334 iurem
624 3293 679 3334 non
697 3294 767 3348 esse,
784 3283 894 3334 tenetur
911 3293 945 3333 ex
964 3294 1015 3333 sua
1031 3279 1220 3349 promissione,
1238 3279 1263 3334 si
1280 3277 1382 3334 furtum
1400 3293 1497 3334 seruus
1508 3278 1589 3336 fecit:

157 3383 218 3424 esse
237 3369 309 3424 enim
327 3368 379 3423 hoc
397 3384 463 3424 casu
481 3367 568 3424 iurem
587 3383 642 3424 non
659 3373 766 3423 tanturn
784 3383 855 3437 eum,
874 3367 921 3436 qui
940 3371 1078 3438 extraneo,
1097 3367 1147 3422 sed
1165 3371 1282 3437 etcum,
1301 3368 1348 3438 qni
1360 3367 1470 3422 domino
1482 3383 1533 3423 sno
1545 3383 1589 3424 res
1608 3385 1637 3428 ss

124 3465 139 3510 a
157 3457 300 3526 subtraxit,
318 3456 530 3526 intellegendum
549 3462 600 3512 est.
628 3455 658 3512 Si
675 3457 774 3512 ancilla
790 3455 974 3526 redhibeatur,
993 3461 1022 3511 et
1038 3455 1112 3526 quod
1130 3471 1165 3512 ex
1177 3472 1211 3511 ea
1221 3460 1285 3528 post
1296 3456 1481 3512 uenditionem
1493 3461 1589 3514 natum

124 3554 138 3598 a
157 3546 209 3600 erit
226 3545 363 3614 reddetur,
381 3546 441 3601 siue
458 3562 529 3602 unus
546 3551 642 3616 partius
660 3546 697 3600 sit
714 3546 773 3602 siue
790 3547 890 3616 plnres.
919 3544 974 3600 Sed
991 3550 1020 3600 et
1037 3546 1061 3600 si
1079 3544 1149 3600 sorte
1167 3561 1234 3601 usus
1252 3544 1356 3601 fructus
1371 3546 1531 3615 proprietati
1542 3545 1588 3602 ad·

123 3643 139 3688 4
156 3635 280 3704 creuerit,
299 3633 452 3690 indubitata
470 3634 515 3690 hie
532 3648 642 3706 quoqne
660 3635 826 3690 restituetur.
854 3633 884 3690 Si
900 3633 1037 3704 peculium
1055 3635 1173 3703 quaesiit
1188 3635 1261 3706 apud
1274 3641 1432 3705 emptorem,
1450 3634 1516 3704 quid
1529 3637 1539 3704 ΙΙ
1554 3634 1589 3690 de
1605 3645 1679 3692 teos

156 3723 208 3778 hoe
226 3723 369 3778 dicemus?
398 3724 469 3778 etsi
486 3723 596 3794 quidem
614 3739 650 3778 ex
667 3739 696 3778 re
715 3724 845 3794 emptoris
863 3725 993 3795 accessit,
1013 3723 1158 3780 dicendum
1176 3729 1220 3780 est
1237 3723 1311 3796 apud
1328 3724 1419 3794 ipsum
1437 3723 1588 3794 relinquen·

123 3811 235 3881 ddum,
258 3813 283 3866 si
307 3811 416 3868 abunde
439 3813 538 3882 creuit,
561 3811 698 3868 uenditori
718 3813 917 3868 restituendum
935 3819 986 3868 est.
1023 3811 1053 3868 Si
1069 3813 1162 3884 piures
1179 3813 1295 3868 heredes
1312 3813 1368 3868 sint
1385 3813 1529 3884 emptoris,
1552 3827 1589 3868 an
1606 3825 1636 3868 ιι

155 3915 251 3956 omnes
268 3899 304 3956 ad
322 3899 519 3956 redhibendum
537 3901 691 3960 consentire
710 3900 836 3972 debeant,
855 3902 1007 3957 uideamus.
1035 3907 1063 3957 et
1081 3903 1120 3957 ait
1136 3902 1302 3972 Pomponius
1321 3917 1415 3957 omnes
1434 3901 1588 3957 consentire

155 3987 256 4044 debere
280 3988 315 4044 ad
336 3987 533 4045 redhibendum
552 3989 671 4060 dareque
689 4005 774 4046 unum
792 3995 1010 4061 procuratorem,
1034 3989 1154 4047 neforto
1172 3991 1298 4047 uenditor
1316 3991 1440 4046 iniuriam
1459 3992 1587 4061 patiatur,

155 4077 221 4133 dum
239 4077 274 4134 ab
293 4079 345 4134 aiio
363 4083 469 4149 partem
487 4078 585 4150 recipit
601 4077 732 4150 hominis,
755 4080 802 4136 aiii
818 4079 847 4136 in
864 4085 971 4151 partem
988 4080 1069 4150 pretii
1087 4079 1297 4151 condemnatur,
1321 4081 1417 4152 quanti
1434 4081 1546 4137 minoris
1563 4079 1587 4136 is

154 4184 290 4255 FiPfflii

157 4327 164 4360 ¹
184 4323 301 4380 excedat
318 4327 416 4394 (edd.)?
485 4328 497 4362 ²
514 4333 607 4382 tamen
624 4329 671 4382 del.
742 4328 754 4363 ⁸
771 4327 920 4384 reddatur?

155 4467 842 4540 lcumemmurP⁶,numeramusu1quoempt]
895 4471 1084 4528 ditoriom.P⁰
1120 4471 1154 4526 23
1166 4469 1282 4541 emptori
1294 4443 1371 4525 Pru·
1406 4473 1441 4528 26
1454 4487 1534 4528 seruo
1546 4472 1587 4527 P·

154 4537 264 4606 quidem
281 4539 384 4608 prionis
402 4539 442 4592 P·
495 4540 771 4664 3im5ntauiturF1,
793 4541 843 4596 im·
896 4544 930 4598 27
949 4542 1052 4598 cinaris
1069 4543 1105 4596 F¹
1159 4543 1193 4596 28
1216 4541 1310 4611 aristo]
1335 4542 1418 4598 aristo
1441 4543 1480 4598 ait
1497 4543 1590 4598 F²PU

153 4613 265 4734 Eutatnr
283 4611 322 4663 P⁶
374 4610 487 4680 4quid]
508 4626 562 4681 quo
599 4611 668 4666 P⁰U
719 4612 843 4666 9redhi·
896 4615 931 4668 32
949 4612 1126 4675 *euitareF*
1171 4614 1206 4668 33
1224 4611 1310 4683 qn'a'e
1327 4629 1398 4684 quae
1416 4615 1460 4679 F’,
1477 4629 1586 4684 quoque

172 4679 273 4734 endum
285 4681 359 4735 FPU
401 4683 434 4736 12
452 4681 633 4752 hacactione]
647 4681 720 4748 ΡΨ,
736 4684 843 4739 actione
896 4685 942 4749 1²⁴,
962 4695 1010 4740 ιιι.
1026 4685 1059 4738 U‘
1080 4685 1084 4752 Ι
1106 4683 1221 4740 cuitnuit
1238 4686 1284 4749 F‘,
1303 4683 1417 4740 ebitauit
1435 4685 1486 4750 P0,
1500 4687 1585 4740 euita-

153 4749 366 4816 EbactioneP⁰
404 4753 436 4806 13
446 4753 670 4809 condemnauitur
679 4745 722 4806 pt
753 4755 843 4824 14pe·
895 4754 945 4810 bat
966 4755 992 4809 U
1041 4755 1076 4810 34
1094 4771 1155 4810 esse
1235 4753 1301 4811 iecit
1319 4757 1357 4810 bis
1375 4757 1432 4824 ΡΙ
1452 4754 1518 4812 facit
1536 4757 1587 4811 PU

153 4822 250 4877 eunias
264 4821 464 4879 'cuniac’cuius
483 4825 521 4876 F²
575 4825 609 4880 15
632 4829 724 4880 antem
747 4823 780 4880 fit
895 4827 931 4882 39
949 4825 1088 4881 dicentum
1106 4827 1142 4880 F¹
1192 4829 1228 4882 40
1246 4831 1383 4896 emptores
1401 4827 1437 4880 F¹
1486 4829 1522 4883 42
1540 4827 1585 4898 ne]

155 4893 188 4948 le
201 4892 400 4962 condemnatio]
413 4895 638 4964 Friesemann)
652 4895 693 4960 Ut,
706 4897 844 4952 om.P⁰U·
896 4913 947 4972 nec
965 4897 1026 4952 ff,
1069 4897 1105 4952 43
1122 4897 1151 4952 in
1167 4897 1283 4968 partem]
1303 4914 1358 4954 non
1374 4899 1403 4954 in
1416 4904 1522 4970 partem
1535 4899 1588 4954 PU

154 4963 187 5020 18
206 4969 413 5020 consecutamrn
425 4965 465 5020 P⁰
505 4967 539 5020 19
551 4967 600 5036 sic]
613 4966 637 5022 si
649 4967 689 5022 P⁰
728 4967 764 5022 20
777 4983 843 5024 uen-

1314 5057 1374 5116 39*
1415 5069 1416 5072 ’
