3540 5340
254 123 268 167 e
304 113 333 166 It
361 112 402 167 De
421 111 595 168 tureiurando
614 111 674 168 eiua
692 111 848 166 uoluntario
867 112 926 168 eine
944 112 1099 168 necessario
1118 111 1178 168 aiue
1196 111 1327 168 iudiciali.

254 222 268 267 Γ
305 203 333 256 It
359 201 402 256 De
421 201 449 256 in
467 202 543 256 litem
561 201 685 256 iurando.

252 299 268 342 t
304 290 333 344 lt
359 290 402 344 De
420 290 594 346 condictione
612 305 697 345 canna
714 287 780 343 data
798 303 884 344 cauea
901 304 956 345 non
974 292 1078 345 secuta.

253 398 266 433 ε
303 379 333 433 lt
360 378 403 432 De
422 379 595 434 condictione
613 377 649 434 ob
667 383 775 448 turpem
794 378 838 433 nel
857 377 986 434 iniustam
1003 393 1125 434 mutam.

218 483 231 523 e
252 489 267 533 ς
302 468 332 521 ΙΙ
359 467 401 522 Dc
420 467 593 523 condictione
611 466 736 522 indebiti.

252 574 266 610 z
304 557 333 610 dt
359 555 402 610 De
421 556 594 612 condictione
613 556 673 612 eine
691 569 784 610 cauea.

305 655 448 742 Explicit
471 678 510 724 ex
534 656 645 724 ordine
668 656 861 739 digestorum
883 656 964 724 liber
986 655 1201 743 duodecimus,
1224 656 1263 723 de
1286 655 1380 724 robur
1402 655 1484 724 liber
1506 657 1639 745 primns.

396 852 511 940 Incipit
533 873 572 921 ex
596 851 706 919 ordine
730 852 842 920 tertius
865 852 1016 938 decimus,
1040 853 1196 920 derebus
1219 853 1375 920 secundus
1396 853 1540 922 feliciter.

250 984 266 1020 a
302 967 331 1020 It
358 966 400 1021 De
419 964 592 1021 condictione
610 962 722 1020 furtiua.

202 1069 230 1110 ro
252 1064 266 1108 e
302 1055 331 1108 It
358 1054 400 1108 De
419 1052 591 1109 condictione
609 1068 644 1108 ex
662 1053 733 1123 Iege.

251 1162 264 1206 Γ
301 1143 330 1196 dt
356 1143 398 1197 De
417 1141 590 1198 condictione
608 1141 760 1198 triticiaria.

249 1239 265 1283 t
301 1231 330 1285 lt
355 1230 399 1286 De
416 1245 458 1301 eo,
476 1229 551 1300 quod
570 1235 646 1285 certo
663 1230 724 1286 Ioco
743 1230 802 1286 dari
821 1233 938 1302 oportet

250 1338 263 1373 e
301 1320 331 1374 dt
356 1319 399 1374 De
416 1319 535 1390 pecunia
553 1319 713 1374 constituta.

222 1418 226 1426 ·
250 1428 267 1473 ς
300 1407 329 1462 It
356 1406 529 1464 Commodati
547 1408 591 1461 uel
610 1411 714 1463 contra.

202 1513 231 1554 un
250 1515 264 1550 z
302 1497 331 1551 It
356 1497 399 1551 De
416 1497 597 1567 pIgneraticia
616 1496 724 1551 actione
742 1495 788 1550 uel
806 1499 910 1550 contra.

306 1595 485 1683 Explicitue
509 1603 557 1664 est
578 1595 659 1664 liber
682 1615 721 1662 ex
744 1595 855 1662 ordine
878 1595 991 1662 tertiae
1015 1595 1165 1680 decimus,
1190 1595 1229 1662 de
1251 1594 1345 1662 rebus
1367 1594 1449 1663 liber
1471 1597 1642 1665 secundus.

439 1792 555 1879 Incipit
576 1791 657 1860 liber
679 1812 719 1858 ex
742 1791 852 1858 ordine
875 1797 1006 1877 quartus
1029 1791 1179 1876 decimus,
1203 1791 1357 1860 derebus
1381 1792 1504 1859 tertius.

250 1926 266 1960 a
301 1908 330 1962 It
358 1907 400 1962 De
418 1906 582 1962 exercitoria
600 1905 717 1960 actione.

252 2006 266 2050 Β
301 1997 330 2050 It
357 1996 399 2050 De
418 1996 479 2064 lege
497 1993 605 2049 Rhodia
623 1993 658 2048 de
676 1993 760 2048 iactu.

203 2102 232 2142 ro
252 2105 265 2150 Γ
302 2083 330 2139 tt
358 2084 400 2139 De
418 2084 555 2139 inetItoria
572 2083 689 2138 actione.

251 2183 267 2226 n
302 2174 331 2227 It
357 2173 400 2228 De
418 2171 563 2228 trIbntoria
581 2172 698 2228 actione.

253 2281 266 2316 ε
304 2263 332 2316 It·
359 2261 438 2328 Quod
457 2277 519 2316 cnm
538 2275 580 2330 eo,
600 2260 693 2328 quiin
712 2259 801 2315 aliena
819 2262 958 2330 potestate
976 2263 1027 2328 eet,
1046 2257 1187 2328 negotium
1206 2263 1316 2328 gestum
1335 2273 1397 2316 eaeo
1415 2259 1531 2317 dicetur.

252 2373 268 2416 ς
302 2352 330 2405 lt
357 2351 400 2406 De
418 2356 531 2406 cenatus
550 2351 676 2405 consulto
694 2349 900 2405 Macedonianc.

588 2449 730 2537 Explicit
751 2449 831 2516 liber
854 2469 893 2515 ex
918 2447 1027 2516 ordine
1051 2452 1181 2534 quartus
1204 2446 1354 2516 decimus.

204 2673 234 2714 aa
428 2646 544 2732 Incipit
565 2645 646 2714 liber
669 2659 707 2712 ex
732 2646 841 2713 ordine
864 2645 992 2730 quintus
1016 2645 1166 2730 decimus,
1190 2644 1345 2712 derebus
1368 2651 1509 2732 quartus.

253 2781 269 2815 a
305 2761 334 2815 ct
359 2759 402 2815 De
420 2759 537 2830 peculio.

254 2859 268 2903 e
303 2849 332 2904 ct
358 2847 473 2915 Quando
492 2847 527 2902 de
545 2847 653 2918 peculio
672 2847 745 2902 actio
764 2847 870 2903 annalia
888 2853 940 2903 eet.

253 2955 301 3008 ff
946 2963 947 2966 ,

253 3097 305 3151 21
324 3105 361 3150 ate
375 3097 401 3150 P
447 3095 540 3151 leiue
553 3095 708 3151 uoluntario
721 3095 807 3149 om.P
849 3095 943 3149 deon·
998 3093 1136 3150 eecundue
1154 3095 1190 3148 F'
1264 3096 1297 3150 li
1315 3094 1423 3164 tertius]
1446 3093 1515 3150 liber
1537 3097 1638 3153 tertine
1656 3099 1695 3151 Γ*

252 3165 455 3222 dictione'm'P
497 3168 599 3226 udaie
613 3167 639 3219 P
684 3166 874 3235 texpticitur
888 3167 943 3232 ΡΙ
999 3167 1032 3220 19
1051 3165 1129 3222 rodia
1148 3167 1173 3219 F
1221 3167 1256 3220 20
1274 3165 1481 3221 institutoriaP
1531 3169 1693 3238 aegeotam

252 3238 321 3293 libro
340 3237 520 3294 duodecimus
534 3240 569 3291 1²¹
617 3237 688 3292 tide
701 3237 873 3292 condictione
886 3237 944 3290 elne
998 3256 1046 3291 om.
1060 3239 1094 3290 P¹
1155 3237 1190 3293 23
1208 3242 1306 3292 eenatu
1325 3238 1452 3293 consultu
1471 3239 1498 3290 P
1551 3240 1588 3294 24
1608 3241 1693 3312 expli-

253 3326 338 3364 cauea
355 3309 399 3364 bic
417 3309 517 3378 repetit
534 3309 561 3362 P
621 3311 652 3364 11
672 3309 873 3372 tricticIariaF,
897 3307 944 3362 tri·
998 3309 1086 3363 citur·
1106 3309 1143 3362 F’
1158 3316 1163 3369 Ι
1179 3307 1248 3364 libro
1269 3309 1303 3362 F¹
1357 3309 1392 3363 25
1411 3307 1480 3363 libro
1499 3309 1535 3362 5¹

253 3382 336 3436 eiecta
349 3382 375 3434 P
426 3381 459 3435 16
472 3379 541 3435 libro
554 3395 588 3434 ex
601 3379 695 3435 ordine
708 3380 789 3435 tertio
802 3380 838 3434 F
855 3382 860 3447 Ι
875 3377 944 3434 libro

306 3539 359 3594 bne
371 3540 381 3594 i
392 3567 433 3593 ι..
445 3541 593 3611 (aequantur
610 3540 729 3594 ratetooc
747 3540 808 3594 titre·
819 3539 883 3593 XII
886 3540 896 3604 )
914 3538 995 3608 iucip.
1010 3553 1044 3593 ex
1062 3538 1157 3593 ordine
1170 3539 1227 3607 dig.
1240 3537 1287 3594 lib.
1302 3539 1340 3594 xii
1358 3539 1393 3594 de
1411 3538 1494 3595 rebue
1511 3541 1521 3595 i
1539 3541 1571 3606 P,
1590 3542 1695 3599 domini

306 3611 449 3666 Iustiniani
468 3610 535 3664 iuris
552 3611 687 3664 enucleati
705 3625 740 3665 ex
759 3610 833 3664 omni
852 3609 939 3665 ueteri
951 3610 1010 3665 iure
1023 3611 1127 3665 colecta
1145 3609 1313 3679 digestorum
1330 3625 1380 3665 eeu
1393 3611 1592 3680 pandectarum
1605 3613 1653 3670 lib.
1666 3615 1694 3670 xi

307 3683 419 3751 explicit
440 3681 536 3750 incipit
558 3681 597 3736 xii
621 3681 650 3745 V,
675 3681 845 3750 digestorum
870 3697 920 3736 aen
942 3681 1139 3750 pandectarum
1164 3697 1198 3736 ex
1221 3681 1316 3737 ordine
1340 3681 1386 3736 lib.
1406 3682 1569 3738 undecimae
1593 3686 1693 3756 explic.

305 3755 387 3824 incip.
406 3768 441 3807 ex
459 3751 557 3808 ordine
573 3750 619 3807 lib.
639 3751 818 3807 duodecimus
837 3753 872 3807 de
890 3751 973 3808 rebus
991 3753 1000 3807 i
1019 3754 1052 3818 L,
1070 3753 1168 3823 explic.
1187 3752 1235 3807 lib.
1249 3753 1276 3807 xi
1294 3753 1375 3823 incip.
1395 3753 1442 3808 lib.
1456 3755 1492 3809 xii
1515 3755 1540 3808 U

254 3850 312 3898 onte
330 3845 345 3894 Ι.
358 3840 439 3896 XIII
453 3841 550 3910 incipit
566 3839 613 3895 lib.
626 3841 711 3896 *xiiii
730 3841 766 3894 Γ)
784 3844 822 3916 (s.
835 3839 921 3906 200').
949 3841 1046 3911 eprIc.
1066 3856 1100 3896 ex
1125 3840 1220 3896 ordine
1243 3841 1299 3911 dig.
1319 3841 1364 3896 lib.
1383 3843 1420 3898 xii
1445 3842 1480 3898 de
1503 3842 1587 3899 rebue
1608 3844 1657 3900 lib.
1676 3846 1695 3900 ii

306 3913 387 3982 incip.
401 3928 435 3966 ex
454 3913 548 3966 ordine
567 3911 736 3980 digestorum
756 3912 858 3966 tercino
876 3911 999 3967 decimae
1019 3912 1054 3966 de
1072 3911 1154 3967 rebus
1173 3913 1201 3966 iii
1217 3915 1365 3984 (armantur
1376 3915 1495 3969 rubricae
1508 3918 1522 3968 Ι.
1535 3915 1627 3980 xm)
1647 3931 1694 3972 ex·

306 3985 417 4053 plitinnt
434 3985 506 4037 tituli
525 3983 571 4038 lib.
585 3985 631 4038 xiii
650 3999 684 4038 ex
703 3982 798 4038 ordine
817 3983 873 4052 dig.
887 3998 937 4038 eeu
949 3983 1145 4053 pandectarum
1159 3985 1190 4048 P,
1209 3984 1358 4052 expliciunt
1372 3985 1445 4039 tituli
1463 3985 1481 4040 l.
1495 3987 1533 4040 xii
1550 3986 1633 4057 incip.
1646 3988 1694 4043 xiii

307 4061 345 4120 (ae
363 4062 456 4108 uantur
474 4056 594 4109 roboreae
611 4058 627 4108 Ι.
638 4055 730 4120 XIII)
755 4053 869 4124 explicit
892 4070 926 4109 ex
949 4055 1045 4110 ordIne
1062 4055 1119 4124 dig.
1138 4053 1206 4109 liber
1224 4055 1261 4108 xii
1284 4055 1381 4124 incipIt
1400 4056 1446 4110 xiii
1469 4056 1500 4120 V,
1524 4058 1637 4128 explicit
1658 4075 1694 4114 ex

307 4075 394 4180 crelin.
408 4125 463 4193 dig.
477 4140 526 4180 eeu
544 4124 626 4194 pand.
639 4125 686 4180 lib.
700 4126 738 4180 xii
756 4125 790 4181 de
806 4125 888 4180 rebus
900 4125 909 4180 i
921 4125 994 4196 incp.
1007 4140 1042 4180 ex
1054 4125 1141 4181 ordin.
1154 4126 1202 4180 xiii
1215 4125 1249 4180 de
1262 4125 1376 4181 robusti
1394 4128 1425 4191 L,
1444 4129 1557 4197 explicit
1574 4129 1643 4185 liber
1656 4131 1693 4186 xii

306 4197 341 4251 de
361 4195 443 4251 rebus
461 4197 565 4266 primns
584 4197 680 4266 Incipit
698 4197 736 4252 xii
754 4196 878 4252 libide
897 4196 979 4252 rebue
997 4197 1135 4253 secundun
1157 4197 1183 4250 U

253 4293 311 4341 onte
330 4289 345 4339 Ι.
357 4285 453 4340 XIIII
468 4285 549 4354 teupi.
562 4284 609 4340 lib.
623 4285 679 4340 xiii*
687 4288 716 4357 s.
725 4283 797 4349 211⁹,
814 4285 920 4354 *incipit
936 4285 982 4341 lib.
996 4287 1051 4341 xiu⁴
1061 4290 1088 4359 f
1102 4286 1154 4340 212
1167 4287 1192 4339 F.
1215 4285 1326 4355 explicit
1339 4300 1373 4339 ex
1386 4284 1481 4341 ordine
1493 4285 1549 4357 dig.
1562 4303 1613 4343 een
1626 4305 1695 4360 pan·

307 4357 379 4411 dect.
393 4356 461 4410 liber
478 4357 526 4410 xiii
542 4359 547 4422 Ι
563 4357 644 4425 incip.
657 4355 694 4412 lb.
708 4371 742 4411 ex
761 4356 855 4412 ordine
874 4357 1044 4426 digestorum
1056 4358 1113 4413 xiiii
1132 4355 1263 4412 derebus
1281 4357 1384 4412 tercino
1402 4357 1433 4422 P,
1452 4358 1603 4427 expliciunt
1621 4361 1696 4419 tituli

304 4427 368 4483 libri
386 4428 434 4482 xiii
452 4427 588 4496 incipIunt
606 4427 664 4482 xiiii
681 4430 832 4498 (sequuntur
843 4429 963 4482 rubricae
981 4431 996 4482 Ι.
1008 4429 1115 4494 XIIII)
1133 4429 1231 4498 explic.
1244 4426 1313 4482 liber
1324 4427 1371 4482 xiii
1382 4427 1466 4498 incip.
1479 4443 1513 4484 ex
1527 4429 1624 4486 ordine
1635 4433 1695 4504 dig.

307 4514 356 4553 eeu
368 4498 497 4568 pandect.
510 4499 566 4552 xiiii
582 4499 611 4563 V,
631 4498 799 4568 digestorum
813 4513 862 4553 eeu
874 4498 1071 4568 pandectarum
1085 4500 1183 4570 explic.
1198 4499 1245 4554 xiii
1259 4499 1294 4553 de
1306 4498 1388 4554 rebue
1407 4500 1425 4553 ii
1443 4500 1516 4570 lncp.
1529 4500 1575 4556 lib.
1590 4503 1648 4559 xiiii
1662 4505 1696 4568 L,

307 4570 420 4639 explicit
437 4568 506 4623 liber
524 4570 570 4624 xiii
588 4569 685 4639 incipit
702 4574 817 4638 quartae
835 4570 959 4625 deciman
982 4571 1008 4624 U

254 4665 312 4714 ante
330 4661 345 4711 t.
359 4657 420 4712 XV
435 4658 516 4727 teupi.
528 4657 575 4712 lib.
589 4659 635 4712 rin
652 4660 656 4724 Ι
672 4657 753 4728 incip.
766 4657 813 4712 lib.
828 4665 874 4712 xu⁴
887 4659 924 4711 Ρ
936 4661 974 4729 (s.
986 4657 1068 4726 221').
1088 4659 1184 4729 incipit
1196 4658 1241 4714 lib.
1258 4674 1295 4716 ιιι
1314 4659 1370 4730 dig.
1383 4675 1432 4715 een
1444 4660 1642 4730 pandectarum
1664 4664 1696 4728 Ρ,

309 4729 458 4802 expliciunt
480 4730 552 4785 tituli
576 4729 637 4786 libri
656 4729 733 4806 xuiiii
756 4729 890 4799 inpriunt
908 4745 945 4786 xu
969 4734 1117 4804 (repnentur
1134 4731 1253 4787 rubricm
1269 4731 1330 4786 tx
1335 4731 1370 4799 V)
1393 4731 1505 4802 explicit
1521 4731 1568 4790 lib.
1581 4735 1641 4792 xiiii
1659 4751 1697 4793 ex
