3510 5332
761 157 937 226 ιιιιιιιιι
978 113 983 124 ’

156 325 342 388 Basiicomm
364 331 458 402 capita
476 332 580 388 LatinIs
603 312 797 402 rerpcndentia
820 323 943 390 similiter
967 333 1112 390 citauImus
1129 335 1201 390 intra
1219 337 1355 392 cancellos
1373 338 1401 392 in
1426 339 1564 408 margine:

289 419 395 476 Graeca
406 421 498 476 nerslo
510 419 557 476 ubi
570 419 670 492 deicit,
690 421 829 492 adscripta
841 427 884 478 est
896 424 922 478 B
934 423 1025 478 littera
1035 423 1108 478 intra
1121 424 1298 494 parenthsses
1311 425 1443 496 rotundas
1455 427 1495 482 sic
1508 428 1564 495 (B).

105 546 161 606 III.
227 553 252 608 ln
267 553 320 610 imo
339 555 463 624 margine
480 558 562 610 notae
583 553 709 610 codicum
732 555 768 610 ad
792 555 913 626 singulas
930 556 1047 628 paginas
1071 555 1253 614 adhibitorum
1278 557 1432 629 adscriptae
1454 566 1518 616 sunt
1537 565 1566 616 et

225 643 295 712 plene
321 643 433 713 quidem
461 643 619 699 collatorum
648 649 739 714 erma,
765 660 820 700 non
848 645 927 714 plene
951 645 1110 700 collatorum
1136 646 1208 702 intra
1231 647 1409 718 parentheses
1433 649 1565 704 rotundas

224 734 256 799 (n.
267 749 294 802 p.
306 732 389 799 LIII).
417 733 445 787 in
457 731 598 789 codicibus
611 731 831 788 Bononiensibus
843 732 891 788 nbi
903 734 1013 804 propria
1023 733 1097 789 bona
1109 735 1184 790 nulla
1195 735 1285 792 inesse
1298 735 1452 808 credebam,
1471 753 1564 794 eorum

223 827 295 877 actm
317 823 346 878 in
369 821 469 878 Uetere
492 822 601 892 digesto
623 827 767 892 praeterea
790 823 989 893 circumscripsi
1012 824 1090 879 uncis
1115 824 1269 894 quadratis:
1292 826 1366 896 quod
1390 827 1487 883 uellem
1511 842 1566 883 non

222 908 314 967 iecisse
332 914 371 978 (ra
388 929 416 982 p.
430 911 555 978 LXXII).
733 913 734 918 ’

65 1047 157 1112 1111.
220 1043 248 1098 In
266 1044 443 1101 adnotatione
461 1045 564 1100 critica.

96 1185 166 1242 Β
236 1178 352 1234 Basrlica

98 1265 216 1333 BE
236 1267 412 1324 Basilicarum
430 1266 534 1323 scholia

579 1134 608 1190 in
620 1134 742 1190 t1-14.
753 1135 860 1190 20-60
872 1134 1022 1191 secundnm
1033 1135 1181 1193 editionem
1191 1134 1433 1193 Heimbachisnam
1445 1137 1565 1209 (Lipsiae

608 1224 803 1294 1833—1850),
821 1225 849 1280 in
866 1225 1162 1280 l.15—19secundum
1175 1225 1394 1296 supplementum
1408 1228 1476 1299 elus,
1491 1229 1565 1298 quod

607 1313 713 1370 curauit
731 1312 878 1370 Zachariae
897 1331 914 1368 a
931 1313 1094 1384 LIngenthal
1112 1314 1232 1384 (Lipsiae
1252 1315 1342 1382 1846).

103 1407 174 1466 G
237 1400 445 1458 Colladonianus
464 1401 560 1471 codex,
579 1399 661 1456 hodie
680 1417 757 1458 meus
774 1418 824 1472 per
842 1407 930 1458 totum
949 1401 1048 1458 librum
1067 1405 1105 1470 (ιι.
1118 1420 1145 1474 p.
1158 1402 1340 1468 XXXXVll).

108 1495 181 1556 G
237 1493 273 1558 (in
290 1498 378 1548 const.
389 1493 450 1547 Deo
468 1497 619 1547 certmst
638 1491 732 1560 Tanta)
751 1492 866 1548 tlasinas
885 1491 994 1548 Codicis
1012 1491 1155 1546 lastiniani
1174 1493 1212 1559 (ιι.
1225 1507 1253 1562 p.
1263 1491 1405 1560 XXXXl).

113 1587 191 1648 D
236 1581 416 1637 Berolinensis
433 1578 569 1636 lniortiati
587 1583 625 1646 (ιι.
638 1597 665 1651 p.
675 1580 718 1647 L).

119 1670 192 1734 Ε
238 1671 445 1741 bambergensis
463 1687 490 1726 n.
503 1670 539 1724 D.
552 1671 578 1725 l.
592 1671 626 1726 10
644 1667 779 1726 lniortiati
798 1673 836 1734 (u.
849 1686 876 1740 p.
887 1670 929 1736 L).

127 1761 191 1820 F
239 1759 413 1830 llorentInus,
432 1760 510 1815 utin
527 1757 580 1814 hoc
598 1757 666 1814 libro
685 1757 841 1829 significent
859 1759 940 1814 notae
959 1757 1011 1814 hae

270 1851 303 1904 Ρ·
336 1849 504 1920 primitiuam
522 1849 694 1919 scripturam,
712 1864 794 1918 quam
812 1853 910 1919 postea
928 1847 1041 1904 mutarit
1058 1862 1155 1903 manus
1174 1847 1279 1904 eadem.

270 1938 303 1992 Ρ
338 1937 558 1994 emendationem
576 1935 679 1993 librarii
697 1937 777 2008 primi
796 1939 833 2003 (ιι.
846 1954 874 2008 p.
883 1937 980 2004 LVII).

270 2029 304 2081 F'
336 2028 505 2098 prImitiuam
523 2027 694 2097 scripturam,
713 2042 795 2096 quam
814 2032 912 2097 postea
929 2025 1043 2082 mutarit
1060 2041 1158 2082 manus
1176 2025 1305 2082 secunda.

272 2117 306 2170 Ρ
340 2116 558 2173 emendationem
578 2115 762 2172 emendatoris
781 2116 909 2171 ordinarii
929 2119 966 2184 (ιι.
981 2133 1008 2186 p.
1018 2115 1161 2173 XXXVII.
1174 2117 1271 2184 LVII).

272 2205 305 2259 F⁸
338 2205 558 2262 emendationem
576 2204 727 2275 prolectam
747 2204 783 2262 ab
802 2207 914 2277 antiquo
932 2205 1043 2276 quidam
1056 2219 1145 2276 neque
1157 2211 1249 2261 umen
1261 2203 1398 2262 ordinario
1411 2209 1564 2260 correctore

375 2297 413 2364 (ιι.
425 2311 453 2364 p.
462 2295 606 2352 XXXVII.
619 2295 715 2363 LVII).

261 2387 286 2455 s
337 2379 558 2440 emendationem
577 2385 677 2440 aetatis
695 2384 861 2454 recentioris,
880 2383 909 2439 id
927 2389 970 2439 est
987 2383 1170 2440 Bononiensis
1188 2385 1226 2449 (ιι.
1238 2400 1266 2453 p.
1275 2382 1443 2450 XXXVIII).

270 2474 316 2526 f..
337 2473 487 2532 Florentini
505 2473 567 2530 libri
584 2475 743 2543 lectionem,
766 2472 854 2542 qualis
871 2470 924 2527 luit
941 2477 1089 2542 antequam
1108 2471 1299 2528 emendaretur
1317 2487 1335 2527 a
1351 2487 1435 2527 manu
1453 2471 1566 2543 antiqua

373 2563 487 2633 incerta,
506 2563 566 2619 siue
584 2579 619 2619 ea
635 2563 715 2634 primi
734 2561 836 2616 librarii
854 2560 906 2616 luit
924 2562 983 2617 siue
1001 2561 1186 2617 emendatoris
1205 2561 1318 2631 antiqui.

272 2653 320 2706 F‘·
340 2652 491 2708 florentini
509 2651 570 2708 llbri
588 2653 732 2708 lectionem
750 2651 922 2708 emendatam
943 2667 1061 2708 amana
1080 2652 1193 2722 antiqua
1210 2651 1322 2706 Incerta.

273 2740 302 2756 ‘¹
341 2741 369 2797 in
387 2741 429 2812 iis,
448 2757 519 2811 quae
538 2741 688 2798 afferuntur
705 2756 740 2796 ex
758 2741 915 2796 Florentino
933 2740 1010 2810 libro,
1028 2742 1134 2796 litteras
1152 2739 1387 2812 comprehendunt
1403 2746 1501 2810 postca
1518 2740 1567 2797 de·

376 2831 460 2900 letas,
483 2831 589 2886 scilicet
611 2830 659 2886 ubi
681 2829 805 2900 sequitur
823 2830 869 2899 IV,
892 2845 909 2884 a
932 2845 1014 2885 manu
1037 2829 1139 2900 prima,
1163 2829 1211 2884 ubi
1234 2830 1357 2899 sequItur
1375 2829 1421 2898 F’,
1445 2845 1462 2884 a
1482 2845 1565 2886 manu

376 2920 511 2991 secunda,
535 2919 582 2976 ubi
600 2921 725 2990 aequItur
744 2921 769 2973 F
781 2919 900 2989 nudum,
925 2935 942 2973 a
965 2935 1048 2974 mana
1071 2919 1184 2989 antiqua
1201 2919 1314 2974 ineerta
1347 2919 1465 2988 exempli
1483 2934 1567 2974 causa

375 3007 474 3081 po'te’st
485 3007 521 3063 F‘
539 3009 644 3064 indicat
660 3009 763 3066 codicis
780 3007 920 3064 librarium
939 3009 1082 3079 scripsisse
1099 3015 1189 3080 potest,
1207 3008 1297 3079 ipsum
1316 3007 1478 3064 emendasse
1494 3016 1567 3080 post:

376 3097 475 3170 pc‘te’st
492 3099 530 3153 F’
546 3097 686 3155 llbrarium
705 3099 808 3174 codicis
826 3100 1076 3170 scripsisse-potest,
1094 3097 1299 3153 emendatorem
1318 3096 1484 3152 ordinariam
1503 3096 1567 3152 inde

377 3185 477 3243 iecisse
493 3196 565 3260 post:
582 3187 682 3261 po'te'st
696 3191 721 3242 F
732 3188 871 3245 librarium
890 3189 1034 3261 scripsisse
1049 3195 1141 3260 potest,
1160 3191 1209 3243 aut
1226 3187 1315 3258 ipsum
1336 3190 1385 3242 aut
1402 3186 1485 3242 alium
1503 3185 1567 3241 iude

377 3275 477 3333 secisse
493 3285 560 3349 post.

273 3371 307 3396 *⁴
341 3366 370 3421 in
394 3367 428 3422 iis
452 3381 523 3437 quae
547 3367 698 3422 metuntur
721 3382 756 3422 ex
780 3367 936 3423 Florentino
958 3365 1028 3422 libro
1055 3366 1179 3422 slmiliter
1202 3367 1308 3421 lilteras
1335 3363 1568 3436 comprehendunt

378 3461 476 3527 postea
493 3455 616 3512 adiectas
633 3457 693 3512 siue
711 3473 729 3512 a
747 3473 829 3512 manu
846 3457 1013 3526 primasius
1031 3471 1048 3511 a
1066 3472 1150 3512 manu
1167 3453 1290 3511 secunda
1308 3454 1367 3511 siue
1385 3471 1402 3510 a
1420 3469 1502 3510 manu
1520 3469 1567 3509 an·

377 3544 456 3614 tioua
472 3545 585 3616 incerta,
603 3551 686 3618 prout
703 3548 826 3617 sequitur
844 3553 893 3603 aut
911 3546 947 3600 F*
964 3550 1014 3603 aut
1033 3546 1071 3600 F’
1089 3551 1138 3602 aut
1156 3545 1307 3600 Fnudum.

150 3607 184 3668 9
235 3632 448 3708 aromaticorum
467 3639 608 3691 auctorum
627 3651 662 3692 cx
680 3635 848 3706 digestorum
867 3636 924 3691 l.X
943 3641 1074 3708 excerpta
1093 3638 1130 3704 (u.
1142 3652 1170 3706 p.
1180 3634 1323 3702 XXXXl).

148 3699 175 3754 Ι
236 3720 450 3792 emtsrgsnsa
468 3725 556 3780 sonex
574 3743 601 3780 n.
613 3725 648 3782 n.
661 3727 683 3780 1.
698 3727 732 3781 ιι
750 3725 886 3782 infortiari
903 3728 941 3792 (u.
954 3743 981 3798 p.
992 3727 1048 3796 nr).

150 3787 193 3852 R
237 3809 472 3882 cmaoegrsnsrs
491 3813 626 3886 insamae
644 3818 682 3883 (u.
694 3815 941 3886 pxxxxvnrr).

152 3879 184 3940 L
233 3899 386 3970 asprenas
404 3901 933 3975 Digestiusteris(u.p.xxxxv111).

155 3972 201 4036 Μ
237 3987 450 4060 Bambergensis
468 3991 576 4062 Digesti
594 3994 658 4049 noui
677 3995 716 4062 (ιι.
728 4011 756 4064 p.
766 3994 835 4060 LII).

156 4063 199 4124 Ν
235 4077 418 4148 Neapolitana
435 4077 591 4150 fragmenta
608 4081 777 4152 digestorum
796 4083 814 4136 l.
828 4082 855 4136 X
873 4085 911 4149 (u.
923 4099 951 4152 p.
961 4080 1078 4136 XXXX.
1091 4078 1242 4147 LXXXX).

159 4156 187 4212 0
235 4167 472 4237 Regiomontanus
489 4171 577 4226 codex
595 4171 703 4242 Digesti
721 4172 786 4228 noui
804 4173 842 4238 (ιι.
854 4188 881 4242 p.
892 4171 962 4239 Lll).

163 4247 189 4301 0
236 4255 276 4322 (in
303 4261 392 4312 const.
412 4259 473 4314 Deo
497 4265 652 4316 auctorest
678 4261 771 4328 Tama)
795 4260 980 4316 Berolinensis
1003 4256 1201 4314 tattaeus
1224 4255 1333 4312 Codicis
1357 4255 1500 4312 lusliuiani
1524 4258 1566 4324 (ιι.

169 4427 196 4480 Ρ
238 4433 378 4490 Parisinus
397 4451 423 4490 a.
435 4435 507 4491 4450
524 4436 632 4508 Digesti
651 4439 754 4494 ueteris
773 4440 810 4506 (u.
823 4453 850 4508 p.
860 4437 1056 4502 XXXXVlli).

173 4517 197 4586 Q
238 4522 377 4579 Parisinus
396 4524 764 4595 nt454parris1ntortisti
782 4543 844 4583 cam
862 4531 940 4598 perte
957 4524 1065 4595 Digesti
1083 4523 1148 4579 noui
1166 4526 1204 4592 (ιι.
1217 4541 1244 4594 p.
1253 4524 1309 4591 Ll).

177 4605 198 4674 Q
239 4611 282 4680 (in
304 4616 393 4668 const.
411 4613 472 4668 Deo
496 4595 600 4671 cncede
623 4619 652 4671 et
676 4616 775 4686 Tanta)
800 4615 983 4673 Berolinensis
1006 4615 1067 4670 Lat.
1086 4611 1203 4669 101275
1226 4611 1335 4668 Codicis
1358 4611 1500 4668 Iustiniani
1524 4615 1566 4681 (ιι.

180 4783 200 4838 R
240 4789 425 4847 Berolinensis
443 4791 612 4862 digestorum
630 4795 716 4864 partis
734 4794 778 4849 l.l
797 4795 834 4860 (u.
847 4809 874 4862 p.
884 4791 1026 4858 XXXXI).

182 4873 198 4928 8
239 4879 276 4946 (in
293 4885 383 4936 const.
396 4881 456 4935 Deo
474 4889 577 4937 auctore
595 4886 624 4937 et
638 4883 732 4951 lbnta)
750 4887 879 4951 quattuor
893 4881 1002 4937 Codicis
1021 4879 1163 4936 lastiniani
1181 4878 1242 4934 libri
1256 4877 1567 4944 OOQTconsentientcs

293 4971 331 5036 (ιι.
344 4985 373 5040 p.
384 4969 524 5037 XXXXI).
