<?xml version="1.0" encoding="UTF-8"?>
<!DOCTYPE html PUBLIC "-//W3C//DTD XHTML 1.0 Transitional//EN"
    "http://www.w3.org/TR/xhtml1/DTD/xhtml1-transitional.dtd">
<html xmlns="http://www.w3.org/1999/xhtml" xml:lang="en" lang="en">
 <head>
  <title>
</title>
<meta http-equiv="Content-Type" content="text/html;charset=utf-8" />
  <meta name='ocr-system' content='tesseract 3.04.00' />
  <meta name='ocr-capabilities' content='ocr_page ocr_carea ocr_par ocr_line ocrx_word'/>
</head>
<body>
  <div class='ocr_page' id='page_1' title='image "./digestaiustinia01kruegoog/digestaiustinia01kruegoog_0597.png"; bbox 0 0 3674 5362; ppageno 0'>
   <div class='ocr_carea' id='block_1_1' title="bbox 255 163 1694 254">
    <p class='ocr_par' dir='ltr' id='par_1_1' title="bbox 255 163 1694 274">
     <span class='ocr_line' id='line_1_1' title="bbox 255 163 1694 254; baseline -0.001 -8"><span class='ocrx_word' id='word_1_1' title='bbox 255 179 314 246; x_wconf 82' lang='lat' dir='ltr'>XV</span> <span class='ocrx_word' id='word_1_2' title='bbox 337 181 353 246; x_wconf 94' lang='lat'>1</span> <span class='ocrx_word' id='word_1_3' title='bbox 377 187 492 241; x_wconf 76' lang='lat' dir='ltr'>nr-ss</span> <span class='ocrx_word' id='word_1_4' title='bbox 773 163 779 175; x_wconf 84' lang='grc'><em>“</em></span> <span class='ocrx_word' id='word_1_5' title='bbox 927 175 1018 254; x_wconf 90' lang='grc'>444</span> <span class='ocrx_word' id='word_1_6' title='bbox 1315 191 1316 194; x_wconf 54' lang='lat'>‘</span> <span class='ocrx_word' id='word_1_7' title='bbox 1556 225 1557 228; x_wconf 12' lang='grc' dir='ltr'><strong><em>κ</em></strong></span> <span class='ocrx_word' id='word_1_8' title='bbox 1647 197 1694 244; x_wconf 80' lang='lat' dir='ltr'>ns</span> 
     </span>
    </p>
   </div>
   <div class='ocr_carea' id='block_1_2' title="bbox 256 335 1695 494">
    <p class='ocr_par' dir='ltr' id='par_1_2' title="bbox 256 295 1695 494">
     <span class='ocr_line' id='line_1_2' title="bbox 256 335 1694 408; baseline -0.001 -16"><span class='ocrx_word' id='word_1_9' title='bbox 256 336 315 393; x_wconf 89' lang='lat' dir='ltr'>beri</span> <span class='ocrx_word' id='word_1_10' title='bbox 334 336 428 407; x_wconf 90' lang='lat' dir='ltr'>dehet,</span> <span class='ocrx_word' id='word_1_11' title='bbox 454 337 527 408; x_wconf 90' lang='lat' dir='ltr'>qnod</span> <span class='ocrx_word' id='word_1_12' title='bbox 545 337 620 408; x_wconf 89' lang='lat' dir='ltr'>apud</span> <span class='ocrx_word' id='word_1_13' title='bbox 638 353 701 393; x_wconf 90' lang='lat' dir='ltr'>eum</span> <span class='ocrx_word' id='word_1_14' title='bbox 719 353 782 393; x_wconf 90' lang='lat' dir='ltr'>cum</span> <span class='ocrx_word' id='word_1_15' title='bbox 801 353 856 407; x_wconf 88' lang='lat' dir='ltr'>quo</span> <span class='ocrx_word' id='word_1_16' title='bbox 874 337 965 407; x_wconf 81' lang='lat' dir='ltr'>agitur</span> <span class='ocrx_word' id='word_1_17' title='bbox 982 337 1006 392; x_wconf 91' lang='lat' dir='ltr'>is</span> <span class='ocrx_word' id='word_1_18' title='bbox 1024 351 1121 392; x_wconf 89' lang='lat' dir='ltr'>seruus</span> <span class='ocrx_word' id='word_1_19' title='bbox 1138 335 1265 407; x_wconf 86' lang='lat' dir='ltr'>haberet,</span> <span class='ocrx_word' id='word_1_20' title='bbox 1285 335 1335 392; x_wconf 91' lang='lat' dir='ltr'>sed</span> <span class='ocrx_word' id='word_1_21' title='bbox 1352 339 1381 392; x_wconf 91' lang='lat' dir='ltr'>et</span> <span class='ocrx_word' id='word_1_22' title='bbox 1399 335 1458 391; x_wconf 84' lang='grc' dir='ltr'><strong>ιίιιι</strong></span> <span class='ocrx_word' id='word_1_23' title='bbox 1476 335 1550 405; x_wconf 87' lang='lat' dir='ltr'>quod</span> <span class='ocrx_word' id='word_1_24' title='bbox 1568 335 1640 407; x_wconf 82' lang='lat' dir='ltr'>apud</span> <span class='ocrx_word' id='word_1_25' title='bbox 1656 335 1694 390; x_wconf 88' lang='lat' dir='ltr'>al·</span> 
     </span>
     <span class='ocr_line' id='line_1_3' title="bbox 256 424 1695 494; baseline -0.003 -12"><span class='ocrx_word' id='word_1_26' title='bbox 256 431 353 482; x_wconf 84' lang='lat' dir='ltr'>terum.</span> <span class='ocrx_word' id='word_1_27' title='bbox 387 441 437 481; x_wconf 89' lang='lat' dir='ltr'>nec</span> <span class='ocrx_word' id='word_1_28' title='bbox 462 431 554 481; x_wconf 82' lang='lat' dir='ltr'>tamen</span> <span class='ocrx_word' id='word_1_29' title='bbox 577 441 621 482; x_wconf 87' lang='lat' dir='ltr'>ree</span> <span class='ocrx_word' id='word_1_30' title='bbox 644 425 778 482; x_wconf 85' lang='lat' dir='ltr'>damnosa</span> <span class='ocrx_word' id='word_1_31' title='bbox 800 424 893 481; x_wconf 80' lang='lat' dir='ltr'>sutura</span> <span class='ocrx_word' id='word_1_32' title='bbox 916 431 959 480; x_wconf 88' lang='lat' dir='ltr'>est</span> <span class='ocrx_word' id='word_1_33' title='bbox 982 426 1007 480; x_wconf 94' lang='lat' dir='ltr'>ei</span> <span class='ocrx_word' id='word_1_34' title='bbox 1030 427 1077 494; x_wconf 90' lang='lat' dir='ltr'>qni</span> <span class='ocrx_word' id='word_1_35' title='bbox 1099 425 1308 494; x_wconf 86' lang='lat' dir='ltr'>condemnatur,</span> <span class='ocrx_word' id='word_1_36' title='bbox 1333 440 1395 480; x_wconf 90' lang='lat' dir='ltr'>cnm</span> <span class='ocrx_word' id='word_1_37' title='bbox 1417 425 1507 494; x_wconf 90' lang='lat' dir='ltr'>possit</span> <span class='ocrx_word' id='word_1_38' title='bbox 1523 439 1617 479; x_wconf 90' lang='lat' dir='ltr'>rursus</span> <span class='ocrx_word' id='word_1_39' title='bbox 1635 424 1695 493; x_wconf 91' lang='lat' dir='ltr'>ipss</span> 
     </span>
    </p>
   </div>
   <div class='ocr_carea' id='block_1_3' title="bbox 94 601 1797 4046">
    <p class='ocr_par' dir='ltr' id='par_1_3' title="bbox 200 601 1797 3512">
     <span class='ocr_line' id='line_1_4' title="bbox 256 601 1792 674; baseline 0.001 -16"><span class='ocrx_word' id='word_1_40' title='bbox 256 604 328 658; x_wconf 86' lang='lat' dir='ltr'>uerit</span> <span class='ocrx_word' id='word_1_41' title='bbox 345 619 362 658; x_wconf 86' lang='lat' dir='ltr'>a</span> <span class='ocrx_word' id='word_1_42' title='bbox 380 603 455 658; x_wconf 91' lang='lat' dir='ltr'>socio</span> <span class='ocrx_word' id='word_1_43' title='bbox 473 603 590 658; x_wconf 88' lang='lat' dir='ltr'>sociisue</span> <span class='ocrx_word' id='word_1_44' title='bbox 607 611 662 657; x_wconf 80' lang='grc' dir='ltr'><strong>ιιιι</strong></span> <span class='ocrx_word' id='word_1_45' title='bbox 680 604 819 673; x_wconf 80' lang='lat' dir='ltr'>consequi.</span> <span class='ocrx_word' id='word_1_46' title='bbox 847 603 921 674; x_wconf 93' lang='lat' dir='ltr'>quod</span> <span class='ocrx_word' id='word_1_47' title='bbox 939 603 1060 658; x_wconf 87' lang='lat' dir='ltr'>Iulianus</span> <span class='ocrx_word' id='word_1_48' title='bbox 1077 605 1118 658; x_wconf 87' lang='lat' dir='ltr'>ita</span> <span class='ocrx_word' id='word_1_49' title='bbox 1134 604 1224 659; x_wconf 87' lang='lat' dir='ltr'>locum</span> <span class='ocrx_word' id='word_1_50' title='bbox 1245 603 1255 673; x_wconf 92' lang='grc'><strong>]</strong></span> <span class='ocrx_word' id='word_1_51' title='bbox 1273 601 1373 657; x_wconf 88' lang='lat' dir='ltr'>hahere</span> <span class='ocrx_word' id='word_1_52' title='bbox 1392 603 1438 671; x_wconf 88' lang='lat' dir='ltr'>ait,</span> <span class='ocrx_word' id='word_1_53' title='bbox 1457 603 1481 656; x_wconf 94' lang='lat' dir='ltr'>si</span> <span class='ocrx_word' id='word_1_54' title='bbox 1493 602 1567 671; x_wconf 80' lang='lat' dir='ltr'>apud</span> <span class='ocrx_word' id='word_1_55' title='bbox 1579 602 1694 656; x_wconf 87' lang='lat' dir='ltr'>alterum</span> <span class='ocrx_word' id='word_1_56' title='bbox 1713 607 1792 660; x_wconf 66' lang='lat' dir='ltr'>tow</span> 
     </span>
     <span class='ocr_line' id='line_1_5' title="bbox 257 689 1727 762; baseline 0.001 -17"><span class='ocrx_word' id='word_1_57' title='bbox 257 706 365 762; x_wconf 91' lang='lat' dir='ltr'>quoque</span> <span class='ocrx_word' id='word_1_58' title='bbox 387 689 439 746; x_wconf 86' lang='lat' dir='ltr'>fuit</span> <span class='ocrx_word' id='word_1_59' title='bbox 461 692 612 761; x_wconf 85' lang='lat' dir='ltr'>peculium,</span> <span class='ocrx_word' id='word_1_60' title='bbox 636 692 700 762; x_wconf 88' lang='lat' dir='ltr'>quia</span> <span class='ocrx_word' id='word_1_61' title='bbox 724 707 757 747; x_wconf 90' lang='lat' dir='ltr'>eo</span> <span class='ocrx_word' id='word_1_62' title='bbox 781 707 847 746; x_wconf 89' lang='lat' dir='ltr'>casu</span> <span class='ocrx_word' id='word_1_63' title='bbox 871 691 1004 748; x_wconf 88' lang='lat' dir='ltr'>soluendo</span> <span class='ocrx_word' id='word_1_64' title='bbox 1027 693 1143 762; x_wconf 88' lang='lat' dir='ltr'>quisque</span> <span class='ocrx_word' id='word_1_65' title='bbox 1167 693 1249 747; x_wconf 88' lang='lat' dir='ltr'>etism</span> <span class='ocrx_word' id='word_1_66' title='bbox 1268 693 1373 747; x_wconf 89' lang='lat' dir='ltr'>socium</span> <span class='ocrx_word' id='word_1_67' title='bbox 1391 706 1455 747; x_wconf 83' lang='lat' dir='ltr'>aere</span> <span class='ocrx_word' id='word_1_68' title='bbox 1473 691 1561 746; x_wconf 81' lang='lat' dir='ltr'>alieno</span> <span class='ocrx_word' id='word_1_69' title='bbox 1579 689 1727 746; x_wconf 80' lang='lat' dir='ltr'>liberares</span> 
     </span>
     <span class='ocr_line' id='line_1_6' title="bbox 256 778 1797 852; baseline -0.001 -18"><span class='ocrx_word' id='word_1_70' title='bbox 256 780 378 835; x_wconf 87' lang='lat' dir='ltr'>uidetur:</span> <span class='ocrx_word' id='word_1_71' title='bbox 398 780 468 834; x_wconf 89' lang='lat' dir='ltr'>atsi</span> <span class='ocrx_word' id='word_1_72' title='bbox 486 780 588 835; x_wconf 90' lang='lat' dir='ltr'>nulium</span> <span class='ocrx_word' id='word_1_73' title='bbox 607 781 643 834; x_wconf 88' lang='lat' dir='ltr'>sit</span> <span class='ocrx_word' id='word_1_74' title='bbox 660 779 735 852; x_wconf 89' lang='lat' dir='ltr'>apud</span> <span class='ocrx_word' id='word_1_75' title='bbox 753 782 867 836; x_wconf 84' lang='lat' dir='ltr'>alterum</span> <span class='ocrx_word' id='word_1_76' title='bbox 886 782 1032 851; x_wconf 89' lang='lat' dir='ltr'>peculium,</span> <span class='ocrx_word' id='word_1_77' title='bbox 1054 786 1150 836; x_wconf 79' lang='lat' dir='ltr'>conus</span> <span class='ocrx_word' id='word_1_78' title='bbox 1166 795 1237 849; x_wconf 87' lang='lat' dir='ltr'>esse,</span> <span class='ocrx_word' id='word_1_79' title='bbox 1255 781 1320 850; x_wconf 90' lang='lat' dir='ltr'>quia</span> <span class='ocrx_word' id='word_1_80' title='bbox 1337 795 1389 836; x_wconf 88' lang='lat' dir='ltr'>nec</span> <span class='ocrx_word' id='word_1_81' title='bbox 1406 779 1522 835; x_wconf 89' lang='lat' dir='ltr'>liberare</span> <span class='ocrx_word' id='word_1_82' title='bbox 1539 779 1594 834; x_wconf 88' lang='lat' dir='ltr'>ulio</span> <span class='ocrx_word' id='word_1_83' title='bbox 1613 778 1696 834; x_wconf 87' lang='lat' dir='ltr'>modo</span> <span class='ocrx_word' id='word_1_84' title='bbox 1785 823 1797 832; x_wconf 80' lang='grc'><strong><em>,</em></strong></span> 
     </span>
     <span class='ocr_line' id='line_1_7' title="bbox 256 869 1317 938; baseline 0 -14"><span class='ocrx_word' id='word_1_85' title='bbox 256 883 320 925; x_wconf 90' lang='lat' dir='ltr'>acre</span> <span class='ocrx_word' id='word_1_86' title='bbox 338 869 426 924; x_wconf 88' lang='lat' dir='ltr'>slieno</span> <span class='ocrx_word' id='word_1_87' title='bbox 443 883 508 924; x_wconf 91' lang='lat' dir='ltr'>eum</span> <span class='ocrx_word' id='word_1_88' title='bbox 525 869 699 938; x_wconf 77' lang='lat' dir='ltr'>intellegitur.</span> <span class='ocrx_word' id='word_1_89' title='bbox 737 897 739 901; x_wconf 66' lang='lat'>,</span> <span class='ocrx_word' id='word_1_90' title='bbox 1316 889 1317 892; x_wconf 42' lang='lat'>¹</span> 
     </span>
     <span class='ocr_line' id='line_1_8' title="bbox 200 951 1748 1041; baseline -0.003 -25"><span class='ocrx_word' id='word_1_91' title='bbox 200 957 239 1017; x_wconf 80' lang='lat'>28</span> <span class='ocrx_word' id='word_1_92' title='bbox 312 958 455 1013; x_wconf 78' lang='lat' dir='ltr'>iunmnus</span> <span class='ocrx_word' id='word_1_93' title='bbox 472 956 541 1013; x_wconf 89' lang='lat' dir='ltr'>libro</span> <span class='ocrx_word' id='word_1_94' title='bbox 560 957 721 1013; x_wconf 89' lang='lat' dir='ltr'>duodecimo</span> <span class='ocrx_word' id='word_1_95' title='bbox 740 958 918 1028; x_wconf 79' lang='lat' dir='ltr'>digestorum.</span> <span class='ocrx_word' id='word_1_96' title='bbox 947 957 1036 1024; x_wconf 81' lang='lat' dir='ltr'>Quare</span> <span class='ocrx_word' id='word_1_97' title='bbox 1055 964 1083 1013; x_wconf 92' lang='lat' dir='ltr'>et</span> <span class='ocrx_word' id='word_1_98' title='bbox 1098 959 1121 1013; x_wconf 85' lang='lat' dir='ltr'>ri</span> <span class='ocrx_word' id='word_1_99' title='bbox 1133 959 1208 1014; x_wconf 87' lang='lat' dir='ltr'>socio</span> <span class='ocrx_word' id='word_1_100' title='bbox 1219 972 1309 1028; x_wconf 87' lang='lat' dir='ltr'>neque</span> <span class='ocrx_word' id='word_1_101' title='bbox 1321 957 1402 1014; x_wconf 91' lang='lat' dir='ltr'>heres</span> <span class='ocrx_word' id='word_1_102' title='bbox 1413 971 1502 1028; x_wconf 89' lang='lat' dir='ltr'>neque</span> <span class='ocrx_word' id='word_1_103' title='bbox 1521 951 1696 1041; x_wconf 61' lang='lat' dir='ltr'><em>Q</em></span> <span class='ocrx_word' id='word_1_104' title='bbox 1715 966 1748 1020; x_wconf 82' lang='lat' dir='ltr'>s·</span> 
     </span>
     <span class='ocr_line' id='line_1_9' title="bbox 257 1045 1696 1117; baseline -0.002 -14"><span class='ocrx_word' id='word_1_105' title='bbox 257 1047 391 1103; x_wconf 89' lang='lat' dir='ltr'>bonorum</span> <span class='ocrx_word' id='word_1_106' title='bbox 411 1061 555 1116; x_wconf 77' lang='lat' dir='ltr'>possessor</span> <span class='ocrx_word' id='word_1_107' title='bbox 573 1048 736 1117; x_wconf 77' lang='lat' dir='ltr'>exstitisset,</span> <span class='ocrx_word' id='word_1_108' title='bbox 760 1053 874 1102; x_wconf 88' lang='lat' dir='ltr'>eatenus</span> <span class='ocrx_word' id='word_1_109' title='bbox 893 1047 1016 1102; x_wconf 91' lang='lat' dir='ltr'>damnari</span> <span class='ocrx_word' id='word_1_110' title='bbox 1034 1046 1117 1102; x_wconf 91' lang='lat' dir='ltr'>debet</span> <span class='ocrx_word' id='word_1_111' title='bbox 1133 1047 1157 1101; x_wconf 94' lang='lat' dir='ltr'>is</span> <span class='ocrx_word' id='word_1_112' title='bbox 1176 1063 1238 1102; x_wconf 91' lang='lat' dir='ltr'>cum</span> <span class='ocrx_word' id='word_1_113' title='bbox 1257 1062 1311 1117; x_wconf 86' lang='lat' dir='ltr'>quo</span> <span class='ocrx_word' id='word_1_114' title='bbox 1330 1051 1421 1102; x_wconf 74' lang='lat' dir='ltr'>achim</span> <span class='ocrx_word' id='word_1_115' title='bbox 1439 1045 1534 1116; x_wconf 82' lang='lat' dir='ltr'>inerit,</span> <span class='ocrx_word' id='word_1_116' title='bbox 1559 1049 1696 1116; x_wconf 84' lang='lat' dir='ltr'>quatenus</span> 
     </span>
     <span class='ocr_line' id='line_1_10' title="bbox 256 1135 1743 1206; baseline -0.001 -15"><span class='ocrx_word' id='word_1_117' title='bbox 256 1137 392 1206; x_wconf 89' lang='lat' dir='ltr'>peculium</span> <span class='ocrx_word' id='word_1_118' title='bbox 412 1135 484 1204; x_wconf 89' lang='lat' dir='ltr'>apud</span> <span class='ocrx_word' id='word_1_119' title='bbox 503 1150 566 1189; x_wconf 90' lang='lat' dir='ltr'>eum</span> <span class='ocrx_word' id='word_1_120' title='bbox 584 1136 636 1190; x_wconf 87' lang='lat' dir='ltr'>erit</span> <span class='ocrx_word' id='word_1_121' title='bbox 654 1140 683 1190; x_wconf 88' lang='lat' dir='ltr'>et</span> <span class='ocrx_word' id='word_1_122' title='bbox 695 1141 833 1205; x_wconf 51' lang='lat' dir='ltr'>¹quantum</span> <span class='ocrx_word' id='word_1_123' title='bbox 852 1151 887 1191; x_wconf 89' lang='lat' dir='ltr'>sx</span> <span class='ocrx_word' id='word_1_124' title='bbox 905 1135 985 1192; x_wconf 92' lang='lat' dir='ltr'>bonis</span> <span class='ocrx_word' id='word_1_125' title='bbox 1002 1135 1133 1206; x_wconf 74' lang='lat' dir='ltr'><strong>consequi</strong></span> <span class='ocrx_word' id='word_1_126' title='bbox 1150 1140 1252 1205; x_wconf 91' lang='lat' dir='ltr'>potest.</span> <span class='ocrx_word' id='word_1_127' title='bbox 1715 1149 1743 1190; x_wconf 86' lang='grc' dir='ltr'>ιι</span> 
     </span>
     <span class='ocr_line' id='line_1_11' title="bbox 200 1219 1735 1308; baseline 0.001 -30"><span class='ocrx_word' id='word_1_128' title='bbox 200 1225 238 1284; x_wconf 78' lang='grc'>29</span> <span class='ocrx_word' id='word_1_129' title='bbox 310 1223 403 1279; x_wconf 69' lang='lat' dir='ltr'>Gerus</span> <span class='ocrx_word' id='word_1_130' title='bbox 426 1223 495 1279; x_wconf 92' lang='lat' dir='ltr'>libro</span> <span class='ocrx_word' id='word_1_131' title='bbox 517 1239 588 1279; x_wconf 94' lang='lat' dir='ltr'>nono</span> <span class='ocrx_word' id='word_1_132' title='bbox 608 1224 644 1279; x_wconf 93' lang='lat' dir='ltr'>ad</span> <span class='ocrx_word' id='word_1_133' title='bbox 662 1225 781 1279; x_wconf 89' lang='lat' dir='ltr'>edictum</span> <span class='ocrx_word' id='word_1_134' title='bbox 800 1225 975 1294; x_wconf 89' lang='lat' dir='ltr'>prouinciale.</span> <span class='ocrx_word' id='word_1_135' title='bbox 1013 1224 1042 1280; x_wconf 85' lang='lat' dir='ltr'>si</span> <span class='ocrx_word' id='word_1_136' title='bbox 1060 1225 1121 1294; x_wconf 90' lang='lat' dir='ltr'>quis</span> <span class='ocrx_word' id='word_1_137' title='bbox 1140 1239 1250 1279; x_wconf 89' lang='lat' dir='ltr'>seruum</span> <span class='ocrx_word' id='word_1_138' title='bbox 1268 1229 1434 1280; x_wconf 80' lang='lat' dir='ltr'>testamento</span> <span class='ocrx_word' id='word_1_139' title='bbox 1452 1224 1517 1280; x_wconf 90' lang='lat' dir='ltr'>libe·</span> <span class='ocrx_word' id='word_1_140' title='bbox 1536 1219 1695 1308; x_wconf 59' lang='lat' dir='ltr'>[Q</span> <span class='ocrx_word' id='word_1_141' title='bbox 1714 1232 1735 1286; x_wconf 82' lang='lat' dir='ltr'><em>S</em></span> 
     </span>
     <span class='ocr_line' id='line_1_12' title="bbox 256 1311 1695 1384; baseline 0.001 -17"><span class='ocrx_word' id='word_1_142' title='bbox 256 1329 316 1368; x_wconf 92' lang='lat' dir='ltr'>rum</span> <span class='ocrx_word' id='word_1_143' title='bbox 335 1327 396 1367; x_wconf 91' lang='lat' dir='ltr'>esse</span> <span class='ocrx_word' id='word_1_144' title='bbox 414 1311 524 1368; x_wconf 88' lang='lat' dir='ltr'>iusserit</span> <span class='ocrx_word' id='word_1_145' title='bbox 540 1313 642 1368; x_wconf 90' lang='lat' dir='ltr'>relictis</span> <span class='ocrx_word' id='word_1_146' title='bbox 660 1313 806 1368; x_wconf 88' lang='lat' dir='ltr'>heredibus</span> <span class='ocrx_word' id='word_1_147' title='bbox 823 1313 880 1384; x_wconf 89' lang='lat' dir='ltr'>his,</span> <span class='ocrx_word' id='word_1_148' title='bbox 905 1313 952 1383; x_wconf 91' lang='lat' dir='ltr'>qui</span> <span class='ocrx_word' id='word_1_149' title='bbox 970 1328 1032 1368; x_wconf 88' lang='lat' dir='ltr'>eum</span> <span class='ocrx_word' id='word_1_150' title='bbox 1051 1327 1131 1368; x_wconf 86' lang='lat' dir='ltr'>uerno</span> <span class='ocrx_word' id='word_1_151' title='bbox 1150 1317 1357 1383; x_wconf 87' lang='lat' dir='ltr'>contraxerunt,</span> <span class='ocrx_word' id='word_1_152' title='bbox 1380 1317 1497 1384; x_wconf 75' lang='lat' dir='ltr'>possunt</span> <span class='ocrx_word' id='word_1_153' title='bbox 1513 1315 1584 1368; x_wconf 84' lang='lat' dir='ltr'>inter</span> <span class='ocrx_word' id='word_1_154' title='bbox 1601 1329 1632 1368; x_wconf 92' lang='grc' dir='ltr'>ιι</span> <span class='ocrx_word' id='word_1_155' title='bbox 1651 1329 1695 1369; x_wconf 94' lang='lat' dir='ltr'>co-</span> 
     </span>
     <span class='ocr_line' id='line_1_13' title="bbox 256 1401 1697 1472; baseline 0.001 -16"><span class='ocrx_word' id='word_1_156' title='bbox 256 1401 371 1457; x_wconf 90' lang='lat' dir='ltr'>heredes</span> <span class='ocrx_word' id='word_1_157' title='bbox 388 1402 433 1456; x_wconf 90' lang='lat' dir='ltr'>usi</span> <span class='ocrx_word' id='word_1_158' title='bbox 451 1401 485 1458; x_wconf 91' lang='lat' dir='ltr'>de</span> <span class='ocrx_word' id='word_1_159' title='bbox 504 1401 612 1472; x_wconf 93' lang='lat' dir='ltr'>peculio</span> <span class='ocrx_word' id='word_1_160' title='bbox 630 1417 726 1472; x_wconf 82' lang='lat' dir='ltr'>agere,</span> <span class='ocrx_word' id='word_1_161' title='bbox 746 1402 863 1472; x_wconf 90' lang='lat' dir='ltr'>quiade</span> <span class='ocrx_word' id='word_1_162' title='bbox 882 1416 915 1458; x_wconf 91' lang='lat' dir='ltr'>eo</span> <span class='ocrx_word' id='word_1_163' title='bbox 933 1402 1048 1472; x_wconf 89' lang='lat' dir='ltr'>quisque</span> <span class='ocrx_word' id='word_1_164' title='bbox 1066 1402 1187 1472; x_wconf 90' lang='lat' dir='ltr'>peculio,</span> <span class='ocrx_word' id='word_1_165' title='bbox 1206 1402 1280 1471; x_wconf 90' lang='lat' dir='ltr'>quod</span> <span class='ocrx_word' id='word_1_166' title='bbox 1298 1402 1372 1472; x_wconf 89' lang='lat' dir='ltr'>apud</span> <span class='ocrx_word' id='word_1_167' title='bbox 1391 1417 1453 1457; x_wconf 88' lang='lat' dir='ltr'>eum</span> <span class='ocrx_word' id='word_1_168' title='bbox 1472 1408 1554 1472; x_wconf 88' lang='lat' dir='ltr'>esset,</span> <span class='ocrx_word' id='word_1_169' title='bbox 1573 1402 1697 1472; x_wconf 89' lang='lat' dir='ltr'>quolibet</span> 
     </span>
     <span class='ocr_line' id='line_1_14' title="bbox 224 1490 1696 1562; baseline 0.001 -18"><span class='ocrx_word' id='word_1_170' title='bbox 224 1499 237 1544; x_wconf 93' lang='lat'>1</span> <span class='ocrx_word' id='word_1_171' title='bbox 256 1491 310 1546; x_wconf 85' lang='lat' dir='ltr'>ulio</span> <span class='ocrx_word' id='word_1_172' title='bbox 329 1494 428 1561; x_wconf 84' lang='lat' dir='ltr'>agente</span> <span class='ocrx_word' id='word_1_173' title='bbox 446 1496 579 1546; x_wconf 90' lang='lat' dir='ltr'>teneatur.</span> <span class='ocrx_word' id='word_1_174' title='bbox 608 1491 724 1546; x_wconf 82' lang='lat' dir='ltr'>Etiamsi</span> <span class='ocrx_word' id='word_1_175' title='bbox 736 1490 905 1562; x_wconf 80' lang='lat' dir='ltr'>prohibuerit</span> <span class='ocrx_word' id='word_1_176' title='bbox 923 1491 1045 1546; x_wconf 72' lang='lat' dir='ltr'>contrahi</span> <span class='ocrx_word' id='word_1_177' title='bbox 1064 1507 1126 1546; x_wconf 91' lang='lat' dir='ltr'>cum</span> <span class='ocrx_word' id='word_1_178' title='bbox 1145 1505 1226 1546; x_wconf 84' lang='lat' dir='ltr'>semo</span> <span class='ocrx_word' id='word_1_179' title='bbox 1244 1491 1379 1562; x_wconf 82' lang='lat' dir='ltr'>dominns,</span> <span class='ocrx_word' id='word_1_180' title='bbox 1398 1492 1451 1547; x_wconf 92' lang='lat' dir='ltr'>erit</span> <span class='ocrx_word' id='word_1_181' title='bbox 1468 1492 1496 1546; x_wconf 92' lang='lat' dir='ltr'>in</span> <span class='ocrx_word' id='word_1_182' title='bbox 1515 1507 1577 1546; x_wconf 85' lang='lat' dir='ltr'>euru</span> <span class='ocrx_word' id='word_1_183' title='bbox 1595 1491 1630 1546; x_wconf 92' lang='lat' dir='ltr'>de</span> <span class='ocrx_word' id='word_1_184' title='bbox 1648 1505 1696 1561; x_wconf 92' lang='lat' dir='ltr'>pe·</span> 
     </span>
     <span class='ocr_line' id='line_1_15' title="bbox 256 1581 1742 1637; baseline 0.001 -2"><span class='ocrx_word' id='word_1_185' title='bbox 256 1581 327 1636; x_wconf 90' lang='lat' dir='ltr'>culio</span> <span class='ocrx_word' id='word_1_186' title='bbox 345 1581 426 1637; x_wconf 82' lang='lat' dir='ltr'>actio</span> <span class='ocrx_word' id='word_1_187' title='bbox 659 1615 667 1626; x_wconf 84' lang='lat'><em>·</em></span> <span class='ocrx_word' id='word_1_188' title='bbox 1716 1594 1742 1636; x_wconf 83' lang='lat' dir='ltr'>rs</span> 
     </span>
     <span class='ocr_line' id='line_1_16' title="bbox 200 1663 1735 1752; baseline -0.003 -27"><span class='ocrx_word' id='word_1_189' title='bbox 200 1666 240 1725; x_wconf 81' lang='grc'>30</span> <span class='ocrx_word' id='word_1_190' title='bbox 311 1669 461 1725; x_wconf 76' lang='grc' dir='ltr'><strong>ὓιιιιιιιιι</strong></span> <span class='ocrx_word' id='word_1_191' title='bbox 479 1668 548 1725; x_wconf 90' lang='lat' dir='ltr'>libro</span> <span class='ocrx_word' id='word_1_192' title='bbox 567 1668 716 1724; x_wconf 87' lang='lat' dir='ltr'>uicensimo</span> <span class='ocrx_word' id='word_1_193' title='bbox 735 1683 806 1723; x_wconf 91' lang='lat' dir='ltr'>nono</span> <span class='ocrx_word' id='word_1_194' title='bbox 825 1667 861 1723; x_wconf 90' lang='lat' dir='ltr'>ad</span> <span class='ocrx_word' id='word_1_195' title='bbox 879 1667 1008 1722; x_wconf 89' lang='lat' dir='ltr'>edictum.</span> <span class='ocrx_word' id='word_1_196' title='bbox 1036 1667 1195 1733; x_wconf 81' lang='lat' dir='ltr'>Quaesitum</span> <span class='ocrx_word' id='word_1_197' title='bbox 1214 1672 1265 1738; x_wconf 89' lang='lat' dir='ltr'>est,</span> <span class='ocrx_word' id='word_1_198' title='bbox 1284 1685 1319 1723; x_wconf 89' lang='lat' dir='ltr'>an</span> <span class='ocrx_word' id='word_1_199' title='bbox 1336 1671 1430 1722; x_wconf 85' lang='lat' dir='ltr'>teneat</span> <span class='ocrx_word' id='word_1_200' title='bbox 1447 1667 1519 1722; x_wconf 89' lang='lat' dir='ltr'>actio</span> <span class='ocrx_word' id='word_1_201' title='bbox 1538 1663 1696 1752; x_wconf 57' lang='lat' dir='ltr'>W</span> <span class='ocrx_word' id='word_1_202' title='bbox 1714 1679 1735 1732; x_wconf 80' lang='lat' dir='ltr'>s</span> 
     </span>
     <span class='ocr_line' id='line_1_17' title="bbox 257 1745 1695 1829; baseline -0.002 -16"><span class='ocrx_word' id='word_1_203' title='bbox 257 1757 292 1813; x_wconf 92' lang='lat' dir='ltr'>de</span> <span class='ocrx_word' id='word_1_204' title='bbox 314 1759 435 1829; x_wconf 89' lang='lat' dir='ltr'>peculio,</span> <span class='ocrx_word' id='word_1_205' title='bbox 459 1759 568 1814; x_wconf 83' lang='lat' dir='ltr'>etiamsi</span> <span class='ocrx_word' id='word_1_206' title='bbox 590 1758 656 1813; x_wconf 93' lang='lat' dir='ltr'>nihil</span> <span class='ocrx_word' id='word_1_207' title='bbox 679 1757 716 1812; x_wconf 90' lang='lat' dir='ltr'>sit</span> <span class='ocrx_word' id='word_1_208' title='bbox 736 1758 764 1812; x_wconf 89' lang='lat' dir='ltr'>iu</span> <span class='ocrx_word' id='word_1_209' title='bbox 782 1757 888 1827; x_wconf 91' lang='lat' dir='ltr'>peculio</span> <span class='ocrx_word' id='word_1_210' title='bbox 908 1771 970 1812; x_wconf 87' lang='lat' dir='ltr'>cum</span> <span class='ocrx_word' id='word_1_211' title='bbox 989 1763 1129 1827; x_wconf 86' lang='lat' dir='ltr'>ageretur,</span> <span class='ocrx_word' id='word_1_212' title='bbox 1155 1757 1178 1812; x_wconf 89' lang='lat' dir='ltr'>si</span> <span class='ocrx_word' id='word_1_213' title='bbox 1196 1757 1279 1812; x_wconf 87' lang='lat' dir='ltr'>modo</span> <span class='ocrx_word' id='word_1_214' title='bbox 1297 1757 1334 1811; x_wconf 90' lang='lat' dir='ltr'>sit</span> <span class='ocrx_word' id='word_1_215' title='bbox 1351 1755 1390 1810; x_wconf 90' lang='lat' dir='ltr'>rei</span> <span class='ocrx_word' id='word_1_216' title='bbox 1408 1755 1545 1811; x_wconf 84' lang='lat' dir='ltr'>iudicatas</span> <span class='ocrx_word' id='word_1_217' title='bbox 1562 1745 1695 1828; x_wconf 52' lang='lat' dir='ltr'>t&#39;e&#39;mpffs‘.</span> 
     </span>
     <span class='ocr_line' id='line_1_18' title="bbox 257 1845 1696 1918; baseline 0.001 -17"><span class='ocrx_word' id='word_1_218' title='bbox 257 1845 388 1902; x_wconf 76' lang='lat' dir='ltr'>Procmus</span> <span class='ocrx_word' id='word_1_219' title='bbox 406 1853 435 1902; x_wconf 89' lang='lat' dir='ltr'>et</span> <span class='ocrx_word' id='word_1_220' title='bbox 453 1847 577 1918; x_wconf 82' lang='lat' dir='ltr'>Pegasus</span> <span class='ocrx_word' id='word_1_221' title='bbox 594 1846 677 1902; x_wconf 91' lang='lat' dir='ltr'>nihilo</span> <span class='ocrx_word' id='word_1_222' title='bbox 696 1846 786 1901; x_wconf 91' lang='lat' dir='ltr'>minus</span> <span class='ocrx_word' id='word_1_223' title='bbox 804 1846 906 1900; x_wconf 85' lang='lat' dir='ltr'>teneri¹</span> <span class='ocrx_word' id='word_1_224' title='bbox 926 1845 1019 1900; x_wconf 86' lang='lat' dir='ltr'>aiunt:</span> <span class='ocrx_word' id='word_1_225' title='bbox 1038 1845 1188 1902; x_wconf 81' lang='lat' dir='ltr'>intenditur</span> <span class='ocrx_word' id='word_1_226' title='bbox 1206 1846 1277 1900; x_wconf 91' lang='lat' dir='ltr'>enim</span> <span class='ocrx_word' id='word_1_227' title='bbox 1296 1850 1385 1916; x_wconf 86' lang='lat' dir='ltr'>recte,</span> <span class='ocrx_word' id='word_1_228' title='bbox 1404 1846 1512 1900; x_wconf 91' lang='lat' dir='ltr'>etiamsi</span> <span class='ocrx_word' id='word_1_229' title='bbox 1530 1846 1595 1900; x_wconf 89' lang='lat' dir='ltr'>nihii</span> <span class='ocrx_word' id='word_1_230' title='bbox 1614 1847 1650 1901; x_wconf 90' lang='lat' dir='ltr'>sit</span> <span class='ocrx_word' id='word_1_231' title='bbox 1667 1849 1696 1902; x_wconf 93' lang='lat' dir='ltr'>in</span> 
     </span>
     <span class='ocr_line' id='line_1_19' title="bbox 256 1933 1697 2006; baseline 0.002 -17"><span class='ocrx_word' id='word_1_232' title='bbox 256 1935 373 2006; x_wconf 87' lang='lat' dir='ltr'>peculio.</span> <span class='ocrx_word' id='word_1_233' title='bbox 406 1935 479 1991; x_wconf 91' lang='lat' dir='ltr'>idem</span> <span class='ocrx_word' id='word_1_234' title='bbox 502 1943 531 1991; x_wconf 90' lang='lat' dir='ltr'>et</span> <span class='ocrx_word' id='word_1_235' title='bbox 554 1937 627 1991; x_wconf 88' lang='lat' dir='ltr'>circa</span> <span class='ocrx_word' id='word_1_236' title='bbox 650 1935 686 1990; x_wconf 85' lang='lat' dir='ltr'>ad</span> <span class='ocrx_word' id='word_1_237' title='bbox 709 1933 894 1990; x_wconf 85' lang='lat' dir='ltr'>exhibendum</span> <span class='ocrx_word' id='word_1_238' title='bbox 918 1939 947 1989; x_wconf 92' lang='lat' dir='ltr'>et</span> <span class='ocrx_word' id='word_1_239' title='bbox 969 1936 997 1989; x_wconf 96' lang='lat' dir='ltr'>in</span> <span class='ocrx_word' id='word_1_240' title='bbox 1020 1949 1077 1990; x_wconf 89' lang='lat' dir='ltr'>rem</span> <span class='ocrx_word' id='word_1_241' title='bbox 1096 1935 1230 1990; x_wconf 84' lang='lat' dir='ltr'>actionem</span> <span class='ocrx_word' id='word_1_242' title='bbox 1248 1935 1364 2004; x_wconf 76' lang='lat' dir='ltr'>placuit,</span> <span class='ocrx_word' id='word_1_243' title='bbox 1388 1949 1459 2004; x_wconf 86' lang='lat' dir='ltr'>ques</span> <span class='ocrx_word' id='word_1_244' title='bbox 1478 1935 1615 1992; x_wconf 86' lang='lat' dir='ltr'>sententia</span> <span class='ocrx_word' id='word_1_245' title='bbox 1632 1941 1697 1992; x_wconf 88' lang='lat' dir='ltr'>eta</span> 
     </span>
     <span class='ocr_line' id='line_1_20' title="bbox 223 2023 1742 2095; baseline 0 -17"><span class='ocrx_word' id='word_1_246' title='bbox 223 2031 238 2078; x_wconf 93' lang='lat'>1</span> <span class='ocrx_word' id='word_1_247' title='bbox 257 2023 336 2080; x_wconf 84' lang='lat' dir='ltr'>nohis</span> <span class='ocrx_word' id='word_1_248' title='bbox 354 2023 495 2095; x_wconf 85' lang='lat' dir='ltr'>probanda</span> <span class='ocrx_word' id='word_1_249' title='bbox 513 2029 564 2080; x_wconf 90' lang='lat' dir='ltr'>est.</span> <span class='ocrx_word' id='word_1_250' title='bbox 593 2023 622 2080; x_wconf 88' lang='lat' dir='ltr'>Si</span> <span class='ocrx_word' id='word_1_251' title='bbox 640 2039 703 2078; x_wconf 89' lang='lat' dir='ltr'>cum</span> <span class='ocrx_word' id='word_1_252' title='bbox 721 2039 755 2078; x_wconf 90' lang='lat' dir='ltr'>ex</span> <span class='ocrx_word' id='word_1_253' title='bbox 773 2029 851 2093; x_wconf 81' lang='lat' dir='ltr'>parte</span> <span class='ocrx_word' id='word_1_254' title='bbox 869 2023 970 2078; x_wconf 86' lang='lat' dir='ltr'>herede</span> <span class='ocrx_word' id='word_1_255' title='bbox 988 2023 1090 2079; x_wconf 91' lang='lat' dir='ltr'>domini</span> <span class='ocrx_word' id='word_1_256' title='bbox 1102 2024 1147 2078; x_wconf 90' lang='lat' dir='ltr'>uel</span> <span class='ocrx_word' id='word_1_257' title='bbox 1161 2023 1247 2093; x_wconf 88' lang='lat' dir='ltr'>patris</span> <span class='ocrx_word' id='word_1_258' title='bbox 1258 2027 1366 2093; x_wconf 81' lang='lat' dir='ltr'>agatur,</span> <span class='ocrx_word' id='word_1_259' title='bbox 1386 2023 1530 2078; x_wconf 78' lang='lat' dir='ltr'>dumtaxat</span> <span class='ocrx_word' id='word_1_260' title='bbox 1541 2023 1577 2078; x_wconf 90' lang='lat' dir='ltr'>de</span> <span class='ocrx_word' id='word_1_261' title='bbox 1588 2025 1696 2094; x_wconf 89' lang='lat' dir='ltr'>peculio</span> <span class='ocrx_word' id='word_1_262' title='bbox 1714 2037 1742 2079; x_wconf 83' lang='lat' dir='ltr'>eo</span> 
     </span>
     <span class='ocr_line' id='line_1_21' title="bbox 257 2111 1695 2183; baseline 0.001 -15"><span class='ocrx_word' id='word_1_263' title='bbox 257 2113 507 2182; x_wconf 87' lang='lat' dir='ltr'>condemnsndum,</span> <span class='ocrx_word' id='word_1_264' title='bbox 532 2113 606 2183; x_wconf 89' lang='lat' dir='ltr'>quod</span> <span class='ocrx_word' id='word_1_265' title='bbox 630 2111 703 2183; x_wconf 90' lang='lat' dir='ltr'>apud</span> <span class='ocrx_word' id='word_1_266' title='bbox 725 2127 787 2167; x_wconf 93' lang='lat' dir='ltr'>eum</span> <span class='ocrx_word' id='word_1_267' title='bbox 806 2111 933 2167; x_wconf 87' lang='lat' dir='ltr'>heredem</span> <span class='ocrx_word' id='word_1_268' title='bbox 952 2113 989 2166; x_wconf 90' lang='lat' dir='ltr'>sit</span> <span class='ocrx_word' id='word_1_269' title='bbox 1006 2113 1054 2182; x_wconf 91' lang='lat' dir='ltr'>qni</span> <span class='ocrx_word' id='word_1_270' title='bbox 1071 2113 1245 2168; x_wconf 82' lang='lat' dir='ltr'>conuenitur:</span> <span class='ocrx_word' id='word_1_271' title='bbox 1269 2112 1341 2166; x_wconf 93' lang='lat' dir='ltr'>idem</span> <span class='ocrx_word' id='word_1_272' title='bbox 1358 2113 1406 2166; x_wconf 86' lang='lat' dir='ltr'>et¹</span> <span class='ocrx_word' id='word_1_273' title='bbox 1424 2112 1453 2167; x_wconf 92' lang='lat' dir='ltr'>in</span> <span class='ocrx_word' id='word_1_274' title='bbox 1469 2125 1526 2166; x_wconf 88' lang='lat' dir='ltr'>rem</span> <span class='ocrx_word' id='word_1_275' title='bbox 1546 2127 1627 2168; x_wconf 83' lang='lat' dir='ltr'>uerso</span> <span class='ocrx_word' id='word_1_276' title='bbox 1645 2129 1695 2182; x_wconf 92' lang='lat' dir='ltr'>pro</span> 
     </span>
     <span class='ocr_line' id='line_1_22' title="bbox 257 2200 1696 2272; baseline 0.001 -16"><span class='ocrx_word' id='word_1_277' title='bbox 257 2205 343 2272; x_wconf 84' lang='lat' dir='ltr'>parte,</span> <span class='ocrx_word' id='word_1_278' title='bbox 362 2203 415 2256; x_wconf 92' lang='lat' dir='ltr'>nisi</span> <span class='ocrx_word' id='word_1_279' title='bbox 433 2202 457 2256; x_wconf 94' lang='lat' dir='ltr'>si</span> <span class='ocrx_word' id='word_1_280' title='bbox 474 2201 541 2271; x_wconf 92' lang='lat' dir='ltr'>quid</span> <span class='ocrx_word' id='word_1_281' title='bbox 558 2201 586 2256; x_wconf 93' lang='lat' dir='ltr'>in</span> <span class='ocrx_word' id='word_1_282' title='bbox 605 2201 691 2270; x_wconf 88' lang='lat' dir='ltr'>ipsius</span> <span class='ocrx_word' id='word_1_283' title='bbox 709 2200 818 2256; x_wconf 84' lang='lat' dir='ltr'>heredis</span> <span class='ocrx_word' id='word_1_284' title='bbox 835 2216 893 2256; x_wconf 88' lang='lat' dir='ltr'>rem</span> <span class='ocrx_word' id='word_1_285' title='bbox 911 2202 1009 2256; x_wconf 87' lang='lat' dir='ltr'>uertit:</span> <span class='ocrx_word' id='word_1_286' title='bbox 1027 2215 1078 2255; x_wconf 90' lang='lat' dir='ltr'>nec</span> <span class='ocrx_word' id='word_1_287' title='bbox 1096 2200 1175 2269; x_wconf 88' lang='lat' dir='ltr'>qnasi</span> <span class='ocrx_word' id='word_1_288' title='bbox 1193 2215 1277 2254; x_wconf 91' lang='lat' dir='ltr'>unum</span> <span class='ocrx_word' id='word_1_289' title='bbox 1296 2215 1331 2255; x_wconf 90' lang='lat' dir='ltr'>ex</span> <span class='ocrx_word' id='word_1_290' title='bbox 1349 2200 1430 2256; x_wconf 88' lang='lat' dir='ltr'>sociis</span> <span class='ocrx_word' id='word_1_291' title='bbox 1449 2215 1510 2255; x_wconf 88' lang='lat' dir='ltr'>esse</span> <span class='ocrx_word' id='word_1_292' title='bbox 1529 2200 1601 2256; x_wconf 92' lang='lat' dir='ltr'>hunc</span> <span class='ocrx_word' id='word_1_293' title='bbox 1618 2201 1696 2258; x_wconf 92' lang='lat' dir='ltr'>here·</span> 
     </span>
     <span class='ocr_line' id='line_1_23' title="bbox 225 2287 1695 2360; baseline 0.001 -16"><span class='ocrx_word' id='word_1_294' title='bbox 225 2300 240 2344; x_wconf 81' lang='grc' dir='ltr'>ι</span> <span class='ocrx_word' id='word_1_295' title='bbox 258 2291 320 2345; x_wconf 91' lang='lat' dir='ltr'>dem</span> <span class='ocrx_word' id='word_1_296' title='bbox 339 2289 566 2359; x_wconf 88' lang='lat' dir='ltr'>conueniendum,</span> <span class='ocrx_word' id='word_1_297' title='bbox 585 2289 634 2344; x_wconf 92' lang='lat' dir='ltr'>sed</span> <span class='ocrx_word' id='word_1_298' title='bbox 653 2305 702 2360; x_wconf 92' lang='lat' dir='ltr'>pro</span> <span class='ocrx_word' id='word_1_299' title='bbox 720 2293 799 2359; x_wconf 91' lang='lat' dir='ltr'>parte</span> <span class='ocrx_word' id='word_1_300' title='bbox 818 2289 969 2344; x_wconf 73' lang='lat' dir='ltr'>dumtaxat</span> <span class='ocrx_word' id='word_1_301' title='bbox 997 2288 1069 2344; x_wconf 81' lang='lat' dir='ltr'>Sed³</span> <span class='ocrx_word' id='word_1_302' title='bbox 1088 2289 1111 2344; x_wconf 91' lang='lat' dir='ltr'>si</span> <span class='ocrx_word' id='word_1_303' title='bbox 1129 2289 1188 2358; x_wconf 93' lang='lat' dir='ltr'>ipse</span> <span class='ocrx_word' id='word_1_304' title='bbox 1206 2303 1303 2344; x_wconf 88' lang='lat' dir='ltr'>seruus</span> <span class='ocrx_word' id='word_1_305' title='bbox 1321 2289 1357 2344; x_wconf 91' lang='lat' dir='ltr'>sit</span> <span class='ocrx_word' id='word_1_306' title='bbox 1374 2287 1453 2343; x_wconf 89' lang='lat' dir='ltr'>heres</span> <span class='ocrx_word' id='word_1_307' title='bbox 1472 2303 1506 2343; x_wconf 86' lang='lat' dir='ltr'>ex</span> <span class='ocrx_word' id='word_1_308' title='bbox 1523 2295 1601 2359; x_wconf 83' lang='lat' dir='ltr'>parte</span> <span class='ocrx_word' id='word_1_309' title='bbox 1619 2289 1695 2346; x_wconf 87' lang='lat' dir='ltr'>insti-</span> 
     </span>
     <span class='ocr_line' id='line_1_24' title="bbox 225 2375 1694 2463; baseline 0.001 -31"><span class='ocrx_word' id='word_1_310' title='bbox 225 2381 348 2448; x_wconf 80' lang='lat' dir='ltr'>stutus,</span> <span class='ocrx_word' id='word_1_311' title='bbox 373 2393 460 2449; x_wconf 86' lang='lat' dir='ltr'>aeque</span> <span class='ocrx_word' id='word_1_312' title='bbox 483 2393 545 2434; x_wconf 92' lang='lat' dir='ltr'>cum</span> <span class='ocrx_word' id='word_1_313' title='bbox 570 2393 603 2434; x_wconf 89' lang='lat' dir='ltr'>eo</span> <span class='ocrx_word' id='word_1_314' title='bbox 627 2378 766 2448; x_wconf 83' lang='lat' dir='ltr'>agendum</span> <span class='ocrx_word' id='word_1_315' title='bbox 789 2379 849 2434; x_wconf 90' lang='lat' dir='ltr'>erit.</span> <span class='ocrx_word' id='word_1_316' title='bbox 886 2377 934 2434; x_wconf 88' lang='lat' dir='ltr'>Sin</span> <span class='ocrx_word' id='word_1_317' title='bbox 955 2393 1021 2433; x_wconf 88' lang='lat' dir='ltr'>uero</span> <span class='ocrx_word' id='word_1_318' title='bbox 1039 2377 1112 2432; x_wconf 85' lang='lat' dir='ltr'>iilius</span> <span class='ocrx_word' id='word_1_319' title='bbox 1130 2377 1165 2432; x_wconf 82' lang='lat' dir='ltr'>sit</span> <span class='ocrx_word' id='word_1_320' title='bbox 1183 2377 1308 2446; x_wconf 89' lang='lat' dir='ltr'>quamuis</span> <span class='ocrx_word' id='word_1_321' title='bbox 1327 2391 1361 2432; x_wconf 87' lang='lat' dir='ltr'>ex</span> <span class='ocrx_word' id='word_1_322' title='bbox 1378 2381 1457 2447; x_wconf 86' lang='lat' dir='ltr'>parte</span> <span class='ocrx_word' id='word_1_323' title='bbox 1474 2377 1624 2448; x_wconf 88' lang='lat' dir='ltr'>institutus,</span> <span class='ocrx_word' id='word_1_324' title='bbox 1644 2375 1694 2463; x_wconf 61' lang='lat' dir='ltr'>ffe‘)</span> 
     </span>
     <span class='ocr_line' id='line_1_25' title="bbox 258 2465 1742 2540; baseline 0.001 -18"><span class='ocrx_word' id='word_1_325' title='bbox 258 2467 341 2523; x_wconf 90' lang='lat' dir='ltr'>nihilo</span> <span class='ocrx_word' id='word_1_326' title='bbox 360 2467 449 2523; x_wconf 87' lang='lat' dir='ltr'>minus</span> <span class='ocrx_word' id='word_1_327' title='bbox 467 2468 495 2522; x_wconf 93' lang='lat' dir='ltr'>in</span> <span class='ocrx_word' id='word_1_328' title='bbox 506 2467 629 2524; x_wconf 87' lang='lat' dir='ltr'>solidum</span> <span class='ocrx_word' id='word_1_329' title='bbox 648 2468 783 2523; x_wconf 89' lang='lat' dir='ltr'>actionem</span> <span class='ocrx_word' id='word_1_330' title='bbox 800 2468 929 2538; x_wconf 88' lang='lat' dir='ltr'>patietur.</span> <span class='ocrx_word' id='word_1_331' title='bbox 956 2467 1005 2522; x_wconf 92' lang='lat' dir='ltr'>sed</span> <span class='ocrx_word' id='word_1_332' title='bbox 1023 2467 1047 2522; x_wconf 89' lang='lat' dir='ltr'>si</span> <span class='ocrx_word' id='word_1_333' title='bbox 1061 2466 1129 2522; x_wconf 91' lang='lat' dir='ltr'>uelit</span> <span class='ocrx_word' id='word_1_334' title='bbox 1139 2481 1188 2536; x_wconf 93' lang='lat' dir='ltr'>pro</span> <span class='ocrx_word' id='word_1_335' title='bbox 1200 2469 1278 2535; x_wconf 84' lang='lat' dir='ltr'>parte</span> <span class='ocrx_word' id='word_1_336' title='bbox 1289 2481 1389 2522; x_wconf 91' lang='lat' dir='ltr'>nomen</span> <span class='ocrx_word' id='word_1_337' title='bbox 1399 2465 1540 2522; x_wconf 86' lang='lat' dir='ltr'>coheredis</span> <span class='ocrx_word' id='word_1_338' title='bbox 1551 2468 1694 2540; x_wconf 86' lang='lat' dir='ltr'>redimere,</span> <span class='ocrx_word' id='word_1_339' title='bbox 1713 2482 1742 2524; x_wconf 83' lang='grc' dir='ltr'>ιι</span> 
     </span>
     <span class='ocr_line' id='line_1_26' title="bbox 259 2555 1694 2627; baseline 0.003 -17"><span class='ocrx_word' id='word_1_340' title='bbox 259 2555 412 2611; x_wconf 87' lang='lat' dir='ltr'>audiendus</span> <span class='ocrx_word' id='word_1_341' title='bbox 437 2561 492 2611; x_wconf 88' lang='lat' dir='ltr'>est:</span> <span class='ocrx_word' id='word_1_342' title='bbox 516 2556 584 2626; x_wconf 91' lang='lat' dir='ltr'>quid</span> <span class='ocrx_word' id='word_1_343' title='bbox 607 2557 680 2612; x_wconf 88' lang='lat' dir='ltr'>enim</span> <span class='ocrx_word' id='word_1_344' title='bbox 704 2557 727 2612; x_wconf 91' lang='lat' dir='ltr'>si</span> <span class='ocrx_word' id='word_1_345' title='bbox 745 2557 774 2612; x_wconf 93' lang='lat' dir='ltr'>in</span> <span class='ocrx_word' id='word_1_346' title='bbox 791 2573 849 2612; x_wconf 92' lang='lat' dir='ltr'>rem</span> <span class='ocrx_word' id='word_1_347' title='bbox 867 2557 953 2627; x_wconf 86' lang='lat' dir='ltr'>petris</span> <span class='ocrx_word' id='word_1_348' title='bbox 971 2571 1082 2611; x_wconf 89' lang='lat' dir='ltr'>uersum</span> <span class='ocrx_word' id='word_1_349' title='bbox 1100 2555 1156 2610; x_wconf 87' lang='lat' dir='ltr'>sit?</span> <span class='ocrx_word' id='word_1_350' title='bbox 1187 2570 1236 2610; x_wconf 90' lang='lat' dir='ltr'>cur</span> <span class='ocrx_word' id='word_1_351' title='bbox 1253 2570 1308 2611; x_wconf 93' lang='lat' dir='ltr'>non</span> <span class='ocrx_word' id='word_1_352' title='bbox 1326 2561 1509 2626; x_wconf 85' lang='lat' dir='ltr'>consequatur</span> <span class='ocrx_word' id='word_1_353' title='bbox 1525 2555 1597 2626; x_wconf 86' lang='lat' dir='ltr'>fitius</span> <span class='ocrx_word' id='word_1_354' title='bbox 1615 2573 1632 2612; x_wconf 90' lang='lat' dir='ltr'>a</span> <span class='ocrx_word' id='word_1_355' title='bbox 1649 2573 1694 2614; x_wconf 93' lang='lat' dir='ltr'>co·</span> 
     </span>
     <span class='ocr_line' id='line_1_27' title="bbox 224 2642 1695 2729; baseline 0.001 -30"><span class='ocrx_word' id='word_1_356' title='bbox 224 2653 240 2699; x_wconf 83' lang='lat'>4</span> <span class='ocrx_word' id='word_1_357' title='bbox 258 2643 367 2714; x_wconf 91' lang='lat' dir='ltr'>herede,</span> <span class='ocrx_word' id='word_1_358' title='bbox 386 2643 460 2715; x_wconf 92' lang='lat' dir='ltr'>quod</span> <span class='ocrx_word' id='word_1_359' title='bbox 478 2646 506 2701; x_wconf 93' lang='lat' dir='ltr'>in</span> <span class='ocrx_word' id='word_1_360' title='bbox 523 2645 656 2722; x_wconf 71' lang='lat' dir='ltr'>patrisne</span> <span class='ocrx_word' id='word_1_361' title='bbox 675 2645 737 2700; x_wconf 81' lang='lat' dir='ltr'>est?</span> <span class='ocrx_word' id='word_1_362' title='bbox 763 2645 835 2701; x_wconf 88' lang='lat' dir='ltr'>idem</span> <span class='ocrx_word' id='word_1_363' title='bbox 855 2649 884 2700; x_wconf 88' lang='grc' dir='ltr'>ιι</span> <span class='ocrx_word' id='word_1_364' title='bbox 901 2647 925 2700; x_wconf 91' lang='lat' dir='ltr'>si</span> <span class='ocrx_word' id='word_1_365' title='bbox 942 2645 1078 2716; x_wconf 83' lang='lat' dir='ltr'>peculium</span> <span class='ocrx_word' id='word_1_366' title='bbox 1096 2645 1218 2714; x_wconf 88' lang='lat' dir='ltr'>locuples</span> <span class='ocrx_word' id='word_1_367' title='bbox 1236 2645 1290 2700; x_wconf 77' lang='lat' dir='ltr'>sit&#39;</span> <span class='ocrx_word' id='word_1_368' title='bbox 1313 2645 1349 2714; x_wconf 83' lang='lat' dir='ltr'>Is,</span> <span class='ocrx_word' id='word_1_369' title='bbox 1368 2646 1416 2714; x_wconf 91' lang='lat' dir='ltr'>qui</span> <span class='ocrx_word' id='word_1_370' title='bbox 1434 2647 1518 2701; x_wconf 87' lang='lat' dir='ltr'>semel</span> <span class='ocrx_word' id='word_1_371' title='bbox 1536 2642 1695 2729; x_wconf 58' lang='lat' dir='ltr'><strong><em>W</em></strong></span> 
     </span>
     <span class='ocr_line' id='line_1_28' title="bbox 225 2724 1694 2806; baseline 0.002 -17"><span class='ocrx_word' id='word_1_372' title='bbox 225 2741 240 2789; x_wconf 84' lang='lat' dir='ltr'>t</span> <span class='ocrx_word' id='word_1_373' title='bbox 259 2733 294 2789; x_wconf 93' lang='lat' dir='ltr'>de</span> <span class='ocrx_word' id='word_1_374' title='bbox 311 2735 419 2803; x_wconf 89' lang='lat' dir='ltr'>peculio</span> <span class='ocrx_word' id='word_1_375' title='bbox 437 2734 503 2805; x_wconf 81' lang='lat' dir='ltr'>egit,</span> <span class='ocrx_word' id='word_1_376' title='bbox 522 2749 617 2790; x_wconf 87' lang='lat' dir='ltr'>rursus</span> <span class='ocrx_word' id='word_1_377' title='bbox 635 2739 717 2790; x_wconf 84' lang='lat' dir='ltr'>sueto</span> <span class='ocrx_word' id='word_1_378' title='bbox 734 2735 842 2804; x_wconf 89' lang='lat' dir='ltr'>peculio</span> <span class='ocrx_word' id='word_1_379' title='bbox 860 2734 895 2789; x_wconf 90' lang='lat' dir='ltr'>de</span> <span class='ocrx_word' id='word_1_380' title='bbox 913 2735 1022 2790; x_wconf 88' lang='lat' dir='ltr'>residuo</span> <span class='ocrx_word' id='word_1_381' title='bbox 1041 2733 1127 2788; x_wconf 90' lang='lat' dir='ltr'>debiti</span> <span class='ocrx_word' id='word_1_382' title='bbox 1145 2747 1227 2803; x_wconf 84' lang='lat' dir='ltr'>sgcrs</span> <span class='ocrx_word' id='word_1_383' title='bbox 1244 2737 1344 2804; x_wconf 83' lang='lat' dir='ltr'>potest</span> <span class='ocrx_word' id='word_1_384' title='bbox 1378 2733 1407 2789; x_wconf 87' lang='lat' dir='ltr'>Si</span> <span class='ocrx_word' id='word_1_385' title='bbox 1425 2751 1517 2790; x_wconf 83' lang='lat' dir='ltr'>annua</span> <span class='ocrx_word' id='word_1_386' title='bbox 1534 2724 1694 2806; x_wconf 60' lang='lat' dir='ltr'>exceptioffi</span> 
     </span>
     <span class='ocr_line' id='line_1_29' title="bbox 258 2822 1693 2892; baseline 0.001 -14"><span class='ocrx_word' id='word_1_387' title='bbox 258 2823 295 2878; x_wconf 91' lang='lat' dir='ltr'>sit</span> <span class='ocrx_word' id='word_1_388' title='bbox 317 2823 442 2892; x_wconf 88' lang='lat' dir='ltr'>repulsus</span> <span class='ocrx_word' id='word_1_389' title='bbox 466 2840 483 2877; x_wconf 88' lang='lat' dir='ltr'>a</span> <span class='ocrx_word' id='word_1_390' title='bbox 505 2823 648 2878; x_wconf 87' lang='lat' dir='ltr'>uenditore</span> <span class='ocrx_word' id='word_1_391' title='bbox 672 2823 802 2892; x_wconf 89' lang='lat' dir='ltr'>creditor,</span> <span class='ocrx_word' id='word_1_392' title='bbox 827 2823 966 2878; x_wconf 88' lang='lat' dir='ltr'>subueniri</span> <span class='ocrx_word' id='word_1_393' title='bbox 984 2824 1009 2878; x_wconf 89' lang='lat' dir='ltr'>ei</span> <span class='ocrx_word' id='word_1_394' title='bbox 1027 2823 1161 2878; x_wconf 86' lang='lat' dir='ltr'>aduersus</span> <span class='ocrx_word' id='word_1_395' title='bbox 1178 2825 1327 2892; x_wconf 81' lang='lat' dir='ltr'>emptorem</span> <span class='ocrx_word' id='word_1_396' title='bbox 1346 2822 1444 2878; x_wconf 90' lang='lat' dir='ltr'>debet:</span> <span class='ocrx_word' id='word_1_397' title='bbox 1467 2823 1517 2878; x_wconf 86' lang='lat' dir='ltr'>sed</span> <span class='ocrx_word' id='word_1_398' title='bbox 1535 2825 1559 2879; x_wconf 89' lang='lat' dir='ltr'>si</span> <span class='ocrx_word' id='word_1_399' title='bbox 1576 2825 1630 2879; x_wconf 87' lang='lat' dir='ltr'>alia</span> <span class='ocrx_word' id='word_1_400' title='bbox 1647 2841 1693 2880; x_wconf 88' lang='lat' dir='ltr'>ex·</span> 
     </span>
     <span class='ocr_line' id='line_1_30' title="bbox 257 2910 1742 2985; baseline 0.001 -19"><span class='ocrx_word' id='word_1_401' title='bbox 257 2911 392 2981; x_wconf 90' lang='lat' dir='ltr'>ceptione,</span> <span class='ocrx_word' id='word_1_402' title='bbox 411 2911 542 2966; x_wconf 90' lang='lat' dir='ltr'>hactenus</span> <span class='ocrx_word' id='word_1_403' title='bbox 560 2910 709 2980; x_wconf 91' lang='lat' dir='ltr'>subueniri,</span> <span class='ocrx_word' id='word_1_404' title='bbox 727 2917 759 2966; x_wconf 90' lang='lat' dir='ltr'>ut</span> <span class='ocrx_word' id='word_1_405' title='bbox 772 2911 892 2967; x_wconf 88' lang='lat' dir='ltr'>deducta</span> <span class='ocrx_word' id='word_1_406' title='bbox 903 2927 938 2967; x_wconf 91' lang='grc' dir='ltr'>ιι</span> <span class='ocrx_word' id='word_1_407' title='bbox 949 2912 1110 2982; x_wconf 81' lang='lat' dir='ltr'>quantitate,</span> <span class='ocrx_word' id='word_1_408' title='bbox 1129 2925 1211 2980; x_wconf 85' lang='lat' dir='ltr'>quam</span> <span class='ocrx_word' id='word_1_409' title='bbox 1225 2911 1396 2972; x_wconf 87' lang='lat' dir='ltr'>suenditore</span> <span class='ocrx_word' id='word_1_410' title='bbox 1408 2913 1538 2982; x_wconf 85' lang='lat' dir='ltr'>consequi</span> <span class='ocrx_word' id='word_1_411' title='bbox 1549 2914 1692 2985; x_wconf 87' lang='lat' dir='ltr'>potuisset,</span> <span class='ocrx_word' id='word_1_412' title='bbox 1713 2927 1742 2968; x_wconf 87' lang='grc' dir='ltr'>ιι</span> 
     </span>
     <span class='ocr_line' id='line_1_31' title="bbox 224 2999 1693 3070; baseline 0.001 -14"><span class='ocrx_word' id='word_1_413' title='bbox 224 3009 239 3056; x_wconf 81' lang='lat' dir='ltr'>o</span> <span class='ocrx_word' id='word_1_414' title='bbox 258 2999 293 3054; x_wconf 89' lang='lat' dir='ltr'>ab</span> <span class='ocrx_word' id='word_1_415' title='bbox 312 3003 435 3068; x_wconf 88' lang='lat' dir='ltr'>emptore</span> <span class='ocrx_word' id='word_1_416' title='bbox 453 3000 591 3055; x_wconf 89' lang='lat' dir='ltr'>residuum</span> <span class='ocrx_word' id='word_1_417' title='bbox 610 3006 801 3069; x_wconf 86' lang='lat' dir='ltr'>consequetur.</span> <span class='ocrx_word' id='word_1_418' title='bbox 829 3002 861 3056; x_wconf 92' lang='lat' dir='ltr'>In</span> <span class='ocrx_word' id='word_1_419' title='bbox 879 3001 943 3056; x_wconf 91' lang='lat' dir='ltr'>doio</span> <span class='ocrx_word' id='word_1_420' title='bbox 957 2999 1100 3056; x_wconf 88' lang='lat' dir='ltr'>obiciendo</span> <span class='ocrx_word' id='word_1_421' title='bbox 1112 3000 1244 3070; x_wconf 88' lang='lat' dir='ltr'>temporis</span> <span class='ocrx_word' id='word_1_422' title='bbox 1256 3001 1325 3056; x_wconf 90' lang='lat' dir='ltr'>ratio</span> <span class='ocrx_word' id='word_1_423' title='bbox 1338 3000 1467 3056; x_wconf 87' lang='lat' dir='ltr'>habetur:</span> <span class='ocrx_word' id='word_1_424' title='bbox 1485 2999 1610 3057; x_wconf 79' lang='lat' dir='ltr'>fortassis</span> <span class='ocrx_word' id='word_1_425' title='bbox 1621 3003 1693 3058; x_wconf 91' lang='lat' dir='ltr'>enim</span> 
     </span>
     <span class='ocr_line' id='line_1_32' title="bbox 256 3087 1693 3160; baseline 0.003 -18"><span class='ocrx_word' id='word_1_426' title='bbox 256 3091 321 3158; x_wconf 93' lang='lat' dir='ltr'>post</span> <span class='ocrx_word' id='word_1_427' title='bbox 342 3093 451 3158; x_wconf 89' lang='lat' dir='ltr'>tempus</span> <span class='ocrx_word' id='word_1_428' title='bbox 475 3089 509 3143; x_wconf 90' lang='lat' dir='ltr'>de</span> <span class='ocrx_word' id='word_1_429' title='bbox 533 3089 596 3144; x_wconf 93' lang='lat' dir='ltr'>dolo</span> <span class='ocrx_word' id='word_1_430' title='bbox 619 3089 735 3143; x_wconf 86' lang='lat' dir='ltr'>actionis</span> <span class='ocrx_word' id='word_1_431' title='bbox 755 3087 811 3145; x_wconf 66' lang='lat' dir='ltr'>&#39;non</span> <span class='ocrx_word' id='word_1_432' title='bbox 833 3090 953 3159; x_wconf 88' lang='lat' dir='ltr'>patietur</span> <span class='ocrx_word' id='word_1_433' title='bbox 976 3089 1068 3145; x_wconf 88' lang='lat' dir='ltr'>dolum</span> <span class='ocrx_word' id='word_1_434' title='bbox 1087 3091 1188 3146; x_wconf 88' lang='lat' dir='ltr'>maium</span> <span class='ocrx_word' id='word_1_435' title='bbox 1207 3089 1278 3145; x_wconf 87' lang='lat' dir='ltr'>obici</span> <span class='ocrx_word' id='word_1_436' title='bbox 1296 3093 1418 3160; x_wconf 89' lang='lat' dir='ltr'>praetor,</span> <span class='ocrx_word' id='word_1_437' title='bbox 1442 3091 1570 3160; x_wconf 86' lang='lat' dir='ltr'>quoniam</span> <span class='ocrx_word' id='word_1_438' title='bbox 1589 3105 1641 3146; x_wconf 92' lang='lat' dir='ltr'>nec</span> <span class='ocrx_word' id='word_1_439' title='bbox 1658 3091 1693 3146; x_wconf 91' lang='lat' dir='ltr'>de</span> 
     </span>
     <span class='ocr_line' id='line_1_33' title="bbox 224 3177 1693 3249; baseline 0.001 -16"><span class='ocrx_word' id='word_1_440' title='bbox 224 3177 320 3233; x_wconf 82' lang='lat' dir='ltr'>tdolo</span> <span class='ocrx_word' id='word_1_441' title='bbox 344 3177 417 3232; x_wconf 85' lang='lat' dir='ltr'>actio</span> <span class='ocrx_word' id='word_1_442' title='bbox 441 3183 505 3246; x_wconf 90' lang='lat' dir='ltr'>post</span> <span class='ocrx_word' id='word_1_443' title='bbox 527 3181 660 3231; x_wconf 84' lang='lat' dir='ltr'>statutum</span> <span class='ocrx_word' id='word_1_444' title='bbox 683 3181 792 3248; x_wconf 87' lang='lat' dir='ltr'>tempus</span> <span class='ocrx_word' id='word_1_445' title='bbox 817 3178 906 3234; x_wconf 82' lang='lat' dir='ltr'>datm.</span> <span class='ocrx_word' id='word_1_446' title='bbox 941 3179 974 3233; x_wconf 89' lang='lat' dir='ltr'>ln</span> <span class='ocrx_word' id='word_1_447' title='bbox 996 3178 1123 3234; x_wconf 88' lang='lat' dir='ltr'>heredem</span> <span class='ocrx_word' id='word_1_448' title='bbox 1147 3182 1239 3234; x_wconf 86' lang='lat' dir='ltr'>sutem</span> <span class='ocrx_word' id='word_1_449' title='bbox 1260 3179 1315 3234; x_wconf 92' lang='lat' dir='ltr'>doli</span> <span class='ocrx_word' id='word_1_450' title='bbox 1333 3179 1454 3234; x_wconf 87' lang='lat' dir='ltr'>clausula</span> <span class='ocrx_word' id='word_1_451' title='bbox 1471 3179 1500 3233; x_wconf 90' lang='lat' dir='ltr'>in</span> <span class='ocrx_word' id='word_1_452' title='bbox 1517 3179 1546 3234; x_wconf 95' lang='lat' dir='ltr'>id</span> <span class='ocrx_word' id='word_1_453' title='bbox 1564 3179 1639 3249; x_wconf 88' lang='lat' dir='ltr'>quod</span> <span class='ocrx_word' id='word_1_454' title='bbox 1657 3181 1693 3234; x_wconf 83' lang='lat' dir='ltr'>sd</span> 
     </span>
     <span class='ocr_line' id='line_1_34' title="bbox 257 3264 1743 3335; baseline 0.004 -16"><span class='ocrx_word' id='word_1_455' title='bbox 257 3279 319 3320; x_wconf 89' lang='lat' dir='ltr'>eum</span> <span class='ocrx_word' id='word_1_456' title='bbox 337 3265 464 3335; x_wconf 88' lang='lat' dir='ltr'>peruenit</span> <span class='ocrx_word' id='word_1_457' title='bbox 480 3264 556 3320; x_wconf 82' lang='lat' dir='ltr'>fleri⁴</span> <span class='ocrx_word' id='word_1_458' title='bbox 574 3265 665 3334; x_wconf 89' lang='lat' dir='ltr'>dehet,</span> <span class='ocrx_word' id='word_1_459' title='bbox 686 3265 756 3320; x_wconf 89' lang='lat' dir='ltr'>ultra</span> <span class='ocrx_word' id='word_1_460' title='bbox 773 3281 836 3321; x_wconf 91' lang='lat' dir='ltr'>non.</span> <span class='ocrx_word' id='word_1_461' title='bbox 1712 3285 1743 3325; x_wconf 88' lang='grc' dir='ltr'>ιι</span> 
     </span>
     <span class='ocr_line' id='line_1_35' title="bbox 200 3351 1733 3441; baseline -0.001 -29"><span class='ocrx_word' id='word_1_462' title='bbox 200 3354 253 3412; x_wconf 73' lang='grc'>31.</span> <span class='ocrx_word' id='word_1_463' title='bbox 309 3355 429 3410; x_wconf 73' lang='lat' dir='ltr'>Pronus</span> <span class='ocrx_word' id='word_1_464' title='bbox 447 3353 515 3409; x_wconf 87' lang='lat' dir='ltr'>libro</span> <span class='ocrx_word' id='word_1_465' title='bbox 531 3354 692 3424; x_wconf 77' lang='lat' dir='ltr'>trigensimo</span> <span class='ocrx_word' id='word_1_466' title='bbox 710 3353 746 3408; x_wconf 86' lang='lat' dir='ltr'>ad</span> <span class='ocrx_word' id='word_1_467' title='bbox 764 3353 893 3410; x_wconf 89' lang='lat' dir='ltr'>edictum.</span> <span class='ocrx_word' id='word_1_468' title='bbox 921 3353 978 3411; x_wconf 85' lang='lat' dir='ltr'>Sed</span> <span class='ocrx_word' id='word_1_469' title='bbox 996 3355 1020 3410; x_wconf 89' lang='lat' dir='ltr'>si</span> <span class='ocrx_word' id='word_1_470' title='bbox 1038 3355 1096 3425; x_wconf 92' lang='lat' dir='ltr'>ipse</span> <span class='ocrx_word' id='word_1_471' title='bbox 1114 3356 1193 3412; x_wconf 87' lang='lat' dir='ltr'>heres</span> <span class='ocrx_word' id='word_1_472' title='bbox 1211 3357 1274 3411; x_wconf 91' lang='lat' dir='ltr'>dolo</span> <span class='ocrx_word' id='word_1_473' title='bbox 1292 3354 1366 3425; x_wconf 87' lang='lat' dir='ltr'>iecit,</span> <span class='ocrx_word' id='word_1_474' title='bbox 1385 3356 1447 3412; x_wconf 90' lang='lat' dir='ltr'>soii·</span> <span class='ocrx_word' id='word_1_475' title='bbox 1466 3351 1693 3441; x_wconf 56' lang='lat' dir='ltr'><em>Q</em></span> <span class='ocrx_word' id='word_1_476' title='bbox 1712 3367 1733 3424; x_wconf 74' lang='lat' dir='ltr'>s</span> 
     </span>
     <span class='ocr_line' id='line_1_36' title="bbox 255 3443 470 3512; baseline -0.009 -14"><span class='ocrx_word' id='word_1_477' title='bbox 255 3443 322 3499; x_wconf 93' lang='lat' dir='ltr'>dum</span> <span class='ocrx_word' id='word_1_478' title='bbox 339 3447 470 3512; x_wconf 83' lang='lat' dir='ltr'>praestat.</span> 
     </span>
    </p>

    <p class='ocr_par' dir='ltr' id='par_1_4' title="bbox 94 3527 1741 4046">
     <span class='ocr_line' id='line_1_37' title="bbox 94 3527 1733 3614; baseline 0 -24"><span class='ocrx_word' id='word_1_479' title='bbox 94 3595 101 3614; x_wconf 55' lang='grc'><strong><em>,</em></strong></span> <span class='ocrx_word' id='word_1_480' title='bbox 200 3531 239 3590; x_wconf 70' lang='lat'>32</span> <span class='ocrx_word' id='word_1_481' title='bbox 311 3532 462 3588; x_wconf 79' lang='lat' dir='ltr'>Unmsuus</span> <span class='ocrx_word' id='word_1_482' title='bbox 479 3531 547 3586; x_wconf 81' lang='lat' dir='ltr'>hhrc</span> <span class='ocrx_word' id='word_1_483' title='bbox 566 3531 688 3587; x_wconf 90' lang='lat' dir='ltr'>secundo</span> <span class='ocrx_word' id='word_1_484' title='bbox 706 3531 932 3602; x_wconf 88' lang='lat' dir='ltr'>disputationum.</span> <span class='ocrx_word' id='word_1_485' title='bbox 960 3531 989 3587; x_wconf 85' lang='lat' dir='ltr'>Si</span> <span class='ocrx_word' id='word_1_486' title='bbox 1008 3547 1043 3588; x_wconf 89' lang='lat' dir='ltr'>ex</span> <span class='ocrx_word' id='word_1_487' title='bbox 1060 3531 1168 3589; x_wconf 89' lang='lat' dir='ltr'>dnobus</span> <span class='ocrx_word' id='word_1_488' title='bbox 1181 3533 1226 3588; x_wconf 87' lang='lat' dir='ltr'>uel</span> <span class='ocrx_word' id='word_1_489' title='bbox 1238 3532 1360 3602; x_wconf 89' lang='lat' dir='ltr'>pluribus</span> <span class='ocrx_word' id='word_1_490' title='bbox 1371 3532 1518 3588; x_wconf 88' lang='lat' dir='ltr'>heredibus</span> <span class='ocrx_word' id='word_1_491' title='bbox 1550 3527 1733 3601; x_wconf 52' lang='lat' dir='ltr'>mrs&#39;sffls</span> 
     </span>
     <span class='ocr_line' id='line_1_38' title="bbox 257 3609 1693 3690; baseline 0.002 -15"><span class='ocrx_word' id='word_1_492' title='bbox 257 3621 325 3690; x_wconf 90' lang='lat' dir='ltr'>eius,</span> <span class='ocrx_word' id='word_1_493' title='bbox 344 3621 391 3689; x_wconf 90' lang='lat' dir='ltr'>qui</span> <span class='ocrx_word' id='word_1_494' title='bbox 410 3621 676 3676; x_wconf 87' lang='lat' dir='ltr'>manumissoseruo</span> <span class='ocrx_word' id='word_1_495' title='bbox 695 3621 740 3676; x_wconf 88' lang='lat' dir='ltr'>uel</span> <span class='ocrx_word' id='word_1_496' title='bbox 757 3620 843 3676; x_wconf 88' lang='lat' dir='ltr'>libero</span> <span class='ocrx_word' id='word_1_497' title='bbox 861 3635 923 3676; x_wconf 89' lang='lat' dir='ltr'>esse</span> <span class='ocrx_word' id='word_1_498' title='bbox 940 3621 1015 3677; x_wconf 90' lang='lat' dir='ltr'>iusso</span> <span class='ocrx_word' id='word_1_499' title='bbox 1032 3622 1077 3676; x_wconf 91' lang='lat' dir='ltr'>uel</span> <span class='ocrx_word' id='word_1_500' title='bbox 1096 3621 1213 3676; x_wconf 86' lang='lat' dir='ltr'>alienato</span> <span class='ocrx_word' id='word_1_501' title='bbox 1231 3623 1277 3678; x_wconf 91' lang='lat' dir='ltr'>uel</span> <span class='ocrx_word' id='word_1_502' title='bbox 1295 3627 1402 3677; x_wconf 92' lang='lat' dir='ltr'>mortuo</span> <span class='ocrx_word' id='word_1_503' title='bbox 1420 3623 1492 3677; x_wconf 87' lang='lat' dir='ltr'>intra</span> <span class='ocrx_word' id='word_1_504' title='bbox 1509 3609 1693 3678; x_wconf 48' lang='lat' dir='ltr'>annu—meon:</span> 
     </span>
     <span class='ocr_line' id='line_1_39' title="bbox 257 3707 1693 3779; baseline 0.001 -15"><span class='ocrx_word' id='word_1_505' title='bbox 257 3709 344 3764; x_wconf 90' lang='lat' dir='ltr'>ueniri</span> <span class='ocrx_word' id='word_1_506' title='bbox 362 3713 478 3779; x_wconf 88' lang='lat' dir='ltr'>poteret,</span> <span class='ocrx_word' id='word_1_507' title='bbox 496 3723 567 3764; x_wconf 89' lang='lat' dir='ltr'>unus</span> <span class='ocrx_word' id='word_1_508' title='bbox 581 3707 664 3764; x_wconf 85' lang='lat' dir='ltr'>fuerit</span> <span class='ocrx_word' id='word_1_509' title='bbox 676 3715 834 3778; x_wconf 87' lang='lat' dir='ltr'>conuentus,</span> <span class='ocrx_word' id='word_1_510' title='bbox 854 3723 948 3764; x_wconf 90' lang='lat' dir='ltr'>omnes</span> <span class='ocrx_word' id='word_1_511' title='bbox 961 3709 1075 3764; x_wconf 88' lang='lat' dir='ltr'>heredes</span> <span class='ocrx_word' id='word_1_512' title='bbox 1086 3709 1282 3779; x_wconf 86' lang='lat' dir='ltr'>liberabuntur,</span> <span class='ocrx_word' id='word_1_513' title='bbox 1300 3711 1426 3779; x_wconf 87' lang='lat' dir='ltr'>quamuis</span> <span class='ocrx_word' id='word_1_514' title='bbox 1438 3725 1493 3765; x_wconf 92' lang='lat' dir='ltr'>non</span> <span class='ocrx_word' id='word_1_515' title='bbox 1505 3711 1533 3765; x_wconf 92' lang='lat' dir='ltr'>in</span> <span class='ocrx_word' id='word_1_516' title='bbox 1545 3711 1693 3766; x_wconf 77' lang='lat' dir='ltr'>maiorcm⁵</span> 
     </span>
     <span class='ocr_line' id='line_1_40' title="bbox 257 3797 1741 3869; baseline 0.003 -17"><span class='ocrx_word' id='word_1_517' title='bbox 257 3797 438 3868; x_wconf 83' lang='lat' dir='ltr'>quantitatem</span> <span class='ocrx_word' id='word_1_518' title='bbox 456 3798 515 3854; x_wconf 88' lang='lat' dir='ltr'>eius</span> <span class='ocrx_word' id='word_1_519' title='bbox 533 3798 644 3868; x_wconf 88' lang='lat' dir='ltr'>peculii,</span> <span class='ocrx_word' id='word_1_520' title='bbox 663 3798 736 3868; x_wconf 89' lang='lat' dir='ltr'>quod</span> <span class='ocrx_word' id='word_1_521' title='bbox 754 3813 839 3868; x_wconf 89' lang='lat' dir='ltr'>penes</span> <span class='ocrx_word' id='word_1_522' title='bbox 858 3813 888 3853; x_wconf 89' lang='lat' dir='ltr'>se</span> <span class='ocrx_word' id='word_1_523' title='bbox 906 3797 991 3853; x_wconf 85' lang='lat' dir='ltr'>habet</span> <span class='ocrx_word' id='word_1_524' title='bbox 1008 3799 1055 3868; x_wconf 93' lang='lat' dir='ltr'>qui</span> <span class='ocrx_word' id='word_1_525' title='bbox 1072 3800 1246 3868; x_wconf 89' lang='lat' dir='ltr'>conuenitur,</span> <span class='ocrx_word' id='word_1_526' title='bbox 1265 3799 1473 3868; x_wconf 82' lang='lat' dir='ltr'>condemnetur,</span> <span class='ocrx_word' id='word_1_527' title='bbox 1492 3798 1575 3869; x_wconf 91' lang='lat' dir='ltr'>idque</span> <span class='ocrx_word' id='word_1_528' title='bbox 1593 3800 1633 3854; x_wconf 85' lang='lat' dir='ltr'>ita</span> <span class='ocrx_word' id='word_1_529' title='bbox 1649 3801 1693 3855; x_wconf 91' lang='lat' dir='ltr'>Iu·</span> <span class='ocrx_word' id='word_1_530' title='bbox 1712 3817 1741 3856; x_wconf 89' lang='grc' dir='ltr'>ιο</span> 
     </span>
     <span class='ocr_line' id='line_1_41' title="bbox 255 3885 1693 3956; baseline 0.001 -14"><span class='ocrx_word' id='word_1_531' title='bbox 255 3887 345 3942; x_wconf 84' lang='lat' dir='ltr'>lienus</span> <span class='ocrx_word' id='word_1_532' title='bbox 364 3887 481 3956; x_wconf 82' lang='lat' dir='ltr'>scripsit</span> <span class='ocrx_word' id='word_1_533' title='bbox 509 3886 637 3956; x_wconf 86' lang='lat' dir='ltr'>idemque</span> <span class='ocrx_word' id='word_1_534' title='bbox 655 3891 744 3942; x_wconf 89' lang='lat' dir='ltr'>estet</span> <span class='ocrx_word' id='word_1_535' title='bbox 762 3887 785 3941; x_wconf 93' lang='lat' dir='ltr'>si</span> <span class='ocrx_word' id='word_1_536' title='bbox 803 3887 831 3941; x_wconf 95' lang='lat' dir='ltr'>in</span> <span class='ocrx_word' id='word_1_537' title='bbox 850 3887 961 3941; x_wconf 85' lang='lat' dir='ltr'>alterius</span> <span class='ocrx_word' id='word_1_538' title='bbox 980 3901 1036 3941; x_wconf 90' lang='lat' dir='ltr'>rem</span> <span class='ocrx_word' id='word_1_539' title='bbox 1055 3885 1138 3942; x_wconf 84' lang='lat' dir='ltr'>fuerit</span> <span class='ocrx_word' id='word_1_540' title='bbox 1154 3903 1273 3942; x_wconf 91' lang='lat' dir='ltr'>uersum.</span> <span class='ocrx_word' id='word_1_541' title='bbox 1293 3887 1351 3942; x_wconf 86' lang='lat' dir='ltr'>&#39;sed</span> <span class='ocrx_word' id='word_1_542' title='bbox 1368 3891 1397 3942; x_wconf 93' lang='lat' dir='ltr'>et</span> <span class='ocrx_word' id='word_1_543' title='bbox 1414 3887 1437 3942; x_wconf 87' lang='lat' dir='ltr'>si</span> <span class='ocrx_word' id='word_1_544' title='bbox 1450 3888 1544 3956; x_wconf 87' lang='lat' dir='ltr'>plures</span> <span class='ocrx_word' id='word_1_545' title='bbox 1556 3889 1611 3944; x_wconf 89' lang='lat' dir='ltr'>sint</span> <span class='ocrx_word' id='word_1_546' title='bbox 1622 3887 1693 3944; x_wconf 84' lang='lat' dir='ltr'>irue-</span> 
     </span>
     <span class='ocr_line' id='line_1_42' title="bbox 256 3973 1693 4046; baseline 0.001 -16"><span class='ocrx_word' id='word_1_547' title='bbox 256 3975 339 4030; x_wconf 88' lang='lat' dir='ltr'>tuarii</span> <span class='ocrx_word' id='word_1_548' title='bbox 361 3975 406 4029; x_wconf 90' lang='lat' dir='ltr'>uei</span> <span class='ocrx_word' id='word_1_549' title='bbox 430 3974 518 4029; x_wconf 87' lang='lat' dir='ltr'>honae</span> <span class='ocrx_word' id='word_1_550' title='bbox 539 3973 604 4030; x_wconf 88' lang='lat' dir='ltr'>fidei</span> <span class='ocrx_word' id='word_1_551' title='bbox 624 3989 812 4046; x_wconf 85' lang='lat' dir='ltr'>possessores,</span> <span class='ocrx_word' id='word_1_552' title='bbox 835 3990 906 4030; x_wconf 89' lang='lat' dir='ltr'>unus</span> <span class='ocrx_word' id='word_1_553' title='bbox 931 3981 1083 4031; x_wconf 89' lang='lat' dir='ltr'>conuentus</span> <span class='ocrx_word' id='word_1_554' title='bbox 1107 3980 1213 4032; x_wconf 88' lang='lat' dir='ltr'>ceteros</span> <span class='ocrx_word' id='word_1_555' title='bbox 1231 3975 1341 4046; x_wconf 88' lang='lat' dir='ltr'>iiherst,</span> <span class='ocrx_word' id='word_1_556' title='bbox 1366 3976 1491 4046; x_wconf 88' lang='lat' dir='ltr'>quamuis</span> <span class='ocrx_word' id='word_1_557' title='bbox 1509 3992 1564 4032; x_wconf 92' lang='lat' dir='ltr'>non</span> <span class='ocrx_word' id='word_1_558' title='bbox 1582 3977 1693 4034; x_wconf 87' lang='lat' dir='ltr'>maioris</span> 
     </span>
    </p>
   </div>
   <div class='ocr_carea' id='block_1_4' title="bbox 255 4079 419 4151">
    <p class='ocr_par' dir='ltr' id='par_1_5' title="bbox 255 4079 419 4151">
     <span class='ocr_line' id='line_1_43' title="bbox 255 4079 419 4151; baseline -0.018 -13"><span class='ocrx_word' id='word_1_559' title='bbox 255 4083 282 4138; x_wconf 84' lang='lat' dir='ltr'><em>F</em></span> <span class='ocrx_word' id='word_1_560' title='bbox 288 4079 419 4151; x_wconf 87' lang='lat' dir='ltr'><strong><em>[P(LU)]</em></strong></span> 
     </span>
    </p>
   </div>
   <div class='ocr_carea' id='block_1_5' title="bbox 256 4237 1441 4312">
    <p class='ocr_par' dir='ltr' id='par_1_6' title="bbox 256 4237 1441 4312">
     <span class='ocr_line' id='line_1_44' title="bbox 256 4237 1441 4312; baseline 0.004 -19"><span class='ocrx_word' id='word_1_561' title='bbox 256 4237 399 4294; x_wconf 75' lang='grc' dir='ltr'>ιιιιιιιιί</span> <span class='ocrx_word' id='word_1_562' title='bbox 469 4239 571 4296; x_wconf 81' lang='lat' dir='ltr'>¹idom</span> <span class='ocrx_word' id='word_1_563' title='bbox 589 4241 626 4311; x_wconf 91' lang='grc' dir='ltr'>ιι]</span> <span class='ocrx_word' id='word_1_564' title='bbox 644 4241 711 4297; x_wconf 88' lang='lat' dir='ltr'>item</span> <span class='ocrx_word' id='word_1_565' title='bbox 729 4240 785 4298; x_wconf 77' lang='lat' dir='ltr'>de?</span> <span class='ocrx_word' id='word_1_566' title='bbox 855 4241 935 4298; x_wconf 78' lang='lat' dir='ltr'>&#39;sed</span> <span class='ocrx_word' id='word_1_567' title='bbox 952 4241 1001 4298; x_wconf 83' lang='lat' dir='ltr'>et?</span> <span class='ocrx_word' id='word_1_568' title='bbox 1072 4239 1192 4296; x_wconf 78' lang='lat' dir='ltr'>⁴finiri?</span> <span class='ocrx_word' id='word_1_569' title='bbox 1262 4243 1374 4312; x_wconf 68' lang='lat' dir='ltr'>‘quam</span> <span class='ocrx_word' id='word_1_570' title='bbox 1394 4251 1441 4298; x_wconf 77' lang='grc' dir='ltr'><strong>ιιι.</strong></span> 
     </span>
    </p>
   </div>
   <div class='ocr_carea' id='block_1_6' title="bbox 255 4380 1693 5022">
    <p class='ocr_par' dir='ltr' id='par_1_7' title="bbox 255 4380 1693 5022">
     <span class='ocr_line' id='line_1_45' title="bbox 257 4380 1692 4452; baseline 0.004 -17"><span class='ocrx_word' id='word_1_571' title='bbox 257 4380 355 4435; x_wconf 89' lang='lat' dir='ltr'>leum</span> <span class='ocrx_word' id='word_1_572' title='bbox 373 4395 436 4436; x_wconf 89' lang='lat' dir='ltr'>cum</span> <span class='ocrx_word' id='word_1_573' title='bbox 510 4381 584 4450; x_wconf 93' lang='lat' dir='ltr'>quod</span> <span class='ocrx_word' id='word_1_574' title='bbox 602 4381 676 4451; x_wconf 87' lang='lat' dir='ltr'>apud</span> <span class='ocrx_word' id='word_1_575' title='bbox 694 4382 801 4447; x_wconf 84' lang='lat' dir='ltr'>om.F¹‚</span> <span class='ocrx_word' id='word_1_576' title='bbox 818 4397 882 4437; x_wconf 89' lang='lat' dir='ltr'>eum</span> <span class='ocrx_word' id='word_1_577' title='bbox 998 4384 1027 4438; x_wconf 87' lang='lat' dir='ltr'>in</span> <span class='ocrx_word' id='word_1_578' title='bbox 1045 4388 1153 4438; x_wconf 87' lang='lat' dir='ltr'>testam.</span> <span class='ocrx_word' id='word_1_579' title='bbox 1171 4383 1250 4438; x_wconf 85' lang='lat' dir='ltr'>PLU</span> <span class='ocrx_word' id='word_1_580' title='bbox 1301 4385 1335 4440; x_wconf 78' lang='lat'>12</span> <span class='ocrx_word' id='word_1_581' title='bbox 1352 4385 1450 4440; x_wconf 87' lang='lat' dir='ltr'>inserit</span> <span class='ocrx_word' id='word_1_582' title='bbox 1467 4385 1514 4452; x_wconf 78' lang='lat' dir='ltr'>Fi</span> <span class='ocrx_word' id='word_1_583' title='bbox 1536 4385 1692 4443; x_wconf 82' lang='lat' dir='ltr'>h‘ah&#39;eredi-</span> 
     </span>
     <span class='ocr_line' id='line_1_46' title="bbox 255 4451 1690 4540; baseline 0.004 -34"><span class='ocrx_word' id='word_1_584' title='bbox 255 4451 330 4520; x_wconf 88' lang='lat' dir='ltr'>quod</span> <span class='ocrx_word' id='word_1_585' title='bbox 348 4454 408 4506; x_wconf 85' lang='lat' dir='ltr'>add.</span> <span class='ocrx_word' id='word_1_586' title='bbox 422 4452 466 4517; x_wconf 68' lang='grc' dir='ltr'>Ρ,</span> <span class='ocrx_word' id='word_1_587' title='bbox 485 4453 558 4540; x_wconf 85' lang='lat' dir='ltr'>apud</span> <span class='ocrx_word' id='word_1_588' title='bbox 577 4455 673 4526; x_wconf 80' lang='lat' dir='ltr'>adds:</span> <span class='ocrx_word' id='word_1_589' title='bbox 698 4453 736 4508; x_wconf 79' lang='grc' dir='ltr'>κιὶ</span> <span class='ocrx_word' id='word_1_590' title='bbox 761 4451 793 4516; x_wconf 71' lang='lat' dir='ltr'>oi</span> <span class='ocrx_word' id='word_1_591' title='bbox 817 4455 944 4509; x_wconf 80' lang='grc' dir='ltr'><strong>ικοιιιῖτιι</strong></span> <span class='ocrx_word' id='word_1_592' title='bbox 998 4454 1052 4510; x_wconf 91' lang='lat' dir='ltr'>hus</span> <span class='ocrx_word' id='word_1_593' title='bbox 1070 4455 1107 4508; x_wconf 62' lang='lat'>1²⁶</span> <span class='ocrx_word' id='word_1_594' title='bbox 1124 4457 1128 4522; x_wconf 92' lang='grc' dir='ltr'>Ι</span> <span class='ocrx_word' id='word_1_595' title='bbox 1144 4455 1329 4510; x_wconf 81' lang='lat' dir='ltr'>contraxerint</span> <span class='ocrx_word' id='word_1_596' title='bbox 1345 4457 1373 4510; x_wconf 89' lang='lat' dir='ltr'><em>P</em></span> <span class='ocrx_word' id='word_1_597' title='bbox 1424 4458 1459 4512; x_wconf 82' lang='lat'>14</span> <span class='ocrx_word' id='word_1_598' title='bbox 1476 4458 1569 4527; x_wconf 85' lang='lat' dir='ltr'>agenti</span> <span class='ocrx_word' id='word_1_599' title='bbox 1587 4457 1666 4512; x_wconf 81' lang='lat' dir='ltr'><em>F¹P⁶</em></span> <span class='ocrx_word' id='word_1_600' title='bbox 1685 4462 1690 4522; x_wconf 92' lang='grc' dir='ltr'>Ι</span> 
     </span>
     <span class='ocr_line' id='line_1_47' title="bbox 255 4522 1690 4598; baseline 0.004 -22"><span class='ocrx_word' id='word_1_601' title='bbox 255 4522 288 4576; x_wconf 86' lang='grc' dir='ltr'>τὸ</span> <span class='ocrx_word' id='word_1_602' title='bbox 306 4522 337 4576; x_wconf 82' lang='lat' dir='ltr'>hu</span> <span class='ocrx_word' id='word_1_603' title='bbox 356 4523 424 4594; x_wconf 62' lang='lat' dir='ltr'>napa</span> <span class='ocrx_word' id='word_1_604' title='bbox 441 4524 480 4591; x_wconf 85' lang='grc' dir='ltr'>τῷ</span> <span class='ocrx_word' id='word_1_605' title='bbox 499 4525 663 4591; x_wconf 68' lang='lat' dir='ltr'>suassaius),</span> <span class='ocrx_word' id='word_1_606' title='bbox 687 4523 751 4580; x_wconf 71' lang='grc' dir='ltr'><strong>ιἰλλι</strong></span> <span class='ocrx_word' id='word_1_607' title='bbox 775 4525 813 4578; x_wconf 77' lang='lat' dir='ltr'>sai</span> <span class='ocrx_word' id='word_1_608' title='bbox 831 4525 864 4580; x_wconf 84' lang='lat' dir='ltr'>rh</span> <span class='ocrx_word' id='word_1_609' title='bbox 882 4525 941 4598; x_wconf 63' lang='grc' dir='ltr'>παρ’</span> <span class='ocrx_word' id='word_1_610' title='bbox 1000 4531 1109 4580; x_wconf 83' lang='grc' dir='ltr'><strong>ιιιιιιιιι·</strong></span> <span class='ocrx_word' id='word_1_611' title='bbox 1128 4527 1165 4580; x_wconf 81' lang='lat' dir='ltr'>F²</span> <span class='ocrx_word' id='word_1_612' title='bbox 1236 4529 1269 4582; x_wconf 87' lang='grc'>19</span> <span class='ocrx_word' id='word_1_613' title='bbox 1289 4528 1415 4596; x_wconf 61' lang='lat' dir='ltr'>peculio</span> <span class='ocrx_word' id='word_1_614' title='bbox 1436 4529 1474 4581; x_wconf 79' lang='lat' dir='ltr'>F²</span> <span class='ocrx_word' id='word_1_615' title='bbox 1545 4530 1579 4584; x_wconf 76' lang='lat'>22</span> <span class='ocrx_word' id='word_1_616' title='bbox 1599 4529 1690 4598; x_wconf 84' lang='lat' dir='ltr'>uertit]</span> 
     </span>
     <span class='ocr_line' id='line_1_48' title="bbox 255 4591 1693 4669; baseline 0.003 -22"><span class='ocrx_word' id='word_1_617' title='bbox 255 4591 338 4662; x_wconf 69' lang='grc' dir='ltr'>ἑτέρῳ</span> <span class='ocrx_word' id='word_1_618' title='bbox 353 4594 470 4666; x_wconf 79' lang='lat' dir='ltr'>B(Ttp.)</span> <span class='ocrx_word' id='word_1_619' title='bbox 516 4595 779 4666; x_wconf 67' lang='lat' dir='ltr'>hcondempnantur</span> <span class='ocrx_word' id='word_1_620' title='bbox 792 4597 830 4650; x_wconf 78' lang='lat' dir='ltr'>P⁶</span> <span class='ocrx_word' id='word_1_621' title='bbox 873 4599 946 4652; x_wconf 72' lang='lat' dir='ltr'>iso·</span> <span class='ocrx_word' id='word_1_622' title='bbox 1000 4597 1129 4652; x_wconf 86' lang='lat' dir='ltr'>uertisset</span> <span class='ocrx_word' id='word_1_623' title='bbox 1154 4597 1233 4651; x_wconf 74' lang='grc' dir='ltr'>ΡΜ]</span> <span class='ocrx_word' id='word_1_624' title='bbox 1309 4599 1344 4652; x_wconf 79' lang='lat'>28</span> <span class='ocrx_word' id='word_1_625' title='bbox 1372 4598 1498 4654; x_wconf 87' lang='lat' dir='ltr'>aucto‘re&#39;</span> <span class='ocrx_word' id='word_1_626' title='bbox 1519 4599 1626 4669; x_wconf 90' lang='lat' dir='ltr'>peculio</span> <span class='ocrx_word' id='word_1_627' title='bbox 1657 4599 1693 4652; x_wconf 63' lang='grc' dir='ltr'>ι’)</span> 
     </span>
     <span class='ocr_line' id='line_1_49' title="bbox 256 4664 1640 4737; baseline 0.005 -20"><span class='ocrx_word' id='word_1_628' title='bbox 256 4664 341 4718; x_wconf 91' lang='lat' dir='ltr'>ciisue</span> <span class='ocrx_word' id='word_1_629' title='bbox 365 4665 422 4718; x_wconf 89' lang='lat' dir='ltr'>suis</span> <span class='ocrx_word' id='word_1_630' title='bbox 451 4666 589 4736; x_wconf 85' lang='lat' dir='ltr'>consequi]</span> <span class='ocrx_word' id='word_1_631' title='bbox 618 4667 736 4722; x_wconf 89' lang='lat' dir='ltr'>sooiisue</span> <span class='ocrx_word' id='word_1_632' title='bbox 755 4665 853 4722; x_wconf 87' lang='lat' dir='ltr'>&#39;siisue&#39;</span> <span class='ocrx_word' id='word_1_633' title='bbox 871 4669 947 4724; x_wconf 88' lang='lat' dir='ltr'>suiiis</span> <span class='ocrx_word' id='word_1_634' title='bbox 1001 4669 1036 4723; x_wconf 82' lang='lat'>30</span> <span class='ocrx_word' id='word_1_635' title='bbox 1054 4667 1174 4722; x_wconf 88' lang='lat' dir='ltr'>deducta</span> <span class='ocrx_word' id='word_1_636' title='bbox 1192 4669 1233 4737; x_wconf 88' lang='lat' dir='ltr'>ea]</span> <span class='ocrx_word' id='word_1_637' title='bbox 1248 4667 1365 4723; x_wconf 88' lang='lat' dir='ltr'>deducte</span> <span class='ocrx_word' id='word_1_638' title='bbox 1379 4671 1418 4724; x_wconf 88' lang='lat' dir='ltr'>P·</span> <span class='ocrx_word' id='word_1_639' title='bbox 1472 4671 1507 4724; x_wconf 78' lang='lat'>32</span> <span class='ocrx_word' id='word_1_640' title='bbox 1525 4671 1640 4725; x_wconf 83' lang='lat' dir='ltr'>actionis</span> 
     </span>
     <span class='ocr_line' id='line_1_50' title="bbox 256 4736 1693 4813; baseline 0.004 -24"><span class='ocrx_word' id='word_1_641' title='bbox 256 4737 386 4803; x_wconf 87' lang='lat' dir='ltr'>consequi</span> <span class='ocrx_word' id='word_1_642' title='bbox 396 4736 439 4800; x_wconf 77' lang='lat' dir='ltr'>F’,</span> <span class='ocrx_word' id='word_1_643' title='bbox 455 4737 573 4792; x_wconf 88' lang='lat' dir='ltr'>sociisue</span> <span class='ocrx_word' id='word_1_644' title='bbox 584 4753 664 4792; x_wconf 89' lang='lat' dir='ltr'>suum</span> <span class='ocrx_word' id='word_1_645' title='bbox 676 4738 719 4793; x_wconf 91' lang='lat' dir='ltr'>ius</span> <span class='ocrx_word' id='word_1_646' title='bbox 732 4739 862 4807; x_wconf 88' lang='lat' dir='ltr'>consequi</span> <span class='ocrx_word' id='word_1_647' title='bbox 866 4742 892 4813; x_wconf 91' lang='lat' dir='ltr'><em>s</em></span> <span class='ocrx_word' id='word_1_648' title='bbox 892 4739 947 4804; x_wconf 88' lang='lat' dir='ltr'>PU,</span> <span class='ocrx_word' id='word_1_649' title='bbox 1000 4739 1035 4793; x_wconf 90' lang='lat' dir='ltr'>de</span> <span class='ocrx_word' id='word_1_650' title='bbox 1048 4739 1111 4794; x_wconf 91' lang='lat' dir='ltr'>doio</span> <span class='ocrx_word' id='word_1_651' title='bbox 1124 4759 1172 4792; x_wconf 88' lang='lat' dir='ltr'>om.</span> <span class='ocrx_word' id='word_1_652' title='bbox 1187 4739 1224 4792; x_wconf 55' lang='grc' dir='ltr'>Γ]</span> <span class='ocrx_word' id='word_1_653' title='bbox 1240 4743 1245 4806; x_wconf 87' lang='lat' dir='ltr'>l</span> <span class='ocrx_word' id='word_1_654' title='bbox 1261 4741 1364 4810; x_wconf 86' lang='lat' dir='ltr'>patitur</span> <span class='ocrx_word' id='word_1_655' title='bbox 1375 4739 1403 4795; x_wconf 91' lang='lat' dir='ltr'><em>P</em></span> <span class='ocrx_word' id='word_1_656' title='bbox 1444 4741 1479 4795; x_wconf 84' lang='lat'>35</span> <span class='ocrx_word' id='word_1_657' title='bbox 1491 4741 1560 4811; x_wconf 87' lang='lat' dir='ltr'>ipse]</span> <span class='ocrx_word' id='word_1_658' title='bbox 1573 4741 1601 4795; x_wconf 86' lang='lat' dir='ltr'>id</span> <span class='ocrx_word' id='word_1_659' title='bbox 1613 4756 1643 4795; x_wconf 92' lang='lat' dir='ltr'>se</span> <span class='ocrx_word' id='word_1_660' title='bbox 1657 4741 1693 4795; x_wconf 73' lang='grc' dir='ltr'>Ρο</span> 
     </span>
     <span class='ocr_line' id='line_1_51' title="bbox 256 4805 1692 4884; baseline 0.004 -24"><span class='ocrx_word' id='word_1_661' title='bbox 256 4805 370 4860; x_wconf 89' lang='lat' dir='ltr'>sotiisue</span> <span class='ocrx_word' id='word_1_662' title='bbox 392 4819 472 4860; x_wconf 91' lang='lat' dir='ltr'>suum</span> <span class='ocrx_word' id='word_1_663' title='bbox 497 4809 628 4877; x_wconf 90' lang='lat' dir='ltr'>consequi</span> <span class='ocrx_word' id='word_1_664' title='bbox 650 4809 693 4865; x_wconf 86' lang='lat' dir='ltr'>ius</span> <span class='ocrx_word' id='word_1_665' title='bbox 718 4811 740 4862; x_wconf 80' lang='lat' dir='ltr'>h</span> <span class='ocrx_word' id='word_1_666' title='bbox 761 4811 766 4878; x_wconf 77' lang='grc' dir='ltr'>Ι</span> <span class='ocrx_word' id='word_1_667' title='bbox 787 4809 887 4864; x_wconf 87' lang='lat' dir='ltr'>habere</span> <span class='ocrx_word' id='word_1_668' title='bbox 909 4811 947 4865; x_wconf 92' lang='lat' dir='ltr'>lo·</span> <span class='ocrx_word' id='word_1_669' title='bbox 1000 4811 1035 4865; x_wconf 84' lang='lat'>39</span> <span class='ocrx_word' id='word_1_670' title='bbox 1054 4815 1180 4879; x_wconf 60' lang='lat' dir='ltr'>potemst</span> <span class='ocrx_word' id='word_1_671' title='bbox 1197 4811 1234 4863; x_wconf 80' lang='lat' dir='ltr'>F¹</span> <span class='ocrx_word' id='word_1_672' title='bbox 1255 4813 1260 4876; x_wconf 87' lang='grc'><strong>]</strong></span> <span class='ocrx_word' id='word_1_673' title='bbox 1279 4811 1307 4864; x_wconf 95' lang='lat' dir='ltr'>in</span> <span class='ocrx_word' id='word_1_674' title='bbox 1331 4812 1433 4866; x_wconf 86' lang='lat' dir='ltr'>maiore</span> <span class='ocrx_word' id='word_1_675' title='bbox 1455 4817 1533 4882; x_wconf 88' lang='lat' dir='ltr'>parte</span> <span class='ocrx_word' id='word_1_676' title='bbox 1556 4813 1692 4884; x_wconf 80' lang='lat' dir='ltr'>quantita-</span> 
     </span>
     <span class='ocr_line' id='line_1_52' title="bbox 256 4877 1692 4950; baseline 0.004 -18"><span class='ocrx_word' id='word_1_677' title='bbox 256 4891 319 4932; x_wconf 87' lang='lat' dir='ltr'>cum</span> <span class='ocrx_word' id='word_1_678' title='bbox 336 4877 364 4931; x_wconf 90' lang='lat' dir='ltr'><em>P</em></span> <span class='ocrx_word' id='word_1_679' title='bbox 404 4877 476 4946; x_wconf 78' lang='lat' dir='ltr'>dat]</span> <span class='ocrx_word' id='word_1_680' title='bbox 497 4879 571 4948; x_wconf 88' lang='lat' dir='ltr'>quod</span> <span class='ocrx_word' id='word_1_681' title='bbox 589 4879 668 4934; x_wconf 82' lang='lat' dir='ltr'>PLU</span> <span class='ocrx_word' id='word_1_682' title='bbox 710 4880 948 4946; x_wconf 56' lang='lat' dir='ltr'>dundecimoh&#39;ss</span> <span class='ocrx_word' id='word_1_683' title='bbox 1000 4886 1056 4936; x_wconf 87' lang='lat' dir='ltr'>tem</span> <span class='ocrx_word' id='word_1_684' title='bbox 1069 4883 1117 4946; x_wconf 90' lang='lat' dir='ltr'>P·,</span> <span class='ocrx_word' id='word_1_685' title='bbox 1131 4882 1159 4937; x_wconf 95' lang='lat' dir='ltr'>in</span> <span class='ocrx_word' id='word_1_686' title='bbox 1171 4881 1274 4936; x_wconf 85' lang='lat' dir='ltr'>maiore</span> <span class='ocrx_word' id='word_1_687' title='bbox 1285 4883 1440 4950; x_wconf 82' lang='lat' dir='ltr'>quantitate</span> <span class='ocrx_word' id='word_1_688' title='bbox 1451 4881 1548 4938; x_wconf 70' lang='lat' dir='ltr'><em>P‘LU</em></span> <span class='ocrx_word' id='word_1_689' title='bbox 1579 4885 1614 4938; x_wconf 82' lang='lat'>41</span> <span class='ocrx_word' id='word_1_690' title='bbox 1627 4883 1692 4937; x_wconf 89' lang='lat' dir='ltr'>scri-</span> 
     </span>
     <span class='ocr_line' id='line_1_53' title="bbox 255 4947 1415 5022; baseline 0.003 -19"><span class='ocrx_word' id='word_1_691' title='bbox 255 4947 359 5003; x_wconf 88' lang='lat' dir='ltr'>xiiiiU</span> <span class='ocrx_word' id='word_1_692' title='bbox 419 4949 452 5002; x_wconf 87' lang='lat'>11</span> <span class='ocrx_word' id='word_1_693' title='bbox 475 4950 642 5018; x_wconf 86' lang='lat' dir='ltr'>prouineiaie</span> <span class='ocrx_word' id='word_1_694' title='bbox 665 4969 713 5004; x_wconf 84' lang='lat' dir='ltr'>om.</span> <span class='ocrx_word' id='word_1_695' title='bbox 729 4951 781 5006; x_wconf 89' lang='lat' dir='ltr'>PU</span> <span class='ocrx_word' id='word_1_696' title='bbox 800 4953 805 5021; x_wconf 91' lang='grc' dir='ltr'>Ι</span> <span class='ocrx_word' id='word_1_697' title='bbox 826 4951 948 5022; x_wconf 85' lang='lat' dir='ltr'>testem]</span> <span class='ocrx_word' id='word_1_698' title='bbox 1000 4951 1042 5008; x_wconf 89' lang='lat' dir='ltr'>bit</span> <span class='ocrx_word' id='word_1_699' title='bbox 1059 4951 1138 5006; x_wconf 80' lang='lat' dir='ltr'>PLU</span> <span class='ocrx_word' id='word_1_700' title='bbox 1186 4953 1356 5008; x_wconf 72' lang='lat' dir='ltr'>senatores</span> <span class='ocrx_word' id='word_1_701' title='bbox 1375 4953 1415 5007; x_wconf 88' lang='lat' dir='ltr'>P·</span> 
     </span>
    </p>
   </div>
   <div class='ocr_carea' id='block_1_7' title="bbox 0 0 1842 5362">
    <p class='ocr_par' dir='ltr' id='par_1_8' title="bbox 0 0 1842 5362">
     <span class='ocr_line' id='line_1_54' title="bbox 0 0 1842 5362; baseline 0 0"><span class='ocrx_word' id='word_1_702' title='bbox 0 0 1842 5362; x_wconf 95' lang='lat' dir='ltr'> </span> 
     </span>
    </p>
   </div>
  </div>
 </body>
</html>
