3674 5362
109 175 158 274 na
180 223 221 273 nr
241 223 349 274 nrrru
370 221 528 272 maruno
792 195 878 278 373
1332 203 1393 272 llll
1415 205 1435 272 3
1454 211 1553 269 4-11

110 368 206 422 rantes
225 369 253 420 et
270 363 373 419 inuitos
391 365 496 418 tutores
514 359 565 417 sub
583 360 663 416 alieni
682 359 837 432 compendii
860 359 1043 416 emolumento
1065 361 1148 416 etiam
1165 360 1315 432 periurium
1334 377 1435 432 anceps
1453 361 1554 420 subire.

110 458 255 510 curatores
273 466 383 524 qnoque
406 450 502 521 pupilli
521 450 565 505 uel
584 449 766 505 adulescentis
785 463 840 504 non
858 463 919 504 ease
938 448 1076 519 cogendos
1102 450 1130 504 in
1147 451 1223 506 litem
1241 452 1331 507 iurare
1349 452 1488 522 rescriptis
1505 451 1554 507 im·

109 543 249 616 paratoria
271 541 358 598 nostri
381 543 410 595 et
431 539 489 594 diui
509 535 596 608 p'atria
619 539 679 594 eius
703 538 865 594 continetur.
893 538 917 594 si
940 541 1034 592 minen
1055 541 1162 594 tantam
1185 539 1358 596 affectionem
1381 540 1485 612 pupillo
1504 553 1554 598 suo

109 633 156 688 nel
176 630 348 687 adulescenti
365 633 470 684 tutores
494 626 538 681 uel
562 633 703 682 curatores
725 631 867 698 praestare
890 626 999 695 uolunt,
1024 627 1173 682 auctoritas
1196 629 1262 683 iuris
1287 643 1342 684 non
1364 627 1554 699 refragabitur,

108 722 179 792 quin
196 720 308 789 iudicio,
327 715 401 787 qnod
419 715 503 770 inter¹
523 713 598 785 ipsos
615 707 759 785 acceptum
778 719 833 785 est,
855 712 917 769 llnis
936 707 1070 770 eiusmodi
1088 707 1176 784 possit
1193 715 1325 772 adhiberi.
1354 732 1409 772 non
1427 717 1499 772 enim
1519 716 1587 772 ads

107 825 192 867 mam
210 809 358 864 utilitatem
375 803 551 860 iurisiurandi
567 801 712 859 referende
729 803 882 860 aestimatio
901 807 951 872 est,
971 801 1020 858 sed
1039 802 1074 857 ad
1092 803 1209 874 domini,
1227 804 1306 860 cuius
1323 805 1433 860 nomine
1450 805 1555 860 tutelae

66 905 83 951 ι
107 900 182 954 ratio
199 896 364 966 postrrlatnr.
392 893 553 948 adulescens
571 907 638 947 nero
656 893 680 947 si
691 892 759 947 uelit
774 892 864 946 iurare
875 895 976 962 potest
1003 890 1117 947 Deferre
1131 896 1222 947 autem
1234 893 1424 949 iusiurandum
1435 893 1554 949 iudicem

107 991 236 1057 oportet:
255 989 377 1040 ceterum
396 982 420 1037 si
438 983 507 1036 alius
525 980 653 1036 detulerit
670 980 857 1036 iusiurandum
876 981 921 1035 nel
933 993 988 1036 uon
1000 977 1091 1036 delato
1103 981 1223 1036 iuratum
1236 983 1280 1053 sit,
1300 983 1374 1038 nulla
1391 983 1443 1037 erit
1459 973 1556 1052 religio

107 1089 163 1132 nec
180 1073 270 1129 ullum
292 1070 494 1127 iusiurandum:
518 1073 547 1125 et
569 1070 609 1124 ita
631 1067 872 1125 constitutionibus
896 1083 1056 1139 expressum
1080 1073 1124 1123 est
1145 1069 1325 1140 imperatoris¹
1339 1071 1426 1127 nostrl
1448 1075 1477 1126 et
1498 1071 1556 1126 diui

71 1163 199 1236 epatris
217 1163 286 1217 eins.
322 1159 416 1215 iurare
439 1163 531 1214 autern
556 1157 584 1212 in
608 1155 743 1214 infinitum
766 1157 839 1212 dcet.
868 1157 918 1211 sed
942 1173 978 1212 au
1001 1156 1085 1212 iudex
1107 1158 1219 1214 modum
1241 1159 1410 1216 iuriiurando
1433 1163 1555 1215 statuere
1575 1171 1603 1212 ro

107 1252 214 1324 possit,
239 1254 272 1306 ut
293 1249 366 1304 intra
389 1251 492 1302 certam
517 1247 699 1316 quantitatem
723 1247 840 1316 iuretur,
864 1259 900 1300 ne
924 1250 1034 1314 arrepta
1054 1247 1198 1302 occasione
1215 1248 1244 1302 in
1262 1248 1425 1304 immensum
1443 1250 1554 1320 iuretur,

108 1354 227 1412 quaero.
254 1337 412 1407 etquidem
430 1337 458 1392 in
476 1333 588 1390 arbitrio
606 1349 670 1389 esse
685 1334 783 1389 iudicia
801 1332 908 1390 deferre
930 1333 1117 1390 iusiurandum
1140 1349 1192 1390 neo
1215 1351 1249 1392 ne
1272 1341 1395 1392 constat:
1419 1329 1556 1407 anigitur

110 1430 159 1500 qoi
170 1428 262 1498 possit
273 1425 460 1481 iusiurandum
473 1438 530 1480 non
541 1421 656 1493 deferre,
674 1423 747 1483 idem
759 1423 848 1492 possit
865 1427 894 1478 et
905 1424 1074 1478 orationem
1086 1423 1253 1480 iuriiurando
1266 1425 1383 1496 edicere,
1401 1425 1555 1496 quaeritur:

87 1517 227 1574 tubitrlo
245 1521 339 1570 tamen
355 1512 446 1569 bonae
463 1511 528 1568 lidei
546 1511 643 1567 iudicis
662 1511 744 1566 etiam
767 1511 820 1568 hoc
843 1512 978 1582 congruit.
1014 1512 1084 1567 Item
1102 1511 1267 1584 uidendum,
1292 1529 1329 1569 an
1352 1514 1440 1585 possit
1462 1514 1554 1586 iudex,

112 1607 159 1678 qni
178 1605 279 1660 detulit
296 1601 498 1672 iusiurandum,
522 1615 578 1656 non
601 1600 680 1669 sequi
702 1599 744 1670 id,
769 1600 819 1656 sed
837 1601 881 1656 nel
899 1615 1011 1671 prorsus
1029 1600 1173 1657 absoluere
1197 1602 1343 1658 ueletiam
1361 1603 1473 1659 minoris
1491 1619 1555 1658 con·
1575 1615 1604 1656 ιι

94 1725 96 1730 ,
112 1695 245 1750 damnare
263 1709 347 1763 qnam
364 1692 483 1746 iuratum
502 1692 558 1744 est:
577 1693 606 1743 et
624 1689 714 1758 magis
731 1691 782 1758 est,
800 1692 833 1744 ut
850 1704 885 1744 ex
903 1705 1004 1760 magua
1022 1705 1107 1745 eausa
1124 1695 1153 1744 et
1169 1695 1268 1760 postea
1285 1691 1401 1761 repertis
1418 1691 1555 1761 probatio

89 1782 195 1839 tribus
212 1782 311 1853 possit
338 1779 382 1835 Ex
400 1779 481 1850 culpa
499 1781 659 1833 autemnon
671 1791 733 1832 esse
745 1777 935 1834 iusiurandum
951 1777 1129 1834 deferendum
1142 1783 1258 1848 constat,
1277 1779 1326 1835 sod
1338 1781 1555 1837 aestuationem

114 1887 132 1928 a
148 1871 242 1927 indico
259 1867 424 1925 faciendam.
606 1859 624 1886 ⁸

85 1959 100 2018 5
166 1960 346 2015 marmana
368 1954 437 2012 liure
461 1957 560 2024 quarto
582 1953 746 2023 regularum.
771 1953 781 2028 l
805 1953 837 2009 In
860 1953 1014 2011 actionibus
1037 1955 1066 2010 in
1089 1969 1147 2010 rem
1170 1958 1200 2012 et
1222 1956 1251 2011 in
1269 1955 1305 2012 sd
1323 1955 1397 2012 exhi·
1417 1952 1556 2041 [saa—sc
1575 1963 1597 2018 s
1613 1965 1688 2014 tltt

87 2047 237 2105 lbendum
260 2052 291 2102 et
312 2046 342 2101 iu
364 2043 453 2100 bonae
477 2041 543 2097 ridel
565 2042 673 2098 indiciis
696 2041 725 2097 in
748 2042 824 2098 litem
848 2043 961 2099 iuratur.
997 2043 1053 2099 Sed
1076 2044 1159 2100 iudex
1182 2050 1276 2115 potest
1292 2032 1557 2115 praefinire-certam
1575 2059 1604 2100 so

86 2147 260 2206 asummam,
279 2149 368 2205 nsque
386 2133 422 2188 ad
440 2147 522 2202 quarn
540 2132 658 2186 iuretur:
676 2129 754 2186 licuit
771 2132 843 2186 enim
862 2133 889 2187 ei
906 2133 1028 2203 aprime
1047 2148 1098 2188 neo
1116 2131 1231 2189 deferre.
1262 2135 1332 2189 Item
1350 2135 1421 2190 etsi
1438 2135 1556 2190 iuratrrm

85 2225 210 2295 aluerit,
235 2225 301 2280 licet
322 2222 406 2278 indici
428 2222 473 2278 uel
497 2220 641 2298 absoluere
664 2219 710 2274 uel
727 2220 839 2276 minoris
858 2221 1047 2278 condemnare.
1085 2221 1140 2278 Sed
1158 2223 1186 2278 in
1204 2221 1246 2278 his
1264 2223 1391 2279 omnibus
1409 2223 1445 2280 ob
1463 2224 1556 2280 dolum

84 2315 203 2371 tsolum
222 2314 251 2368 ln
269 2313 345 2368 litem
362 2312 475 2381 iuratur,
493 2324 549 2365 non
567 2309 650 2364 eliam
669 2307 705 2364 ob
723 2309 845 2379 eulpam:
864 2309 933 2366 haec
951 2312 1023 2366 enim
1042 2311 1125 2367 iudex
1143 2312 1280 2368 aestimat.
1316 2313 1401 2368 Plane
1418 2313 1555 2368 interdum

113 2410 142 2460 st
159 2405 189 2460 in
208 2403 318 2458 actione
336 2401 423 2456 stricti
440 2398 552 2455 indicii¹
569 2398 597 2453 in
614 2397 689 2452 litem
708 2397 853 2454 iurandum
871 2403 922 2470 est,
941 2400 1028 2455 ueluti
1044 2400 1068 2455 si
1080 2401 1228 2471 promissor
1240 2401 1326 2457 Stichi
1338 2417 1442 2458 moram
1460 2401 1556 2458 iecerit

113 2500 142 2551 et
165 2491 278 2550 Stichus
302 2489 465 2560 decesserit,
488 2488 554 2558 quia
575 2486 659 2542 iudex
683 2487 829 2543 aestimare
852 2489 911 2546 siue
933 2489 1083 2544 relatione⁸
1106 2490 1281 2546 iurisiurandi
1304 2505 1359 2547 nou
1381 2495 1475 2562 potest
1496 2506 1554 2548 rem
1574 2503 1604 2546 ss

113 2598 186 2654 qnae
204 2596 260 2636 non
278 2583 368 2635 extat:
757 2637 758 2640 ,
1223 2647 1227 2655 Ι

80 2669 97 2728 d
165 2672 289 2727 Pronus
310 2667 380 2724 lituo
403 2666 553 2722 uicensimo
576 2669 656 2720 sexto
678 2664 714 2719 ad
737 2663 865 2720 edictum.
902 2665 984 2738 alias,
1015 2667 1039 2722 si
1065 2680 1100 2722 ex
1129 2667 1261 2738 stipulatu
1289 2669 1334 2724 nel
1357 2684 1392 2725 ex
1415 2665 1554 2756 Q
1573 2676 1626 2751 Ss·

113 2763 282 2818 testamemo
300 2760 407 2827 agatur,
426 2769 481 2810 non
499 2755 570 2809 solet
586 2754 614 2809 in
631 2755 708 2810 litem
726 2753 817 2809 iurari.

80 2847 98 2906 ‘l
166 2831 321 2905 uirranus
338 2843 407 2902 libro
425 2847 524 2900 oetam
541 2843 578 2898 ad
590 2843 719 2898 edictum.
747 2841 835 2912 Uolgo
846 2844 1030 2914 praesumitur
1041 2844 1124 2900 allum
1138 2845 1167 2900 in
1178 2845 1253 2900 litem
1272 2841 1554 2930 Q
1572 2855 1601 2908 Ε

113 2951 169 2994 non
192 2935 295 2992 debere
316 2935 407 2990 iurare
430 2947 512 3003 qnam
536 2931 678 2988 dominum
699 2931 768 2986 litis:
791 2931 910 3002 deniqne
927 2933 1093 3004 Papinianus
1117 2935 1156 2989 ait
1178 2934 1261 2989 aliurn
1284 2949 1339 2990 non
1360 2949 1443 3005 posse
1464 2935 1554 2991 iurare
1573 2947 1602 2990 ao

113 3041 197 3098 qnam
216 3039 289 3093 eum,
307 3023 354 3093 qni
372 3023 447 3078 litem
465 3037 516 3077 suo
533 3019 643 3077 nomine
660 3025 830 3076 contestatus
847 3025 899 3076 est

80 3112 98 3173 S
167 3114 352 3170 meamus
370 3109 439 3166 libro
457 3114 556 3166 octauo
574 3106 753 3180 digestorum.
789 3109 877 3165 Tutor
894 3125 952 3165 rem
970 3109 1069 3181 adulti,
1090 3125 1172 3180 quarn
1190 3125 1253 3182 pos·
1272 3105 1554 3194 [ΞιῙᾱῖιι-Γιιιι
1571 3120 1600 3175 Ε

113 3203 201 3274 sidet,
226 3201 372 3257 restitume
390 3200 416 3254 ei
433 3213 489 3254 non
506 3199 580 3254 nult:
605 3213 721 3268 quaero,
743 3199 835 3253 utrum
859 3199 954 3268 quanti
977 3213 1021 3255 res
1044 3205 1087 3255 est
1107 3215 1146 3256 an
1167 3199 1263 3269 quanti
1285 3200 1314 3254 in
1336 3201 1412 3255 litem
1434 3201 1554 3256 iuratum
1658 3229 1659 3234 ι

113 3291 198 3349 inerit
214 3288 392 3347 condemnari
410 3287 501 3343 debet
528 3287 671 3358 respondi:
695 3301 750 3343 non
773 3293 817 3342 est
839 3303 956 3358 aequum
979 3289 1080 3359 pretio,
1104 3288 1134 3343 id
1158 3291 1201 3344 est
1223 3288 1318 3358 quanti
1336 3303 1380 3343 res
1399 3293 1454 3360 est,
1477 3289 1553 3346 litem

113 3380 263 3449 aestimari,
281 3393 344 3434 cum
362 3382 392 3434 ct
409 3377 581 3434 contumacia
598 3375 736 3448 punienda
754 3377 791 3432 sit
808 3380 837 3432 et
849 3376 961 3433 arbitrio
976 3379 1069 3448 potins
1081 3377 1185 3434 domini
1196 3377 1236 3432 rei
1247 3377 1363 3448 pretium
1376 3378 1552 3434 statuendum
1572 3393 1601 3435 ss

113 3471 150 3526 sit
166 3473 308 3540 potestate
325 3466 436 3538 petitori
452 3466 481 3520 in
497 3465 572 3520 litem
591 3465 698 3520 iurandi
716 3480 855 3522 concessa

80 3559 97 3617 9
166 3558 340 3614 moereres
358 3554 427 3611 llbro
445 3555 540 3625 quinto
558 3553 665 3610 decimo
683 3569 718 3610 ex
736 3553 839 3610 (lessio.
877 3553 946 3611 (lum
963 3552 1030 3611 furti
1048 3556 1146 3626 agitur,
1162 3555 1253 3610 iurare
1272 3549 1553 3638 [ffifflffl
1570 3565 1616 3641 Es

112 3649 152 3704 its
170 3650 283 3717 oportet
301 3645 378 3700 ‘tant'
395 3659 453 3700 rem
471 3641 556 3698 inisse
574 3657 637 3698 enm
655 3641 758 3700 furtum
772 3642 875 3700 sactum
889 3643 940 3715 sit',
959 3659 1014 3700 non
1032 3643 1104 3700 adici
1118 3643 1158 3699 ‘eo
1174 3643 1311 3716 plurisue',
1330 3645 1497 3716 quiaquod⁴
1508 3661 1553 3701 res

112 3737 200 3809 pluris
218 3739 270 3804 cst,
287 3735 384 3804 ntique
401 3732 472 3788 tanti
490 3736 541 3787 est
871 3759 873 3762 ·
1571 3749 1601 3792 ss

60 3824 98 3884 10
166 3825 395 3881 cunemannus
412 3821 481 3877 libro
502 3821 591 3892 primo
609 3821 808 3890 quaestionum.
844 3820 877 3876 In
899 3820 1099 3890 instrumentis,
1124 3834 1195 3889 quae
1232 3831 1259 3879 a.
1270 3833 1308 3888 at,
1319 3834 1341 3890 e,
1352 3834 1389 3880 10.
1413 3833 1455 3894 Ep.
1471 3836 1508 3890 ιι,
1522 3835 1553 3882 es
1570 3833 1598 3887 Ρ

113 3913 176 3985 quis
194 3927 252 3967 nou
269 3910 389 3980 exhrtet,
409 3911 494 3966 actori
511 3910 679 3980 permittitur
694 3911 722 3966 in
740 3911 815 3966 litem
833 3910 930 3980 iurare,
949 3909 1045 3980 quanti
1062 3909 1238 3965 suaintorest
1250 3909 1417 3982 eaproterri,
1436 3899 1553 3968 uttan—ti

114 4001 315 4059 condemnetur
331 4015 409 4054 reus:
428 3999 511 4069 idque
529 3999 612 4055 etiam
630 3997 711 4054 diuus
729 3998 895 4056 Commodus
913 3997 1061 4067 rescripsit

61 4092 95 4150 11
163 4091 289 4146 Paucos
306 4087 376 4144 libro
393 4089 474 4144 tertio
491 4102 694 4159 responsorum.
729 4089 772 4143 De
795 4088 915 4158 periurio
938 4086 1011 4156 eins,
1035 4085 1136 4157 quiex
1153 4101 1200 4142 ne·
1219 4083 1552 4172 Q
1569 4098 1597 4154 Ρ

113 4180 246 4236 cessitate
262 4177 329 4233 iuris
347 4178 376 4232 in
394 4177 469 4232 litem
486 4177 595 4248 iurauit,
614 4176 709 4247 quaeri
725 4175 806 4232 facile
823 4191 879 4232 non
896 4175 993 4231 solere.
1054 4179 1055 4186 ’

111 4266 250 4340 sffap]

113 4394 122 4429 ¹
140 4391 224 4462 inter]
236 4391 466 4462 perleompsndr'ts
475 4377 657 4464 penetrem?
710 4389 800 4446 'iuris
813 4388 972 4462 (Knssperll
1025 4388 1185 4444 ³delatione
1198 4387 1293 4454 (atii
1346 4389 1440 4458 ⁴quae
1452 4387 1553 4456 (Helii

111 4517 248 4572 lnolunt
264 4515 305 4569 P·
358 4515 547 4584 'lpoetuletur
564 4515 600 4567 F¹
653 4513 733 4570 Suel
751 4529 806 4570 non
859 4513 895 4567 20
911 4511 1070 4567 bonate⁴F²
1113 4513 1147 4566 tr
1168 4509 1203 4566 ad
1221 4525 1303 4582 quern
1322 4501 1363 4565 P'⁶
1378 4512 1383 4581 Ι
1399 4511 1432 4581 ci]
1453 4517 1481 4567 et
1494 4511 1552 4584 ΡΙ

182 4588 200 4642 9
223 4584 414 4658 iusiurandum
441 4605 490 4639 om.
511 4586 551 4639 P·
613 4585 629 4639 9
657 4585 740 4640 ullam
768 4585 804 4638 Εἰ
859 4583 987 4652 iuratum]
1010 4583 1154 4638 iurandum
1178 4582 1219 4636 P·
1276 4583 1311 4638 25
1338 4583 1397 4639 sine
1421 4583 1554 4639 relatione

114 4659 145 4714 ll
155 4673 191 4713 ne
203 4657 357 4712 ...iuretur
365 4675 414 4710 om.
424 4657 464 4711 1³⁶
493 4654 663 4712 12delerel'
673 4659 677 4720 Ι
694 4655 804 4712 iu'ri’s-
859 4654 1042 4724 iurisiurandi]
1060 4655 1119 4710 sine
1138 4654 1276 4709 delatione
1287 4655 1460 4710 iurisiurandi
1479 4657 1554 4710 dett:

111 4729 258 4786 iurandum
276 4729 310 4792 (ri
327 4728 471 4792 m.2add.,
489 4727 661 4794 mosdsleuit)
679 4729 719 4781 F’
734 4729 739 4795 Ι
754 4741 806 4782 neo
860 4727 916 4798 lixa
943 4725 991 4780 rste
1017 4725 1065 4786 τοῨ
1092 4725 1172 4796 ὃρκογ
1199 4724 1334 4790 ἐιιιιωιΐιο
1359 4726 1408 4780 BS
1431 4727 1479 4792 (St
1512 4727 1554 4792 d.)

112 4801 156 4872 ne]
180 4815 233 4856 nec
255 4799 303 4864 P⁴,
331 4799 385 4854 hoc
407 4796 486 4863 P‘U,
509 4799 554 4853 ott
579 4807 606 4852 tn
629 4818 679 4870 ηιμ.
697 4803 807 4874 offertur
859 4799 895 4854 32
913 4796 980 4852 libro
1003 4796 1071 4851 xuiii
1087 4797 1120 4862 P,
1143 4795 1211 4851 libro
1234 4797 1331 4852 xxuiiii
1352 4796 1378 4853 U
1396 4799 1401 4864 Ι
1421 4801 1496 4852 tutor
1529 4795 1553 4852 ai

111 4871 241 4942 Ηρωια)
288 4871 322 4926 13
340 4868 522 4926 iurisiurando
537 4867 616 4923 P0U·
661 4871 694 4924 18
713 4869 748 4924 ad
766 4870 806 4924 iu·
859 4871 934 4924 tutor
952 4866 1006 4922 PU
1055 4867 1090 4922 35
1112 4865 1262 4938 pr‘a'etium
1284 4867 1323 4921 Ρ
1376 4869 1411 4924 36
1433 4866 1551 4938 iurandi]

112 4943 202 4998 dicem
220 4942 262 4997 P·
316 4943 351 4996 19
369 4943 414 4994 t5
433 4947 594 4996 seminantur
612 4942 766 4996 amscsdentr'
778 4941 806 5005 F,
860 4939 922 5005 PU,
944 4937 1045 4994 iuranti
1062 4938 1089 4990 F
1135 4939 1171 4995 40
1188 4939 1217 4996 in
1236 4939 1338 4996 ocsP‘
1390 4939 1425 4996 41
1445 4939 1504 5012 sut]
1523 4939 1553 4996 ill

113 5024 189 5071 mser.
213 5013 264 5070 tt
288 5020 347 5069 cote
370 5011 422 5069 sed
443 5011 526 5070 lodex
548 5011 627 5066 n20
652 5014 757 5069 eotecm
783 5009 811 5066 P
861 5009 1139 5081 suaP⁶ltantoP·
