3600 5354
258 207 316 275 1111
339 209 360 276 2
379 214 454 270 2-9
640 260 647 272 .
939 203 1026 280 114
1332 223 1428 281 onon
1451 221 1566 270 ursus
1588 219 1699 270 osnes

258 361 365 418 fundet:
384 362 434 417 sed
452 365 601 432 potuerunt
618 363 664 416 uel
681 376 737 417 nou
754 362 814 416 inre
831 361 932 430 occidi,
952 365 981 415 et
998 361 1061 416 ideo
1079 362 1168 417 iustum
1186 359 1270 416 merit
1285 363 1384 414 metus.
1415 360 1465 414 sed
1483 359 1565 427 etsi,
1584 373 1619 412 ne
1636 372 1698 428 pro·

258 451 340 506 datur
357 449 393 505 ab
411 465 444 505 eo
462 450 510 520 qui
527 449 750 520 deprehenderit,
775 449 948 519 cliensuerit,
967 450 1089 505 succurri
1106 458 1134 505 et
1150 464 1201 520 per
1218 448 1271 505 hoo
1288 447 1408 504 edictum
1425 447 1549 515 uidetur,
1569 446 1698 516 quoniam

258 538 282 594 si
299 539 424 608 proditus
442 542 525 607 esset,
542 538 663 608 potuerit
681 553 714 592 ea
732 538 789 608 pati
808 553 879 607 quae
897 538 1025 593 diximus.
1412 547 1417 558 ·

220 627 239 687 8
312 627 430 682 Pennus
447 625 516 681 libro
533 626 679 682 undecimo
696 625 732 682 ad
751 625 880 681 edictum.
907 627 957 682 Isti
974 627 1085 697 quidem
1104 631 1133 681 et
1149 625 1177 680 in
1195 626 1284 696 legem
1293 625 1393 680 lulium
1404 622 1537 692 incidunt,
1557 617 1698 705 [ᾗῇ
1716 627 1744 682 E

258 714 331 784 qued
348 730 398 784 pro
417 719 547 784 conperto
566 717 661 784 stupro
678 719 852 784 acceperunt
879 721 990 785 praetor
1005 719 1097 770 umen
1116 714 1198 769 etism
1212 717 1244 768 ut
1261 713 1407 768 restituant
1424 711 1589 766 interuenire
1601 710 1697 766 debet:
1716 721 1730 762 s

257 818 322 858 nem
339 807 368 857 et
385 807 494 872 gestum
513 807 556 857 est
574 803 645 858 melo
663 817 752 871 more,
777 808 806 858 et
821 808 932 872 praetor
949 819 1005 859 uon
1022 803 1147 873 respicit,
1170 818 1206 857 an
1224 802 1331 857 adulter
1348 801 1386 855 sit
1402 801 1450 870 qui
1467 799 1557 869 dedit,
1578 799 1629 854 sed
1647 799 1698 854 hec

226 896 238 940 1
258 891 353 960 solum,
372 890 447 960 quod
464 890 508 945 hic
525 891 634 959 accepit
651 896 726 946 metu
744 891 840 946 mertia
858 892 941 947 illato.
970 891 998 946 Si
1016 891 1041 946 is
1056 891 1175 961 occipiat
1184 891 1338 961 pecuniam,
1357 888 1404 958 qui
1414 889 1597 944 instrumento
1608 892 1698 942 status

257 979 311 1034 mci
329 979 530 1034 inter-uersuros
548 983 592 1033 est
609 978 663 1034 nisi
680 979 752 1048 dem,
770 993 826 1034 non
844 979 984 1035 dubitetur
1001 979 1067 1049 quin
1085 979 1204 1034 maximo
1223 983 1298 1034 mutu
1317 977 1470 1046 compellet,
1488 977 1585 1046 ntique
1601 976 1625 1030 si
1643 977 1697 1030 mm

223 1067 285 1121 sin
310 1067 470 1122 seruitutem
493 1071 572 1136 petor
595 1072 624 1122 et
647 1067 700 1122 illis
724 1067 912 1122 instrumentis
937 1067 1052 1138 perditis
1074 1067 1142 1122 liber
1158 1067 1328 1137 pronuntiari
1347 1080 1401 1120 nen
1419 1079 1541 1135 possem.
1577 1063 1698 1130 Quodsi

257 1154 365 1210 dederit
382 1159 559 1224 nesstnprnm
577 1155 697 1224 patietur
714 1157 757 1211 uir
774 1173 824 1212 seu
843 1157 948 1226 mnlier,
968 1156 1020 1213 heo
1037 1156 1157 1212 edictum
1175 1157 1265 1212 locum
1284 1153 1374 1221 habet,
1394 1167 1457 1207 cnm
1474 1152 1541 1207 uiris
1553 1151 1633 1206 bonis
1646 1152 1698 1206 istc
1718 1165 1746 1224 so

225 1246 239 1290 8
259 1248 349 1298 metue
361 1244 448 1298 mcior
459 1258 541 1312 quum
554 1244 649 1297 mortis
662 1259 724 1298 esee
736 1243 826 1299 debet
854 1245 941 1314 Huec,
953 1260 1024 1314 quae
1037 1244 1156 1300 diximus
1169 1243 1205 1298 ed
1218 1243 1337 1298 edictum
1350 1242 1493 1310 pertinere,
1507 1239 1572 1295 nihil
1585 1241 1699 1294 interest

258 1332 287 1386 in
305 1347 335 1386 se
353 1332 415 1401 quis
432 1331 536 1385 neritus
555 1331 591 1386 sit
609 1346 645 1386 en
662 1331 690 1386 in
708 1331 800 1387 liberis
813 1333 879 1402 nnis,
898 1349 959 1388 oum
972 1349 1021 1406 pro
1034 1333 1135 1388 affectu
1148 1337 1276 1402 parentes
1289 1330 1378 1398 magis
1391 1329 1419 1384 in
1431 1328 1524 1384 liberis
1535 1333 1697 1383 terreantur.

220 1411 239 1469 9
312 1418 463 1474 Uurmuus
481 1417 549 1474 libro
566 1419 711 1476 undecimo
730 1420 766 1475 ud
783 1420 913 1476 edictum.
943 1421 1045 1476 lietum
1065 1425 1156 1476 autem
1171 1424 1344 1490 praesentem
1357 1417 1481 1486 occipere
1493 1417 1539 1472 de·
1559 1413 1697 1500 ffi‘r—ttho
1716 1422 1744 1475 E

257 1507 368 1577 bemus,
393 1523 448 1562 non
471 1507 654 1576 suspicionem
677 1506 811 1564 inferendi
832 1509 909 1564 eius:
933 1515 961 1564 et
980 1509 1020 1564 ita
1037 1509 1203 1579 Pomponius
1221 1507 1290 1562 libro
1308 1506 1458 1562 uicensimo
1477 1510 1576 1560 octauo
1595 1505 1704 1574 scribit,

257 1596 297 1650 cit
314 1595 387 1650 enim
404 1599 507 1650 metrum
525 1595 629 1650 illatum
647 1595 846 1666 accipiendum,
865 1597 894 1651 id
912 1603 955 1652 est
973 1598 996 1652 si
1014 1597 1104 1652 illatus
1123 1601 1166 1652 cat
1184 1595 1264 1651 timor
1282 1595 1429 1664 abaliquo.
1459 1593 1746 1663 deniquetraclst,.1c

257 1684 282 1740 si
299 1681 414 1738 fundum
432 1697 522 1738 meum
540 1683 709 1752 dereliquero
728 1684 829 1754 audito,
843 1685 1003 1772 pumiceis
1021 1701 1083 1740 cum
1096 1685 1179 1740 armis
1192 1683 1306 1752 ueniet,
1327 1697 1362 1737 nn
1376 1683 1439 1737 huic
1451 1682 1542 1737 edicto
1553 1683 1631 1737 locus
1644 1681 1699 1736 sit?

258 1777 287 1828 et
298 1769 383 1827 refert
394 1769 551 1826 Labeonem
564 1773 720 1827 existimare
733 1773 822 1829 edictu
835 1774 924 1828 locum
937 1789 992 1828 non
1004 1789 1066 1829 esse
1078 1777 1107 1828 et
1119 1772 1191 1827 unde
1204 1769 1232 1826 ui
1244 1771 1419 1826 interdictum
1433 1785 1549 1839 cessare,
1569 1769 1698 1839 qnoniam

257 1876 313 1916 non
330 1860 427 1914 uideor
443 1859 472 1913 ui
489 1858 625 1929 deiectus,
648 1861 696 1930 qui
713 1860 784 1916 deici
801 1877 857 1916 non
875 1863 1021 1932 expectaui
1038 1861 1088 1918 sed
1105 1858 1223 1931 profugi.
1258 1861 1336 1914 aliter
1354 1865 1438 1930 atque
1456 1859 1492 1928 si,
1517 1864 1698 1929 posteaquam

258 1948 357 2004 erm-nti
374 1947 492 2016 ingressi
510 1952 587 2018 sunt,
610 1953 676 2003 tunc
693 1948 821 2004 discessi:
846 1949 909 2004 huic
926 1951 999 2006 enim
1017 1950 1108 2006 edicto
1126 1949 1215 2004 locum
1234 1946 1334 2004 iacere.
1371 1948 1445 2003 idem
1464 1949 1515 2018 cit,
1540 1953 1570 2004 et
1586 1948 1610 2002 si
1628 1945 1698 2002 forte

259 2035 382 2092 adhibita
403 2051 487 2090 manu
509 2035 537 2089 in
560 2049 622 2092 mee
645 2037 704 2092 solo
728 2053 778 2107 per
800 2039 856 2092 uim
880 2036 1021 2108 aedifices,
1046 2043 1075 2092 et
1095 2037 1272 2092 interdictum
1295 2035 1369 2105 qnod
1392 2036 1421 2090 ui
1445 2041 1494 2090 eut
1512 2035 1581 2090 dam
1600 2040 1630 2090 et
1646 2035 1699 2090 huc
1718 2045 1746 2085 ro

258 2123 379 2180 edictum
401 2123 491 2178 locum
514 2121 629 2198 hebere,
653 2125 758 2186 scilicet
778 2127 906 2195 quonium
925 2132 1000 2180 metu
1018 2126 1108 2196 patior
1124 2126 1153 2180 id
1170 2130 1199 2181 te
1217 2124 1317 2180 iecere.
1349 2123 1398 2180 sed
1417 2129 1448 2178 ct
1465 2123 1489 2178 si
1506 2140 1556 2195 per
1572 2125 1630 2180 urim
1649 2124 1698 2180 tibi

226 2225 239 2271 1
259 2212 460 2282 possessionem
478 2211 624 2282 tradidero,
643 2213 710 2270 dieit
721 2215 887 2283 Pomponius
906 2213 972 2269 hoc¹
992 2215 1081 2270 edicte
1099 2215 1189 2269 locum
1202 2227 1272 2268 esse.
1299 2211 1583 2270 Animaduertcndnm
1596 2219 1698 2290 sutem,

259 2299 334 2370 quod
351 2305 460 2370 praetor
476 2299 529 2354 hoc
547 2300 638 2356 edicte
654 2303 819 2370 generaliter
836 2307 865 2357 et
881 2303 910 2356 in
927 2318 984 2357 rem
1003 2301 1123 2373 loquitur
1145 2317 1198 2357 nec
1220 2302 1305 2356 adicit
1326 2317 1344 2355 a
1368 2316 1423 2370 quo
1441 2306 1564 2370 gestum:
1588 2307 1618 2357 ct
1635 2301 1699 2357 ideo

260 2389 320 2444 siue
343 2387 489 2458 singularis
513 2387 549 2444 sit
571 2403 701 2458 persone,
725 2405 796 2458 quae
819 2395 921 2445 metum
944 2391 1049 2464 iutstlit,
1072 2391 1117 2446 uel
1134 2391 1253 2462 populus
1271 2391 1315 2445 uel
1334 2389 1411 2445 curis
1426 2389 1472 2444 uel
1490 2391 1635 2458 collegium
1654 2391 1699 2445 uel

261 2489 373 2547 corpus,
396 2475 461 2532 huic
483 2475 574 2531 edicto
595 2477 672 2532 locus
695 2478 755 2532 erit.
791 2477 840 2533 sed
863 2479 928 2534 licat
949 2479 1006 2533 nim
1029 2477 1131 2534 fuctum
1149 2496 1167 2534 a
1184 2493 1357 2550 quocumque
1374 2484 1484 2547 praetor
1501 2479 1698 2548 conplectitur,
1717 2487 1745 2529 ae

261 2565 400 2634 eleganter
419 2569 512 2620 tamen
529 2565 695 2635 Pomponius
718 2567 772 2636 cit,
795 2567 820 2622 si
842 2582 897 2636 quo
920 2567 1008 2636 megin
1031 2571 1060 2622 te
1082 2567 1117 2622 de
1141 2568 1169 2622 ni
1188 2567 1307 2623 hostium
1325 2567 1370 2622 uel
1389 2569 1525 2623 latronum
1543 2567 1586 2622 uel
1604 2567 1700 2636 populi

261 2657 353 2708 tuerer
369 2653 413 2708 uel
430 2652 583 2722 liberarem,
604 2653 707 2724 uliquid
725 2671 744 2709 a
759 2659 788 2710 te
806 2669 938 2724 accepero
957 2656 1001 2711 uel
1019 2661 1047 2711 te
1065 2654 1233 2726 obligauero,
1252 2672 1307 2710 nou
1324 2655 1425 2711 debere
1442 2671 1487 2710 me
1505 2655 1558 2710 hoo
1578 2655 1588 2723 ΙΙ
1608 2655 1699 2712 edicto
1716 2659 1779 2708 ttl'

261 2742 356 2810 teneri,
375 2741 427 2796 nisi
444 2740 504 2810 ipse
522 2741 593 2797 hanc
611 2741 660 2798 tibi
678 2743 735 2798 uim
754 2744 891 2800 summisi:
910 2748 1030 2799 ceterum
1049 2744 1073 2798 si
1091 2745 1196 2800 alienus
1208 2757 1268 2799 sum
1282 2760 1299 2798 a
1311 2745 1347 2814 ui,
1366 2745 1452 2799 teucri
1465 2759 1509 2800 me
1522 2755 1576 2798 non
1589 2743 1699 2811 debere,

228 2832 243 2878 2
262 2843 315 2898 ego
337 2829 410 2884 enirn
430 2844 530 2898 operue
548 2830 640 2900 potius
658 2846 736 2886 mese
755 2832 908 2887 mercedem
927 2833 1068 2902 accepisse
1085 2832 1190 2888 uideor.
1226 2832 1302 2887 Idem
1321 2831 1489 2903 Pomponius
1506 2831 1601 2886 scribit
1618 2847 1699 2901 ques-

262 2915 325 2971 dam
342 2915 414 2972 bene
431 2923 528 2986 putare
545 2919 628 2974 etiam
647 2920 720 2974 nerui
739 2920 978 2975 manumissionem
996 2921 1040 2975 uel
1058 2911 1175 2976 aedilicii
1193 2920 1400 2991 depositionem,
1418 2935 1500 2990 quam
1513 2920 1574 2990 quis
1587 2925 1699 2976 cocetum
1718 2929 1746 2970 ιο

228 3001 335 3074 tionis,
354 3005 390 3060 cd
408 3007 608 3062 restitutionem
627 3007 708 3063 huius
726 3008 810 3064 edicti
827 3009 1020 3078 porrigendum
1039 3023 1109 3064 csse.
1138 3008 1194 3064 Sed
1212 3008 1285 3078 qnod
1303 3014 1414 3079 prsetor
1431 3008 1470 3064 ait
1487 3014 1577 3064 ratum
1595 3023 1626 3063 ee
1645 3023 1699 3064 non

261 3091 431 3163 habiturum,
455 3099 591 3162 quatenus
614 3096 803 3166 accipiendum
825 3102 869 3152 est
891 3097 1044 3152 uideamus.
1076 3097 1233 3167 etquidem
1250 3101 1300 3154 aut
1317 3095 1477 3167 imperfecta
1494 3112 1538 3152 ree
1556 3101 1612 3167 est,
1636 3097 1700 3152 licet

262 3186 351 3236 metus
368 3181 559 3252 intercessus,
582 3187 614 3238 ut
630 3188 699 3253 putu
716 3185 917 3254 stipulationem
936 3186 1089 3242 numeratio
1106 3201 1162 3240 non
1180 3190 1224 3241 est
1241 3191 1350 3256 secuta,
1374 3191 1423 3240 sut
1438 3183 1575 3254 perfecta,
1595 3185 1618 3240 ni
1636 3190 1700 3255 post
1717 3187 1718 3190 ’

261 3269 464 3339 stiprdctionem
482 3275 512 3324 et
528 3271 680 3327 numeratio
697 3270 772 3327 lacte
789 3277 832 3328 est
847 3279 899 3329 'cut
915 3289 965 3343 per
982 3278 1086 3330 metum
1104 3278 1219 3344 accepto
1238 3274 1345 3329 debitor
1362 3273 1493 3329 liberatus
1512 3279 1556 3328 est
1573 3273 1617 3328 nel
1633 3272 1699 3343 quid

261 3357 350 3414 simile
372 3357 532 3428 contigerit²
549 3358 624 3427 quod
641 3362 781 3430 negotium
799 3361 950 3432 perficeret
983 3365 1012 3418 et
1030 3363 1197 3432 Pomponius
1215 3361 1356 3418 scribitis
1373 3362 1491 3431 negotiis
1509 3361 1619 3431 quidem
1638 3376 1699 3431 per·
1717 3363 1745 3412 te

261 3443 341 3501 fectis
365 3452 394 3502 et
416 3446 605 3516 exceptionem
628 3448 764 3504 interdum
786 3455 816 3504 et
837 3451 974 3506 sotionem
998 3455 1167 3521 competere,
1189 3451 1217 3505 iu
1241 3448 1408 3520 imperfectis
1431 3455 1522 3506 autem
1547 3451 1635 3506 solem
1653 3465 1707 3504 ex·-

262 3534 423 3603 ceptiouem.
459 3534 510 3590 sed
532 3549 568 3590 ex
588 3533 663 3591 sueto
684 3537 757 3608 seio,
780 3554 843 3593 cum
861 3539 993 3609 Osmpcni
1017 3546 1092 3595 metu
1117 3539 1225 3596 cuidam
1249 3540 1323 3595 illuto
1345 3539 1526 3594 extorsissent
1543 3539 1698 3594 motionem

261 3622 475 3693 pollicitationis,
498 3624 660 3694 rescriptum
685 3641 747 3682 esse
770 3625 806 3681 ab
828 3627 991 3696 imperatore
1015 3634 1108 3684 nosue
1131 3643 1213 3698 posse
1237 3642 1300 3682 enm
1324 3643 1342 3682 c
1364 3633 1491 3698 praetore
1514 3627 1542 3682 iu
1563 3628 1699 3696 integrum

261 3709 460 3766 restitutionem
478 3713 625 3784 postulare,
643 3719 673 3770 et
689 3720 843 3785 praetorem
861 3730 905 3770 me
923 3716 1067 3772 adsidente
1083 3717 1277 3774 interlocutum
1294 3729 1365 3786 esse,
1382 3721 1414 3772 ut
1425 3716 1485 3772 sine
1497 3717 1606 3772 wdone
1618 3715 1701 3770 uellet

262 3814 442 3888 amm]

264 3974 273 4008 ¹
292 3971 356 4028 huic
374 3974 475 4042 (detali
546 3976 709 4048 ²contigit?

264 4097 407 4182 lmenus
420 4099 458 4151 F’
473 4099 478 4165 Ι
493 4099 536 4168 ne]
556 4115 610 4154 non
623 4100 664 4154 P·
708 4101 954 4172 sdeprshcndutt
1007 4105 1041 4158 19
1051 4101 1227 4160 incessant*
1243 4104 1248 4172 1
1264 4102 1355 4160 edicto
1364 4103 1459 4158 om.P⁶
1493 4104 1528 4158 21
1538 4101 1700 4160 heberetP·

263 4168 300 4222 F¹
322 4170 326 4234 Ι
346 4168 381 4253 er]
405 4167 527 4234 PVUU,
551 4175 580 4224 ct
602 4171 697 4240 fflil
717 4173 827 4228 uidetur
851 4193 901 4228 om.
913 4174 954 4228 P·
1006 4175 1041 4229 22
1059 4173 1207 4245 hochP‘,
1225 4173 1288 4230 huic
1306 4173 1431 4229 1²⁸an
1486 4175 1521 4229 23
1540 4191 1557 4229 a
1574 4175 1705 4244 quo's'l'

263 4240 394 4323 3potu1t
416 4239 497 4324 PYU
555 4242 742 4312 eremperto
769 4245 807 4298 F³
865 4245 953 4299 loc·
1006 4247 1043 4300 24
1060 4246 1214 4316 singulorus
1233 4247 1281 4300 Fu
1302 4248 1306 4313 Ι
1328 4245 1407 4315 quae]
1428 4260 1461 4300 ea
1481 4261 1552 4316 quae
1570 4245 1698 4312 PVLUi

263 4310 841 4453 sustinetsustinet
858 4314 960 4440 {lif
1007 4317 1153 4442 “titi
1175 4316 1466 4458 2⁶²⁵il⁰tlil¹tt
1479 4317 1700 4442 filiii&

263 4451 448 4574 {depellebat
465 4449 542 4517 ΡΨ,
561 4455 707 4537 compellor
725 4403 798 4521 eslii,
817 4427 955 4556 conpellari
979 4463 981 4466 '
1008 4457 1050 4513 ‘et’
1063 4457 1115 4513 hoc
1126 4459 1165 4512 1²³
1218 4401 1289 4559 iilic
1306 4459 1345 4528 ui]
1363 4459 1392 4512 ui
1405 4458 1454 4522 Ρη
1465 4459 1593 4544 .⁰'”·‚U'.'
1608 4463 1701 4544 terme

264 4539 395 4674 n'iss'ssu
415 4591 465 4646 sn
478 4523 956 4681 pppppn,i„,1tpgi;p
1008 4529 1047 4654 ii
1052 4527 1327 4668 inmittit
1330 4529 1407 4654 ni}
1419 4528 1506 4654 ill
1516 4530 1572 4652 1⁰3¹
1581 4529 1707 4668 edlilii

265 4661 300 4714 12
326 4676 362 4716 an
385 4661 422 4732 ιιι]
448 4669 496 4718 aut
517 4665 565 4730 P·,
592 4671 641 4720 aut
663 4683 691 4722 ιιι
714 4669 771 4733 VU,
795 4684 831 4722 un
848 4695 862 4721 ι
878 4685 906 4722 ιιι
930 4669 955 4722 L
1008 4667 1053 4734 F‘,
1066 4671 1160 4725 tuci*
1176 4673 1180 4738 Ι
1195 4671 1358 4739 numeratio]
1368 4685 1421 4725 non
1431 4669 1551 4724 ectioPt
1568 4671 1573 4737 Ι
1588 4675 1701 4742 accepts

265 4731 300 4785 15
318 4733 512 4816 nccepiendum
530 4737 565 4788 Ρ
587 4736 591 4804 Ι
610 4736 640 4791 id
657 4737 709 4806 est]
733 4737 796 4793 ideo
814 4739 861 4803 P0,
883 4738 912 4794 id
930 4738 955 4792 L
1008 4739 1163 4795 debiturum
1175 4741 1216 4796 P·
1267 4743 1304 4796 35
1316 4742 1480 4810 contingerit
1491 4741 1535 4808 ΡΙ
1550 4741 1702 4811 perfeceret

265 4803 300 4856 16
317 4801 505 4874 derelinquere
522 4803 541 4860 s.
554 4807 635 4872 m.P,
652 4805 671 4862 s.
687 4824 723 4864 m.
740 4809 954 4878 derelinquerem
1008 4811 1056 4864 p..
1101 4813 1136 4866 36
1148 4812 1176 4866 in
1188 4831 1237 4866 usn.
1251 4811 1315 4866 Pu
1360 4813 1395 4867 3⁸1
1413 4809 1544 4882 exsecto]
1556 4813 1700 4885 exsplecte

267 4871 311 4939 Ul
327 4888 389 4929 cum
403 4875 476 4930 orbis
489 4875 526 4930 Ρ
543 4877 547 4944 Ι
563 4875 659 4932 hicP·
696 4881 729 4934 17
744 4879 954 4936 eximcdictnm
1008 4881 1049 4935 P·
1064 4882 1069 4950 Ι
1084 4881 1156 4952 cnm]
1175 4897 1236 4939 com
1254 4883 1291 4937 P¹

264 4943 305 4997 P⁴¹
321 4943 325 5014 Ι
341 4945 496 5002 undonil'¹
534 4947 568 5002 18
577 4946 748 5018 delectusFt
763 4951 953 5021 erpactcnilPl
