3674 5362
128 207 295 258 recusso.
809 179 897 260 437
1370 186 1430 255 XV
1453 192 1467 254 1
1489 195 1569 251 3-4

128 362 178 404 sno
202 346 272 403 solui
293 345 448 415 mandauit,
475 358 536 400 esse
559 341 711 413 obligatum
733 341 874 400 dominum
901 342 936 398 de
962 343 1083 413 peonlio:
1111 345 1185 415 quod
1212 345 1235 401 si
1262 344 1451 403 interoessoris
1477 343 1568 403 offieio

94 443 109 489 7
128 433 238 492 funotus
257 435 305 504 sit,
328 450 384 490 noa
406 433 521 502 obligari
545 433 684 488 dominum
709 433 743 488 de
766 431 882 502 pesullo.
919 430 972 486 (lui
990 433 1122 503 oongruit,
1141 434 1215 504 quod
1233 434 1305 490 idem
1324 435 1445 490 lulianus
1463 434 1567 506 seribit,

128 525 152 580 si
171 540 187 578 a
204 521 261 578 tilio
279 536 341 578 meo
359 520 547 578 fideiussorem
566 536 706 591 aooepero,
725 519 858 590 quidquid
876 535 894 575 a
910 517 1071 576 fideiussore
1090 537 1230 592 aooepero,
1249 522 1278 577 id
1290 538 1333 578 me
1346 539 1401 580 non
1414 523 1448 578 de
1463 524 1492 578 in
1509 539 1566 578 rem

128 627 217 682 uerso,
236 611 285 668 sed
304 611 338 666 de
356 611 463 682 poentio
482 612 589 666 eodone
607 610 729 665 mandati
746 613 957 680 praestaturum.
988 609 1062 666 idem
1081 611 1199 680 eoeipias
1217 616 1246 666 et
1262 611 1290 666 in
1306 612 1380 667 serui
1397 610 1566 688 fideiussore,

128 701 255 771 idemque
273 701 297 756 si
315 701 384 756 alius
401 699 467 756 mihi
484 715 534 770 pro
550 697 606 754 filio
618 713 680 754 meo
692 698 815 754 debitore
828 699 964 754 noluisset
982 697 1055 767 quod
1066 699 1089 754 si
1101 697 1172 754 iilius
1185 715 1263 756 meus
1274 700 1383 756 debitor
1394 716 1449 756 non
1461 699 1566 759 suisset,
1586 708 1600 750 ὅ

95 799 109 844 a
128 791 289 860 exeeptione
308 789 363 845 doli
380 787 568 844 fideiussorem
587 802 699 842 usurum
712 791 749 856 et,
768 787 793 842 si
804 787 940 856 noluisset,
959 786 1147 844 eondiotmum
1160 787 1263 844 scribit
1291 787 1321 844 Si
1339 786 1567 875 Q

128 893 233 948 serum,
252 894 315 934 eum
333 892 364 932 se
382 893 431 947 pro
449 875 534 932 libero
552 880 668 946 gereret,
687 875 912 944 compromiserit,
930 875 1082 946 quaeritur,
1102 891 1137 932 an
1156 876 1191 932 de
1208 878 1315 948 peoulio
1334 880 1406 933 aetio
1425 894 1568 948 expuens

128 966 317 1038 eompromlssi
334 966 413 1035 qnasi
430 981 465 1022 ex
483 965 594 1034 negotio
612 969 692 1034 gesto
710 964 802 1020 danda
819 964 868 1032 sit,
892 964 974 1020 siouti
996 965 1163 1020 traiectioiae
1180 967 1313 1036 peeuniae
1331 966 1421 1024 datur.
1448 967 1498 1022 sed
1515 967 1567 1024 boo

128 1061 157 1112 et
168 1057 275 1112 Neruae
293 1053 348 1111 filio
367 1059 395 1110 et
413 1053 479 1110 mibi
496 1053 605 1114 uidetur
622 1053 714 1109 uerius
732 1069 767 1110 ex
786 1051 982 1122 eompromieso
1000 1053 1073 1108 serui
1090 1069 1145 1110 non
1164 1054 1283 1110 dandam
1304 1055 1339 1110 de
1356 1056 1464 1126 peeutio
1483 1057 1566 1114 aetio

96 1153 200 1214 enem,
218 1145 283 1214 quia
300 1158 351 1198 neo
369 1143 393 1198 si
411 1141 511 1198 iudieio
530 1142 726 1199 condemnetur
744 1157 854 1212 seruus,
874 1141 955 1196 datur
973 1141 1002 1198 in
1019 1156 1082 1196 eum
1101 1144 1182 1199 aetio.
1218 1142 1274 1200 Sed
1292 1145 1316 1200 si
1334 1143 1405 1200 filius
1423 1142 1567 1202 fideiussor
1586 1152 1615 1192 1⁰

128 1235 172 1290 uel
195 1234 275 1304 quasi
297 1233 466 1287 interuentor
489 1235 619 1301 aceeptus
643 1231 692 1301 sit,
718 1247 754 1286 an
777 1229 812 1286 de
835 1230 943 1299 poentio
961 1233 1068 1300 patrem
1086 1230 1198 1302 obligat,
1217 1233 1364 1303 quaeritur.
1393 1237 1423 1288 et
1440 1239 1483 1288 est
1501 1248 1568 1290 uera

129 1323 223 1379 Sabini
241 1327 269 1377 et
287 1321 376 1378 Cassii
399 1320 537 1376 sentemia
560 1319 774 1376 existimantium
799 1333 908 1389 semper
930 1317 1045 1387 obligari
1069 1325 1175 1388 petrem
1194 1321 1228 1378 de
1246 1323 1353 1392 poeulio
1371 1325 1401 1376 et
1418 1321 1520 1378 distare
1538 1321 1567 1376 iu

83 1421 110 1466 ιο
128 1411 180 1468 boe
198 1428 215 1466 a
232 1425 321 1466 seruo.
359 1409 448 1475 Quare
471 1415 501 1466 et
524 1424 559 1464 ex
583 1408 779 1478 compromisso
796 1413 875 1478 pater
898 1405 1043 1462 tenebitur.
1073 1413 1102 1464 et
1124 1409 1164 1464 ita
1180 1410 1347 1480 Papinianus
1364 1425 1474 1481 quoque
1492 1407 1568 1496 Ἑρ]

128 1501 196 1556 libro
214 1514 286 1556 uono
304 1499 495 1568 quaestionum
514 1497 610 1553 seribit
627 1512 679 1552 nee
696 1497 829 1552 interesse
847 1497 893 1567 ait,
913 1511 947 1551 ex
959 1511 1014 1565 qua
1031 1511 1116 1552 eausa
1128 1499 1351 1569 eompromiserit,
1370 1504 1462 1554 utrum
1480 1516 1516 1556 ex
1531 1516 1568 1564 ea

128 1605 224 1659 taum,
247 1603 281 1643 ex
299 1603 355 1657 qua
372 1587 480 1658 potuit¹
499 1603 561 1642 eum
579 1591 657 1656 patre
676 1584 710 1640 de
728 1585 836 1654 poentio
854 1599 945 1654 agera
965 1599 1000 1640 an
1018 1600 1085 1640 uero
1104 1600 1139 1640 ex
1157 1587 1207 1642 ea¹
1225 1603 1280 1657 qua
1297 1603 1352 1644 non
1369 1587 1485 1659 potuit⁸,
1504 1605 1567 1644 eum
1586 1593 1616 1636 ¹⁸

82 1689 109 1734 ιι
128 1694 163 1734 ex
186 1677 317 1747 stipulatu
339 1682 418 1747 pater
433 1676 628 1734 ,conueniatun
665 1673 741 1730 Idem
765 1671 860 1728 soribit
883 1673 995 1728 iudioati
1019 1687 1128 1744 quoqne
1149 1680 1256 1746 patrem
1278 1676 1313 1731 de
1334 1676 1442 1746 peculio
1460 1677 1567 1734 eodone

127 1768 228 1836 tenen,
251 1766 325 1836 quod
342 1770 371 1820 et
388 1764 531 1820 Marcellus
549 1767 640 1834 putat,
664 1761 748 1817 etiam
766 1762 826 1817 eius
844 1762 959 1818 sotionis
976 1763 1099 1834 nomine,
1124 1779 1159 1818 ex
1183 1777 1239 1832 qua
1256 1779 1311 1820 non
1328 1764 1419 1834 potuit
1435 1771 1514 1836 pater
1532 1766 1567 1822 ds

128 1857 235 1926 peeulio
254 1855 389 1910 sobonem
407 1854 478 1924 pati:
497 1869 560 1908 nam
579 1852 651 1908 sieut
668 1852 696 1906 in
714 1851 890 1920 stipulatione
909 1850 1077 1907 eontrabitnr
1095 1867 1157 1908 oum
1175 1849 1239 1921 filio,
1258 1853 1298 1908 ita
1315 1852 1416 1909 iuditio
1429 1854 1567 1911 eonbahi:

86 1960 93 1974 ·
128 1944 242 2014 proinde
260 1959 315 2000 non
333 1943 466 2012 originem
484 1941 578 1996 iudieii
596 1939 787 2010 spectandam,
809 1939 859 1994 sed
876 1939 965 2010 ipsam
983 1940 1096 2000 iudioati
1114 1941 1190 1996 uelut
1207 1939 1408 2010 obligationem.
1437 1958 1522 2012 quare
1540 1949 1570 2000 ot

81 2043 111 2088 la
130 2034 153 2088 si
170 2033 249 2102 quasi
273 2031 401 2088 defensor
423 2030 620 2086 condemnatus
643 2030 692 2099 sit,
717 2028 789 2084 idem
813 2033 901 2098 putat.
937 2029 980 2084 Ex
1003 2027 1106 2084 firrtiua
1128 2044 1212 2084 eausa
1235 2027 1291 2086 filio
1315 2029 1426 2099 quidem
1451 2029 1568 2088 familias
1587 2037 1616 2079 ¹⁰

129 2121 235 2178 eondiei
253 2136 335 2192 posse
347 2124 464 2176 oonstat.
492 2135 527 2174 an
545 2133 611 2174 uero
630 2119 658 2174 in
675 2123 782 2188 patrem
800 2118 845 2173 uel
862 2117 891 2173 in
908 2117 1049 2174 dominum
1067 2117 1102 2174 de
1120 2118 1227 2188 peoulio
1241 2117 1334 2174 danda
1345 2123 1396 2188 est,
1415 2121 1567 2189 quaeritur:

129 2210 340 2279 etestuerins,
362 2210 541 2278 inquantum
564 2207 724 2277 locupletior
747 2205 875 2262 dominus
897 2204 988 2262 faetus
1011 2212 1087 2264 esset
1108 2221 1143 2262 ex
1166 2203 1239 2262 furto
1262 2205 1350 2277 laeto,
1374 2209 1509 2264 sotionem
1533 2209 1568 2266 de

128 2299 236 2369 peonllo
254 2297 387 2354 dandam:
405 2297 478 2352 idem
497 2295 591 2352 Labeo
609 2294 721 2366 probat,
739 2297 805 2366 quia
821 2295 1022 2366 iniquissimum
1040 2301 1136 2352 estex
1154 2293 1226 2352 furto
1245 2297 1318 2352 serui
1336 2296 1475 2352 dominum
1494 2298 1568 2354 loeu-

128 2381 227 2457 pletare
244 2396 363 2458 arrpune.
391 2401 454 2442 nam
473 2391 502 2441 et
520 2387 593 2442 oinos
609 2401 700 2442 rerum
718 2389 872 2442 amotarum
896 2385 1031 2440 notionem
1048 2382 1121 2440 tiliae
1138 2383 1256 2442 familias
1274 2385 1383 2442 nomino
1400 2384 1429 2440 in
1446 2385 1475 2442 id
1493 2387 1568 2458 quod

81 2477 165 2532 read
187 2481 293 2547 patrem
316 2476 442 2547 peruenit
464 2476 596 2546 competit
618 2477 690 2532 sotio
710 2475 747 2531 de
769 2476 885 2546 peoulio.
922 2473 951 2530 Si
969 2472 1040 2530 lilius
1058 2472 1175 2530 familias
1193 2473 1321 2530 duumuir
1339 2470 1567 2560 Q
1585 2483 1615 2526 ss

128 2566 300 2636 pupillorem
319 2567 424 2620 saluam
441 2563 500 2621 sore
519 2565 611 2621 oaueri
622 2579 677 2621 non
689 2565 803 2634 onmuit,
822 2565 989 2635 Papinianus
1006 2562 1075 2620 libro
1093 2579 1166 2620 nono
1183 2564 1374 2633 quaestionum
1388 2564 1399 2637 l
1413 2563 1447 2620 de
1459 2565 1566 2635 peoulio
1584 2567 1657 2616 tata

129 2656 263 2710 astionem
283 2659 438 2725 oompetere
456 2655 502 2710 ait.
530 2669 582 2710 neo
600 2655 745 2724 quiequam
764 2657 870 2710 mutare
889 2653 1012 2722 arbitror,
1031 2669 1067 2708 sn
1085 2654 1226 2710 uoluntate
1244 2653 1331 2723 patris
1348 2653 1459 2710 deourio
1477 2652 1584 2716 laetus.

129 2745 173 2814 sit,
191 2743 319 2813 quoniam
338 2759 395 2799 rem
413 2742 551 2813 publioam
570 2745 675 2798 saluam
693 2741 752 2799 fore
769 2747 848 2813 pater
865 2742 1013 2799 obstrietus
1031 2747 1083 2799 est.

90 2831 110 2888 4
181 2833 352 2888 Porreoums
378 2831 448 2888 libro
474 2832 591 2903 septimo
620 2832 655 2887 ed
679 2831 819 2888 Sabinum.
860 2832 963 2888 Peoulii
987 2836 1031 2886 eet
1056 2845 1112 2887 non
1137 2819 1179 2901 id,
1206 2831 1284 2888 euius
1307 2845 1405 2888 seruus
1427 2825 1567 2915 Q
1584 2833 1620 2890 S*

128 2937 251 2977 seorsum
270 2937 287 2976 a
305 2921 415 2976 domino
439 2922 572 2976 rabonem
595 2919 734 2991 babuerit,
758 2920 808 2975 sed
831 2920 905 2989 quod
928 2919 1055 2980 domiuus
1077 2921 1137 2990 ipse
1159 2920 1329 2990 separanerit
1351 2935 1430 2974 suom
1453 2936 1471 2974 a
1493 2920 1566 2976 semi
1585 2929 1614 2970 eo

128 3011 261 3066 rationem
279 3009 451 3066 discernens:
475 3026 538 3065 nam
557 3025 619 3065 eum
638 3009 711 3064 serari
734 3009 870 3079 peoulium
888 3013 976 3064 totum
995 3008 1116 3064 adimere
1133 3009 1179 3063 uel
1197 3023 1298 3077 augere
1316 3008 1361 3062 uel
1378 3008 1500 3064 minnere
1518 3008 1566 3064 do·

129 3100 219 3154 minus
235 3099 332 3169 possit,
350 3097 622 3154 animaduertendum
640 3103 684 3153 est
700 3111 756 3153 non
773 3097 839 3167 quid
857 3111 962 3166 seruus,
982 3097 1032 3153 sed
1046 3097 1113 3166 quid
1125 3096 1252 3152 dominus
1264 3096 1448 3153 constituendi
1460 3097 1566 3153 seruilis

98 3198 108 3242 1
128 3189 227 3258 peoulii
244 3189 333 3256 gratia
349 3185 453 3242 feeerit
489 3185 545 3242 Sed
563 3187 615 3242 hoo
633 3187 672 3242 ita
689 3201 785 3242 uerum
803 3189 884 3255 puto,
909 3187 932 3241 si
951 3185 1044 3242 debito
1063 3201 1172 3242 seruum
1190 3184 1307 3240 liberare
1324 3185 1412 3242 uoluit
1430 3185 1564 3256 domnus,

128 3283 172 3346 ut,
196 3276 303 3331 etiamsi
321 3275 395 3330 nuda
413 3277 553 3332 uoluntate
571 3275 707 3330 remiserit
724 3273 851 3330 dominus
868 3273 943 3344 quod
960 3273 1097 3344 debuerit,
1122 3274 1230 3330 desinat
1251 3289 1348 3329 seruus
1364 3273 1472 3330 debitor
1489 3287 1565 3328 esse:
1668 3307 1670 3312 .

128 3365 152 3419 si
169 3379 236 3419 nero
254 3364 365 3419 uomina
386 3365 426 3420 ita
448 3363 544 3420 feeerit
566 3364 706 3432 dominus,
728 3368 760 3418 ut
781 3363 861 3433 qnasi
885 3353 1037 3418 debitorem
1060 3377 1090 3418 se
1114 3378 1194 3418 seruo
1217 3361 1334 3432 faeeret,
1359 3377 1422 3416 oum
1446 3377 1476 3416 re
1499 3377 1566 3418 uera
1584 3371 1613 3413 es

96 3463 110 3508 a
129 3451 237 3508 debitor
253 3467 308 3508 non
326 3458 408 3523 esset,
427 3457 522 3508 oonma
533 3458 614 3521 puto:
633 3467 663 3508 re
675 3452 756 3522 enim,
774 3467 830 3508 non
841 3449 933 3507 uerbis
945 3452 1082 3522 peculium
1095 3451 1251 3520 augendum
1263 3453 1314 3506 est.
1342 3451 1385 3505 Ex
1397 3450 1439 3506 bis
1451 3455 1566 3521 apparet

128 3557 183 3596 non
200 3541 267 3610 quid
284 3555 381 3596 seruus
399 3541 542 3610 ignorante
561 3541 671 3596 domino
689 3539 816 3596 habuerit
831 3541 931 3609 peenlii
949 3553 1020 3610 esse,
1038 3539 1088 3598 sed
1100 3539 1167 3610 qnid
1178 3540 1300 3596 uolente:
1319 3538 1440 3608 alioquin
1451 3544 1481 3594 et
1491 3539 1566 3609 quod

96 3631 264 3700 esnbripnit
281 3645 377 3685 seruus
396 3629 521 3698 domino,
543 3627 592 3685 fiet
608 3629 717 3699 peoulii,
746 3629 820 3698 quod
839 3643 893 3684 non
911 3633 955 3684 est
977 3643 1081 3684 uerum.
1118 3626 1174 3684 Sed
1196 3643 1279 3698 saepe
1301 3625 1345 3697 lit,
1369 3632 1401 3682 ut
1421 3627 1566 3697 ignorante

128 3719 238 3775 domino
256 3719 370 3788 inoipiat
388 3718 473 3772 minui
491 3719 564 3772 serui
581 3718 733 3788 peculium,
754 3717 839 3771 ueluti
857 3731 918 3771 oum
938 3715 1068 3771 damnum
1087 3717 1198 3772 domino
1216 3715 1265 3772 dat
1283 3731 1379 3772 seruus
1397 3715 1564 3771 autfertum

95 3806 202 3863 stanit
239 3806 268 3862 Si
287 3823 367 3877 opem
385 3805 490 3862 ferente
508 3821 589 3862 seruo
608 3821 669 3861 meo
687 3804 789 3860 furtum
808 3805 874 3860 mihi
891 3802 996 3874 seueris,
1015 3804 1044 3859 id
1062 3819 1096 3860 ex
1114 3805 1221 3875 penulio
1235 3804 1426 3860 dedneendum
1440 3809 1490 3874 est,
1510 3819 1564 3874 quo
1583 3812 1612 3854 to

96 3897 217 3952 ominus
235 3895 271 3951 ob
289 3911 346 3951 rem
366 3895 524 3966 subreptam
543 3895 673 3964 oonsequi
690 3895 803 3964 possim.
840 3893 869 3949 Si
888 3908 950 3949 aere
969 3893 1057 3949 alieno
1080 3893 1216 3949 dominioo
1234 3887 1410 3949 exhauriatur
1426 3893 1564 3964 peoulium

128 3985 209 4054 serni,
228 4000 272 4040 res
290 3985 430 4040 tamenin
448 3999 532 4040 eausa
548 3983 698 4054 peouliaria
715 3985 840 4038 manent:
858 3997 921 4037 nam
940 3982 964 4037 si
982 3987 1030 4037 aut
1048 3997 1128 4038 seruo
1146 3981 1278 4038 donasset
1295 3981 1419 4038 debitum
1437 3981 1564 4038 dominus

125 4089 315 4163 FlPfflUll

129 4252 139 4288 ¹
156 4251 254 4321 potui?
325 4251 337 4288 ¹
355 4265 390 4306 ex
407 4250 451 4320 ea]
469 4265 504 4305 ex
521 4265 556 4305 ea
573 4265 608 4305 ex
625 4249 723 4318 (addat
793 4249 805 4286 ⁸
822 4248 921 4320 potui?

128 4391 276 4460 ttobligati
293 4392 334 4446 P·
381 4391 415 4446 13
434 4391 518 4460 etex]
533 4406 569 4445 ex
585 4389 693 4446 PVLU
737 4391 770 4445 17
789 4395 818 4445 et
870 4388 1010 4455 P⁶V⁸lU‚
1033 4404 1111 4446 snam
1134 4388 1314 4445 substantiam
1333 4403 1351 4444 a
1368 4387 1441 4443 serui
1458 4386 1564 4442 ratione

128 4481 176 4516 om.
189 4463 284 4516 P·LU
330 4463 365 4517 20
384 4463 406 4518 si
425 4462 561 4517 om.P·V
605 4461 640 4516 23
657 4461 817 4532 locupletari
869 4459 933 4515 LU‘
980 4462 1016 4516 32
1034 4459 1303 4516 animaduertendam
1322 4460 1359 4513 F¹
1375 4461 1380 4526 l
1395 4458 1470 4528 quid]
1490 4457 1565 4527 quod

128 4533 246 4603 impune]
257 4532 425 4604 sP·V³LU‚
443 4534 712 4602 loeupletarumpune
730 4533 758 4596 F,
779 4534 817 4588 lo·
870 4531 971 4600 Paul
991 4532 1066 4602 quid]
1084 4531 1159 4600 quod
1176 4531 1254 4588 PLU
1303 4530 1339 4585 35
1357 4529 1481 4586 dominas
1501 4527 1568 4655 pl}

128 4605 276 4674 ouplentari
293 4604 322 4658 in
339 4606 454 4674 peonnie
473 4603 662 4674 (pecuniaPl)
679 4605 725 4668 P⁶,
744 4604 817 4658 loeu-
870 4619 901 4657 re
924 4604 999 4673 uere]
1024 4602 1114 4657 iuerat
1136 4602 1225 4668 P⁰V·‚
1247 4617 1314 4656 uero
1336 4599 1380 4665 Vl,
1404 4620 1453 4654 om.
1471 4599 1537 4654 P‘L

127 4675 231 4744 plerane
249 4677 277 4729 in
295 4677 412 4744 pecunia
434 4673 469 4728 V*
522 4676 558 4729 at
577 4673 626 4728 filii
644 4673 760 4728 familias
780 4675 818 4728 P⁰
871 4676 907 4728 36
925 4689 986 4728 esse
1003 4674 1044 4728 P·
1064 4675 1069 4739 Ι
1089 4689 1119 4727 ιιι
1137 4675 1237 4728 etenim
1256 4673 1295 4726 P·
1348 4673 1383 4726 37
1402 4676 1477 4726 esset
1494 4669 1570 4724 P·V

126 4747 162 4801 27
180 4747 316 4801 inmutare
333 4747 373 4801 P·
427 4747 462 4801 30
484 4747 555 4801 ratio
573 4745 635 4800 bab.
655 4745 694 4798 P‘·
715 4747 719 4812 Ι
741 4760 818 4814 sepa·
860 4745 907 4799 -39
925 4744 1035 4800 domino
1048 4744 1196 4812 dampnum
1211 4744 1259 4798 det
1277 4742 1335 4808 PU,
1353 4743 1503 4812 dampnum
1515 4739 1564 4796 dat

127 4817 200 4872 rauit
216 4817 273 4872 PV
290 4819 295 4884 Ι
314 4832 392 4872 suam
416 4833 433 4872 a
455 4817 527 4872 serui
549 4815 692 4884 rationem]
712 4831 820 4870 summa
872 4815 1020 4870 dominoL
1064 4815 1099 4869 41
1112 4816 1201 4884 possit
1212 4815 1260 4880 P⁶‚
1279 4813 1428 4884 possumL
1469 4813 1505 4867 42
1516 4826 1563 4881 pe·

129 4887 819 4956 seminationemF,summamseruirationePan
872 4886 966 4941 oubsri
983 4885 1119 4956 sPtliUl,
1151 4903 1200 4941 om.
1229 4893 1295 4942 tator
1327 4887 1381 4940 atta
1417 4883 1451 4939 U·
1476 4885 1481 4949 l
1505 4882 1562 4951 aut]

116 4961 208 5014 'suum
241 4963 335 5028 (suam
357 4959 389 5024 V,
417 4975 468 5014 sua
497 4959 546 5027 θ’)
573 4975 590 5014 a
616 4957 688 5014 serui
714 4958 820 5012 ratione
873 4963 964 5012 autem
981 4957 1022 5011 P‘
