3674 5362
272 165 332 234 XV
355 169 370 233 1
395 173 510 228 ιιι-ιι
951 161 1039 242 442
1663 188 1711 236 nn

241 335 254 380 1
273 323 310 382 sit
333 323 369 380 de
392 324 499 394 peculio
523 323 633 395 uioarii,
657 324 712 394 agi,
726 323 828 394 poterit
850 328 880 380 ιι
897 324 932 380 de
949 326 1056 395 peculio
1074 325 1211 381 ordinarii.
1247 325 1343 382 Potest
1359 337 1423 380 esse
1439 324 1513 396 apud
1532 340 1576 382 me
1594 325 1712 395 duplicis

271 413 340 470 iuris
357 413 509 484 peculium:
531 418 562 468 ut
578 417 647 483 puta
664 427 761 470 seruus
779 418 823 470 est
841 413 953 483 dotalis,
972 419 1066 484 potest
1082 413 1184 470 habere
1201 415 1347 485 peculium,
1365 413 1440 483 quod
1458 413 1494 470 ad
1511 429 1556 470 me
1573 415 1711 484 respiciat,

273 507 416 573 potestat
437 502 512 572 quod
535 503 571 558 ad
593 503 744 558 mulierem.
780 519 844 560 nam
868 503 942 572 quod
965 518 1000 558 ex
1017 518 1048 558 re
1066 503 1156 558 mariti
1173 503 1291 572 quaesiit
1308 503 1353 558 uel
1370 517 1405 558 er
1422 503 1514 572 operis
1531 503 1602 572 suis,
1626 503 1712 560 idad

273 591 402 648 maritum
420 591 549 662 pertinet:
568 595 598 646 et
614 590 690 661 ideo,
709 591 733 646 si
751 595 878 661 respectu
896 591 986 647 mariti
1004 590 1083 648 heres
1101 593 1138 647 sit
1154 592 1296 648 institutus
1314 592 1359 647 nel
1376 591 1403 646 ei
1418 591 1541 661 legatum
1559 591 1663 662 datum,
1683 591 1711 652 id

273 695 336 736 enm
355 695 410 736 non
428 679 528 736 debere
545 681 690 738 restituere
701 681 868 749 Pomponius
886 679 989 736 scribit
1016 681 1041 735 si
1057 681 1141 750 igitur
1158 695 1265 736 mecum
1283 684 1383 750 agatur
1399 695 1435 736 cx
1452 695 1486 736 eo
1504 685 1647 736 contractu
1663 681 1712 750 qni
1729 691 1744 734 ι

275 769 310 824 ad
328 785 373 824 me
390 770 509 840 respicit,
528 775 618 824 utrum
638 783 719 825 omne
737 768 871 823 deducam
890 768 1039 838 quodquod
1056 768 1172 826 debetur
1189 768 1269 839 mihi,
1286 769 1345 824 siue
1363 783 1398 824 ex
1416 783 1479 824 mea
1496 785 1581 826 causa
1598 770 1658 825 siue
1676 784 1712 826 eu

275 873 308 914 ea
332 873 402 927 qnae
425 858 461 912 ad
484 873 597 914 uxorem
620 856 753 928 respicit?
785 871 820 912 an
838 859 904 912 uero
922 871 1082 927 separamus
1099 873 1197 914 ceusu
1215 858 1295 928 quasi
1312 858 1340 913 in
1358 857 1466 914 duobus
1483 858 1609 928 peculiis,
1634 864 1666 914 ut
1683 863 1712 914 et

274 958 360 1002 eausa
377 944 462 1002 debiti
479 945 554 1016 quod
571 947 673 1017 petitur
690 946 850 1016 spectetur?
876 949 915 1014 ul,
934 946 958 1000 si
976 946 1085 1015 quidem
1099 961 1134 1003 ex
1146 961 1179 1004 co
1190 947 1298 1018 peculio
1310 950 1418 1017 agatur,
1435 947 1511 1017 quod
1522 947 1558 1004 ad
1571 947 1711 1004 moderent

274 1038 390 1104 spectat,
408 1035 437 1090 id
454 1035 597 1105 deducam,
615 1035 689 1105 quod
701 1050 736 1092 ex
749 1049 783 1090 eo
797 1038 939 1090 contractu
952 1034 1110 1106 debeatnrl,
1128 1036 1152 1092 si
1164 1051 1200 1090 ex
1211 1050 1245 1092 eo
1257 1040 1408 1104 contractu,
1426 1036 1474 1105 qui
1485 1036 1521 1092 ad
1534 1052 1578 1092 me
1590 1036 1711 1106 respicit,
1730 1045 1744 1088 a

274 1123 539 1180 menmdeducam?
565 1140 636 1194 quae
654 1123 779 1194 quaestio
797 1122 943 1178 dilucidius
961 1128 1005 1178 est
1021 1125 1050 1178 in
1069 1123 1079 1195 ΙΙ
1098 1122 1247 1180 fructuario
1259 1129 1385 1195 ιιιιιιιι,
1403 1130 1494 1180 utrnm
1507 1140 1542 1180 er
1554 1139 1588 1182 eo
1600 1125 1711 1180 demum
1729 1127 1803 1180 taal'

274 1215 416 1270 contractu
433 1217 526 1282 potest
537 1213 572 1268 de
583 1213 690 1282 peculio
703 1211 851 1282 conueniri,
863 1211 955 1281 quod¹
967 1211 1003 1268 ad
1015 1227 1046 1270 ιι
1057 1213 1183 1284 pertinet,
1195 1229 1231 1270 an
1244 1214 1373 1270 exomni.
1400 1217 1431 1270 et
1448 1210 1553 1298 [itus—m,
1563 1227 1585 1282 e.
1596 1228 1608 1272 1
1622 1225 1672 1272 scu
1682 1228 1711 1272 ra

274 1300 416 1357 Marcellus
438 1301 520 1358 etiam
544 1300 722 1358 lurotuarium
744 1301 833 1358 teneri
856 1299 951 1356 scribit
968 1305 997 1356 et
1014 1316 1050 1356 cx
1067 1301 1141 1357 omni
1159 1305 1316 1358 contractu:
1338 1317 1401 1360 eom
1418 1304 1491 1360 enim
1509 1303 1557 1372 qui
1574 1302 1713 1358 contrahit

273 1394 362 1446 toturn
380 1391 454 1448 serui
471 1391 606 1460 peculium
625 1391 701 1446 uelut
712 1389 904 1460 patrimonium
916 1390 1053 1446 intuitum.
1081 1395 1155 1446 certe
1168 1390 1235 1446 illud
1246 1391 1446 1448 admittendum
1458 1391 1614 1448 omnimodo
1633 1387 1711 1476 Qu]

274 1478 354 1550 dicit,
378 1484 410 1536 nt
426 1479 517 1550 priore
536 1483 686 1548 contremo,
705 1479 740 1534 ad
758 1493 840 1548 quem
857 1493 902 1534 res
920 1478 1044 1549 respicit,
1063 1477 1092 1534 in
1110 1479 1277 1549 superfluum
1294 1481 1332 1550 is,
1351 1481 1396 1536 cui
1413 1482 1569 1551 qnaoeltum
1586 1495 1643 1536 non
1660 1485 1724 1556 est,-

274 1569 466 1624 conueniatur:
490 1583 570 1638 qnae,
585 1567 722 1623 sententia
745 1565 911 1637 probabilior
933 1573 977 1623 cst
998 1572 1026 1622 et
1044 1583 1061 1622 a
1077 1567 1228 1638 Papiniano
1245 1568 1385 1638 probatur.
1419 1569 1493 1640 quod
1511 1569 1585 1624 etin
1603 1567 1712 1624 duobus
1731 1579 1758 1621 ιι

273 1657 363 1714 bonae
380 1656 445 1714 fidei
462 1655 632 1728 emptoribus
649 1656 702 1712 erit
719 1655 875 1712 dicendum.
903 1655 953 1712 sad
970 1657 999 1712 in
1017 1657 1115 1713 marito
1133 1658 1231 1714 medus
1249 1662 1293 1714 est
1310 1658 1400 1714 dicere
1418 1658 1578 1728 simpliciter
1595 1671 1658 1713 eum
1677 1655 1713 1711 de

273 1747 381 1818 peculio
398 1747 494 1802 teneri.
513 1747 556 1802 sin
574 1750 667 1816 autern
685 1745 800 1800 maritus
818 1744 974 1802 huiusmodi
992 1745 1066 1802 serni
1084 1747 1193 1802 nomine
1211 1747 1314 1817 aliquid
1331 1747 1506 1818 praestiterit,
1524 1761 1560 1802 an
1578 1745 1713 1802 adumsus

273 1836 415 1892 madorem
433 1840 560 1905 egenum
579 1834 652 1890 dotis
669 1833 779 1890 nomine
797 1833 934 1890 deducere
951 1834 980 1890 id
993 1833 1101 1904 possit?
1127 1840 1155 1890 et
1167 1835 1215 1905 ait,
1234 1836 1258 1891 si
1269 1835 1298 1890 id
1315 1835 1390 1906 quod
1407 1835 1535 1892 creditori
1550 1835 1712 1904 praestitum

274 1930 318 1980 cst
335 1923 372 1980 ad
389 1925 532 1994 utriusque
549 1924 658 1994 generis
675 1922 812 1993 pecudum
830 1921 985 1993 pertinebit,
1003 1937 1053 1993 pro
1071 1927 1132 1978 rata
1147 1924 1256 1993 utrique
1272 1925 1380 1994 peculio
1393 1923 1528 1982 decedere
1540 1922 1650 1980 debere.
1677 1938 1713 1980 ex

275 2028 330 2083 quo
347 2013 469 2082 intellegi
486 2017 586 2082 potest,
605 2012 629 2068 si
647 2011 683 2068 ad
701 2012 834 2068 alterum⁸
852 2011 989 2081 peculium
1007 2015 1164 2067 contractus
1176 2012 1331 2083 pertinebit,
1348 2013 1430 2069 modo
1442 2013 1494 2068 soli
1505 2012 1584 2068 uxori
1596 2011 1712 2082 detrahi,
1731 2023 1759 2065 rc

241 2118 257 2162 a
275 2101 357 2157 modo
375 2116 430 2156 non
448 2099 561 2170 detrahi,
580 2100 604 2155 si
622 2099 704 2155 adid
723 2100 859 2170 peculium
877 2099 1009 2170 pertinuit
1026 2105 1192 2170 munacius,
1210 2101 1284 2171 qnod
1303 2101 1378 2172 apud
1392 2101 1518 2158 maritum
1530 2100 1642 2156 resedit
1667 2100 1712 2154 ln-

274 2189 383 2246 terdum
401 2193 430 2246 et
446 2189 499 2260 ipsi
517 2187 665 2246 fructuario
683 2188 817 2245 aduersm
835 2188 976 2244 dominum
993 2187 1075 2244 datur
1093 2187 1165 2244 aetio
1183 2189 1218 2244 de
1235 2190 1356 2260 peculio,
1381 2195 1412 2246 ut
1427 2195 1497 2260 puta
1514 2191 1539 2246 si
1555 2188 1630 2259 apud
1648 2203 1712 2244 eum

275 2279 376 2336 babeat
398 2279 548 2349 prcrdium,
573 2278 647 2348 apud
669 2277 761 2348 ipsum
783 2291 850 2334 nero
868 2282 917 2334 aut
934 2276 1000 2332 nihil
1017 2281 1066 2333 ant
1084 2277 1187 2347 minus,
1211 2292 1293 2347 quam
1312 2276 1461 2336 buctuario
1478 2278 1602 2336 debetur.
1638 2277 1713 2334 idem

274 2369 357 2425 etiam
377 2373 473 2423 eontra
490 2368 613 2437 eueniet,
635 2367 762 2438 quamuis
780 2367 809 2423 in
832 2365 940 2424 duobus
964 2366 1081 2422 dominis
1104 2364 1224 2424 sufficiat
1245 2381 1295 2437 pro
1318 2367 1394 2424 soeio
1416 2368 1462 2424 uel
1484 2368 1621 2426 communi
1643 2367 1713 2424 diui·

275 2457 368 2514 dnndo
386 2457 473 2514 aetio:
1731 2469 1759 2510 ιι

218 2550 259 2611 20
328 2548 448 2604 Pronus
469 2544 539 2602 libro
560 2544 720 2616 trigessimo
744 2543 780 2599 ad
804 2543 933 2600 edictum.
961 2559 1025 2600 nam
1046 2543 1118 2600 inter
1141 2559 1172 2600 ιι
1190 2559 1274 2616 agere
1291 2545 1360 2602 socii
1377 2545 1412 2602 de
1429 2546 1538 2618 peculio
1555 2541 1752 2633 ΜΕ

275 2653 330 2693 non
347 2639 472 2708 possunt.

218 2729 255 2790 ῆι
329 2725 480 2782 Πιιιιιιιιι
497 2723 566 2780 libro
583 2723 734 2780 uicensimo
752 2736 825 2778 nono
843 2720 879 2776 ad
897 2721 1026 2778 edictum.
1054 2721 1168 2780 Summa
1185 2737 1248 2780 cum
1266 2725 1372 2790 ratione
1389 2725 1472 2782 etiam
1485 2724 1537 2782 hoo
1555 2722 1712 2810 [ιῐῑιᾟῑ
1731 2731 1753 2788 8

275 2816 382 2887 peculio
400 2817 512 2886 praetor
527 2812 681 2883 imputauit,
704 2811 778 2882 qnod
796 2810 859 2868 dolo
877 2811 949 2866 malo
967 2811 1070 2868 domini
1085 2809 1191 2868 iactum
1209 2817 1260 2883 est,
1278 2827 1333 2882 quo
1351 2815 1441 2870 minus
1459 2815 1487 2872 in
1504 2804 1712 2886 pscoffiss‘et

275 2903 325 2961 sed
344 2903 435 2960 dolum
455 2903 556 2958 malum
574 2902 698 2971 accipere
716 2898 858 2969 debemus,
876 2899 900 2954 si
918 2898 944 2954 ei
961 2898 1065 2956 ademit
1081 2901 1231 2969 peculium:
1249 2901 1300 2957 sed
1318 2907 1347 2958 et
1363 2904 1387 2960 si
1405 2919 1468 2960 eum
1485 2904 1613 2962 intricare
1629 2920 1713 2976 pecn-
1732 2915 1760 2956 eo

274 2993 341 3048 lium
359 2993 388 3047 in
406 3006 502 3047 necem
520 2990 684 3046 creditorum
703 3003 803 3060 passus
821 2991 878 3057 est,
896 2987 969 3044 llela
985 2987 1080 3044 scribit
1097 2988 1160 3046 dolo
1178 2990 1250 3045 malo
1267 2990 1327 3046 eius
1344 2989 1457 3048 factum.
1486 2993 1537 3050 sed
1554 2998 1584 3050 et
1601 2994 1624 3049 si
1641 2994 1713 3065 quis,

275 3097 338 3137 cnm
357 3083 540 3153 suspicaretur
558 3079 640 3134 alium
659 3093 752 3134 secum
771 3080 910 3146 acturrrm,
929 3075 983 3132 alio
1000 3077 1137 3145 peculium
1155 3082 1272 3149 auertat,
1290 3079 1354 3136 dolo
1371 3096 1426 3137 non
1444 3085 1528 3138 caret
1558 3083 1609 3138 sed
1626 3083 1649 3138 si
1668 3083 1714 3140 alii

276 3169 371 3240 soluit,
395 3183 451 3224 non
468 3167 565 3224 dubito
582 3167 618 3224 dc
635 3166 701 3235 hoc,
719 3167 790 3235 quin
802 3181 858 3222 uon
875 3168 1015 3234 mutatur,
1034 3167 1163 3235 quoniam
1182 3166 1310 3224 creditori
1327 3169 1442 3224 soluitur
1459 3174 1488 3226 et
1504 3171 1570 3228 dcet
1586 3171 1714 3228 cmditori
1744 3171 1749 3180 '

244 3275 256 3321 1
275 3259 390 3328 uigilare
408 3257 452 3313 ad
462 3273 542 3314 suum
560 3255 791 3325 consequendum,
819 3253 849 3310 si
862 3254 925 3310 dolo
936 3255 1036 3310 tutoris
1048 3254 1094 3310 uel
1106 3255 1239 3312 curatoris
1251 3254 1345 3312 furiosi
1357 3257 1401 3314 uel
1413 3259 1598 3327 procuratoris
1609 3257 1714 3316 iactum

276 3347 326 3417 sit,
350 3363 387 3402 an
409 3346 528 3416 pupillus
549 3345 595 3401 uel
612 3343 731 3402 furiosus
749 3343 794 3400 uel
810 3342 936 3400 dominus
954 3342 990 3398 de
1006 3343 1115 3415 peculio
1133 3344 1324 3416 conueniatur,
1347 3345 1504 3402 uidendum.
1540 3351 1569 3402 ct
1585 3353 1666 3418 puto,
1690 3349 1714 3404 si
1732 3360 1761 3402 ιι

276 3435 410 3492 soluendo
427 3439 503 3488 tutor
520 3433 569 3500 sit,
593 3437 733 3502 praestare
751 3432 883 3502 pupillum
902 3445 937 3488 cx
954 3431 1018 3488 dolo
1037 3431 1110 3502 eius,
1129 3433 1248 3490 maxime
1267 3433 1376 3503 siquid
1393 3435 1429 3492 ad
1447 3450 1510 3492 eum
1528 3438 1667 3507 peruenit,
1685 3443 1715 3494 ιι

276 3525 317 3580 lta
334 3523 501 3593 Pomponius
523 3520 592 3578 libro
614 3525 717 3578 'octauo
740 3521 918 3591 epistularum
941 3518 1043 3575 scribit
1075 3521 1149 3576 idem
1172 3525 1201 3578 et
1223 3522 1252 3578 in
1274 3527 1401 3580 curatore
1422 3527 1452 3580 et
1467 3530 1644 3594 procuratore
1662 3527 1715 3582 erit

243 3611 431 3671 adicendum.
468 3611 584 3680 Emptor
605 3615 697 3666 autem
720 3623 756 3664 er
779 3607 842 3664 dolo
860 3608 1010 3664 uenditoris
1028 3625 1084 3666 nou
1101 3608 1240 3666 tenebitur
1256 3625 1311 3668 nec
1325 3611 1405 3668 heres
1423 3614 1468 3668 uel
1486 3610 1713 3697 ffia‘e—‚a—ulfffij

276 3701 347 3756 alins
364 3713 515 3768 successor,
533 3698 586 3754 nisi
602 3698 631 3753 in
643 3697 672 3752 id
683 3697 757 3767 quod
769 3696 805 3752 ed
818 3697 993 3765 superuenit
1021 3696 1086 3754 Siue
1104 3703 1195 3754 autem
1207 3704 1271 3768 post
1281 3699 1411 3756 iudicium
1424 3707 1567 3771 acceptum
1578 3691 1714 3760 sine-aute

131 3847 132 3850 ,
243 3802 258 3848 ι
276 3789 340 3845 dolo
357 3787 461 3843 tactum
480 3788 523 3857 sit,
543 3787 696 3842 continetur
713 3782 804 3842 officio
817 3784 924 3841 iudicis.
952 3785 981 3842 Si
992 3786 1120 3844 dominus
1135 3787 1181 3842 nel
1191 3792 1270 3856 pater
1282 3793 1391 3844 recuset
1401 3788 1436 3844 de
1448 3790 1555 3860 peculio
1568 3791 1713 3863 uodonem,
1732 3804 1761 3845 sc

276 3892 330 3932 non
349 3880 393 3932 est
410 3875 571 3944 andiendus,
593 3874 644 3930 sed
661 3873 802 3944 cogendus
820 3879 863 3930 est
880 3875 959 3945 quasi
977 3875 1058 3932 aiam
1077 3877 1204 3946 quamuis
1221 3877 1393 3946 personalem
1411 3877 1547 3934 actionem
1565 3880 1713 3948 suscipere.

220 3967 258 4026 22
330 3966 502 4022 Pormorrrus
518 3963 588 4020 libro
605 3963 723 4035 septimo
740 3961 777 4018 ad
795 3961 935 4023 Sabinum.
964 3962 994 4019 Si
1011 3964 1105 4020 danum
1121 3963 1216 4026 intecti
1228 3965 1338 4022 aedium
1350 3966 1468 4036 peculia·
1500 3965 1713 4040 arcuatum]
1731 3974 1766 4030 S·

275 4055 346 4110 rium
365 4053 474 4108 nomine
491 4053 647 4123 promiserit
664 4052 799 4124 dominos,
817 4053 887 4109 ratio
906 4053 966 4108 eins
983 4052 1078 4110 baberi
1096 4053 1179 4109 debet
1197 4059 1226 4109 et
1242 4053 1306 4110 ideo
1323 4053 1359 4109 ab
1377 4068 1411 4110 eo
1428 4054 1476 4124 qui
1490 4055 1525 4110 de
1536 4044 1716 4128 pec'mitsagit

276 4141 386 4198 domino
404 4141 557 4196 cauendum
571 4133 626 4197 'est

276 4231 303 4285 F
307 4230 345 4301 [P
346 4231 362 4299 (
360 4230 436 4300 ΒΨ]

1555 4323 1715 4334 *-

276 4321 1584 4426 mmm
1607 4357 1715 4428 perro

277 4423 430 4480 debeatur?
500 4424 513 4460 ¹
530 4425 599 4493 qui?
668 4425 681 4462 ⁸
699 4425 880 4480 alterutrum?

276 4544 352 4600 tad
377 4565 425 4599 om.
444 4547 484 4600 P·
503 4547 508 4614 Ι
530 4546 566 4602 ad
589 4567 637 4602 orsa
654 4547 695 4604 P·
759 4549 907 4619 diegatur
929 4549 972 4605 P·
1024 4549 1082 4604 niet
1100 4549 1139 4604 P·
1154 4551 1159 4618 Ι
1175 4549 1302 4606 dominus
1320 4551 1361 4606 P·
1404 4551 1439 4605 29
1457 4550 1595 4621 peculium
1613 4567 1653 4622 pr.
1668 4549 1716 4621 ΡΙ

277 4615 432 4686 bsiiffl'tur]
446 4617 530 4686 igitur
538 4618 585 4684 P0,
598 4618 823 4688 igitursiPtttJ
856 4620 970 4690 tquod·
1004 4619 1053 4676 oin
1070 4621 1207 4689 peculium
1226 4621 1304 4676 Pau
1345 4621 1381 4676 30
1398 4619 1457 4691 sed]
1476 4627 1505 4676 et
1521 4623 1563 4678 P⁰
1607 4623 1641 4677 31
1660 4637 1717 4678 ιιι·

277 4685 637 4759 qucd](aoaquidquid)F²,
652 4690 872 4760 quodfflP‘LU,
888 4706 969 4762 quam
1023 4691 1139 4746 ditorem
1152 4692 1188 4744 Ρ
1233 4692 1269 4747 32
1279 4692 1474 4762 suspicaretur]
1484 4691 1585 4758 P‘LU,
1596 4693 1717 4764 suscipe·

277 4757 352 4826 quod
365 4757 405 4812 P·
448 4760 576 4829 Sceuae]
590 4776 689 4818 causas
701 4763 761 4830 Ρ·1
813 4763 879 4818 titur
893 4777 970 4834 spec·
1023 4763 1138 4827 returlt
1156 4762 1335 4833 suscipiretur
1345 4763 1385 4818 P·
1401 4765 1405 4830 Ι
1422 4779 1476 4820 non
1494 4763 1596 4820 osuP·
1611 4765 1616 4832 Ι
1631 4767 1707 4820 caret
1795 4775 1797 4778 ·

277 4828 360 4897 tetur]
370 4829 471 4896 petitor
480 4833 681 4900 expectaturi*
698 4833 703 4900 Ι
718 4833 765 4902 qui
785 4833 838 4902 em]
851 4833 971 4904 quodP·
1023 4833 1149 4888 doreti-'¹
1196 4833 1440 4904 33quiu1quiP·,
1457 4835 1569 4908 quidem
1582 4835 1679 4907 P‘,qu

277 4898 428 4968 tepectat]
447 4906 571 4969 praestat
587 4903 627 4960 Ρ·
675 4905 708 4959 11
727 4903 810 4974 quod}
823 4919 878 4974 quo
895 4904 971 4960 Pm-
1023 4903 1077 4960 LU
1126 4905 1162 4961 41
1181 4919 1236 4962 non
1254 4903 1305 4976 cst]
1325 4919 1377 4962 nec
1395 4905 1454 4960 P·?

279 4972 313 5028 13
331 4975 435 5027 certum
455 4971 494 5025 P·
539 4975 573 5030 14
584 4981 646 5030 nes*
658 4975 770 5046 respicit
788 4975 826 5029 F’
871 4975 907 5032 al
923 4989 969 5031 us·
