3668 5356
234 184 309 254 XXI
332 187 347 252 1
370 187 488 247 42-44
904 171 992 254 616
1423 198 1471 245 nn
1493 194 1675 246 munero

234 342 337 414 'quanti
361 340 463 397 bonum
484 353 603 409 aequum
621 338 704 395 indict
722 337 872 409 uidebitur,
897 336 1105 408 condemnetur,
1129 341 1282 394 ceterarum
1299 353 1402 410 rerum,
1425 335 1521 408 quanti
1539 335 1675 392 damnum

235 432 338 488 'datum
355 428 494 485 isdemne
513 429 557 498 sit,
576 427 668 500 dupli’.

177 525 217 583 43
288 521 407 575 Pennus
424 517 493 574 libro
511 518 599 588 primo
618 517 654 572 ad
672 517 792 572 edictum
811 515 938 572 aedilium
957 516 1100 573 curulium.
1128 517 1233 574 Bonem
1252 517 1300 588 qni
1311 531 1396 572 cornu
1408 516 1479 587 petit
1496 509 1674 598 [ruffi
1694 521 1724 578 Ε

235 610 364 666 nidorum
387 623 449 663 esse
472 607 594 677 plerique
619 606 726 676 dieunt,
751 607 816 660 item
835 605 923 660 mulas
941 620 1012 675 qnae
1030 620 1137 660 cessum
1157 607 1237 662 dant:
1262 621 1296 661 ee
1313 620 1422 676 quoque
1439 606 1575 674 iumenta,
1599 619 1673 674 qnae

203 709 217 756 1
236 699 294 755 sine
313 713 398 753 cansa
415 695 559 752 turbantur
577 699 606 751 et
618 699 711 751 ,semet
728 695 790 765 ipsa
807 694 933 764 eripiunt,
951 694 1052 750 uitiosa
1069 711 1131 750 esse
1149 695 1284 751 dicuntur.
1312 695 1364 761 Qui
1382 695 1418 750 ad
1437 695 1554 750 amioum
1567 692 1673 750 domini
1693 704 1707 746 e

236 787 431 858 deprecaturus
456 784 593 856 confugit,
616 800 670 841 non
693 787 737 840 est
759 781 906 853 fugitiuus:
930 783 1014 838 immo
1037 785 1146 839 etiamsi
1168 800 1202 840 ea
1222 789 1313 840 mente
1331 785 1380 854 sit,
1402 789 1434 840 ιιι
1451 800 1507 840 non
1523 784 1673 854 impetrato

236 877 337 932 auxilio
355 875 466 931 domum
484 889 539 930 non
557 879 717 942 racematur,
736 872 857 928 nondum
875 870 1008 942 fugitiuus
1026 877 1077 943 est,
1096 874 1234 943 quianon
1246 875 1333 930 solnm
1346 875 1459 944 consilii,
1479 873 1488 944 ΙΙ
1503 872 1553 928 eed
1565 871 1673 928 etlacti
1690 877 1763 925 teos

204 979 218 1023 a
236 965 319 1036 fugae
336 980 436 1020 nomen
454 969 505 1019 est.
531 963 582 1030 Qui
599 978 733 1034 persuasu
751 961 863 1016 alterius
881 977 898 1016 s
916 961 1027 1016 domino
1044 963 1166 1032 recessit,
1185 961 1318 1032 fugitiuus
1337 968 1388 1032 est,
1405 963 1470 1018 licet
1480 962 1509 1017 id
1522 978 1576 1018 ncu
1588 961 1674 1018 fuerit

204 1067 218 1112 e
236 1053 359 1110 facturus
377 1054 446 1108 eitra
463 1053 605 1110 consilium
624 1053 682 1108 eius
701 1052 748 1122 qui
765 1051 910 1121 persuasit.
940 1049 970 1105 Si
988 1065 1085 1106 seruus
1102 1065 1181 1106 mens
1199 1050 1272 1107 bons
1288 1049 1343 1106 lide
1361 1050 1413 1106 tibi
1430 1051 1552 1107 seruiens
1569 1049 1674 1122 sugent

235 1145 281 1200 uel
299 1144 388 1198 sciens
406 1157 437 1198 se
456 1157 547 1198 meum
566 1157 627 1210 esse
645 1141 689 1196 uel
707 1142 845 1210 ignorans,
863 1137 997 1208 fugitiuus
1016 1143 1067 1210 est,
1085 1140 1137 1195 nisi
1156 1141 1247 1196 animo
1265 1141 1301 1196 ad
1319 1155 1363 1196 me
1381 1141 1537 1196 reuertendi
1553 1140 1582 1196 id
1596 1139 1671 1196 lecit
1692 1152 1720 1193 ιο

203 1234 331 1289 obtortis
353 1231 564 1287 consciscendae
587 1245 672 1286 causa
696 1229 748 1284 sibi
772 1227 852 1298 fauit,
875 1229 922 1298 qui
939 1234 1052 1298 propter
1069 1229 1219 1300 nequitiam
1237 1222 1377 1299 mulosque
1394 1244 1485 1285 mores
1502 1228 1673 1300 flagitiumue

236 1321 346 1392 aliquod
365 1321 514 1376 admissum
533 1323 648 1375 mortem
668 1318 721 1376 sibl
739 1318 909 1374 consciscere
927 1317 1027 1387 noluit,
1046 1333 1101 1374 non
1119 1319 1142 1374 si
1161 1318 1281 1374 dolorem
1300 1319 1421 1390 corporis
1438 1334 1494 1375 non
1511 1319 1673 1376 sustinendo

204 1421 219 1468 t
236 1412 265 1468 id
287 1409 391 1466 lecerit.
428 1408 457 1464 si
481 1409 542 1479 quie
567 1424 676 1464 sernum
702 1407 799 1463 eruerit
816 1410 845 1462 et
862 1411 940 1476 rapto
958 1421 991 1462 eo
1010 1407 1038 1461 ui
1056 1406 1188 1462 bonorum
1207 1413 1345 1478 raptorum
1364 1409 1472 1464 actione
1490 1408 1672 1478 quadruplum

236 1505 401 1556 consecutus
424 1501 480 1568 eet,
503 1497 602 1553 deinde
624 1512 735 1552 eorunm
758 1495 913 1565 redhibeat,
937 1495 1051 1550 reddere
1070 1495 1182 1552 debebit
1199 1497 1273 1568 quod
1291 1498 1409 1569 accepit:
1433 1497 1482 1554 sed
1500 1497 1591 1567 siper
1608 1513 1672 1554 eum

237 1605 346 1646 seruum
364 1589 488 1644 {muriam
507 1603 606 1658 passus
624 1587 738 1642 iniuriae
756 1586 866 1642 nornine
884 1585 985 1655 egerit,
1004 1599 1060 1640 non
1077 1584 1175 1640 reddet
1192 1585 1340 1643 uenditori:
1362 1587 1440 1642 aliter
1457 1585 1571 1658 forsitan
1589 1592 1672 1657 atque
1691 1602 1721 1644 rs

204 1689 219 1736 o
237 1679 344 1734 sileris
362 1677 397 1733 ab
415 1678 505 1747 aliquo
524 1679 621 1732 oaeso¹
642 1681 691 1731 aut
708 1675 867 1745 quaestione
887 1673 921 1729 de
939 1689 973 1730 eo
991 1673 1085 1729 habita
1103 1679 1210 1745 emptor
1225 1676 1320 1745 egerit
1348 1675 1502 1746 Aliquando
1515 1677 1598 1732 etiarn
1611 1676 1672 1732 red·

236 1767 323 1824 hiberi
341 1767 506 1838 mancipium
524 1764 648 1833 debebit,
666 1765 731 1820 lieet
748 1763 944 1834 aestimatoria,
963 1763 992 1818 id
1010 1769 1052 1818 eat
1070 1768 1173 1834 quanto
1191 1765 1312 1832 minoris,
1331 1781 1459 1835 Qamua:
1477 1781 1541 1820 nem
1559 1766 1583 1822 si
1601 1765 1673 1822 adeo

237 1857 337 1913 nullius
356 1857 392 1911 sit
408 1856 497 1926 pretii,
517 1859 547 1911 ut
564 1870 599 1910 ne
617 1853 746 1924 expediat
763 1853 873 1924 quidem
890 1853 945 1908 tale
964 1853 1128 1924 mancipium
1147 1853 1266 1908 domini¹
1278 1853 1387 1924 hahere,
1405 1855 1492 1910 ueluti
1504 1855 1528 1910 si
1540 1853 1672 1912 lanosum

238 1951 287 2002 aut
304 1946 453 2001 lunaticum
471 1945 516 2015 sit,
534 1945 599 1999 lieet
616 1941 803 1998 aestimatoria
820 1948 911 1997 achrrn
929 1940 1019 2013 fuerit,
1038 1941 1129 1998 officio
1147 1947 1239 1998 tamen
1251 1942 1348 1998 iudicis
1360 1943 1551 2014 continebitur,
1569 1949 1602 2000 ut
1612 1944 1674 2000 red·

205 2041 219 2088 t
238 2035 296 2091 dito
314 2035 450 2104 mancipio
468 2034 585 2104 pretium
603 2032 758 2101 recipiatur.
786 2029 816 2088 Si
833 2031 903 2102 quis,
922 2047 984 2086 curn
1004 2032 1146 2088 consilinm
1166 2033 1262 2088 inisset
1273 2030 1485 2088 fraudandcmm
1498 2033 1674 2106 creditorum,
1692 2049 1721 2090 ιο

195 2137 197 2144 ⁴
237 2122 406 2180 redhibnerit
428 2137 481 2180 non
505 2121 689 2178 redhibitores
713 2121 795 2190 aliae,
819 2120 870 2174 nisi
893 2121 978 2176 nodet
1000 2135 1048 2176 eos
1070 2119 1209 2191 fraudare,
1233 2127 1343 2177 tenetur
1365 2119 1544 2178 creditoribus
1562 2127 1675 2193 propter

205 2220 219 2268 8
238 2212 403 2282 mancipium
421 2211 555 2267 uenditor.
582 2211 686 2280 Pignus
704 2208 825 2265 manebit
837 2208 996 2280 obligatum,
1014 2209 1122 2266 edumei
1134 2209 1286 2266 redhibitus
1298 2208 1381 2266 fuerit
1394 2225 1505 2266 seruus:
1524 2211 1673 2282 ‘quemad-

238 2301 364 2370 modum,
383 2301 407 2355 ai
424 2315 487 2356 eum
506 2301 654 2356 alienasset
670 2304 719 2355 ant
736 2314 817 2354 nsnm
835 2297 954 2355 boetrum
972 2299 1044 2368 eius,
1063 2315 1118 2355 non
1136 2304 1209 2354 recte
1227 2298 1401 2354 redhibetur*
1420 2299 1473 2354 nisi
1491 2299 1673 2372 redemptum,

205 2398 220 2445 a
238 2389 278 2445 sic
296 2395 325 2444 et
342 2389 456 2460 pignore
472 2389 616 2446 liberatum
629 2387 812 2444 redhibetur⁸.
839 2387 870 2442 si
882 2387 934 2442 rub
946 2388 1106 2444 condicione
1118 2387 1199 2444 homo
1213 2394 1321 2459 emptus
1334 2389 1378 2459 rit,
1396 2388 1572 2446 redhibitoria
1584 2390 1674 2446 actio⁸

238 2483 302 2534 ante
320 2478 506 2535 condicionem
525 2479 703 2534 exsistentem
720 2477 851 2533 inutiliter
869 2477 968 2548 agitur,
986 2477 1052 2546 quia
1069 2477 1189 2532 nondum
1202 2477 1325 2548 perlecta
1336 2479 1438 2549 emptio
1451 2477 1563 2534 arbitrio
1575 2479 1674 2536 indicia
1691 2496 1722 2538 re

237 2565 398 2637 imperfecta
414 2565 472 2622 fieri
490 2583 545 2624 non
562 2572 668 2638 potest:
689 2571 718 2623 et
734 2566 797 2624 ideo
815 2565 868 2622 etsi
886 2581 921 2622 ex
939 2571 1031 2636 empto
1049 2568 1094 2622 uel
1112 2567 1225 2624 uendbo
1242 2569 1287 2624 nel
1305 2567 1481 2624 redhibitoria
1498 2572 1563 2624 ante
1580 2574 1673 2624 acuum

190 2667 220 2716 ιο
237 2654 333 2727 fuerit,
352 2657 462 2726 expleta
479 2656 638 2712 condricus
656 2657 755 2711 iterum
774 2656 820 2726 agi
837 2655 945 2726 poterit.
982 2655 1122 2712 Interdum
1140 2655 1249 2713 οιίιιοιιί
1266 2671 1336 2728 pura
1353 2657 1390 2712 ait
1407 2656 1543 2728 conditio,
1561 2663 1674 2728 propter

237 2745 304 2801 iuris
321 2745 508 2801 condicionem
526 2746 555 2800 in
573 2760 706 2816 suspenso
725 2751 780 2816 est,
805 2746 891 2802 ueluti
909 2745 933 2800 si
951 2759 1060 2816 seruus,
1086 2745 1113 2802 in
1132 2760 1187 2816 quo
1205 2746 1317 2802 alterius
1334 2761 1402 2801 usus
1419 2743 1539 2816 ιιιιιιιιι,
1560 2747 1674 2804 ιΙιοιίιιι

237 2834 390 2906 proprietas
408 2838 459 2904 est,
478 2834 580 2906 aliquid
597 2835 706 2890 emerit:
725 2851 788 2890 nam
807 2834 872 2890 dum
890 2835 1023 2890 moenum
1042 2839 1093 2906 est,
1112 2850 1147 2890 ex
1165 2835 1243 2891 cuins
1261 2851 1291 2892 re
1308 2836 1426 2908 pretium
1444 2834 1544 2906 soluat,
1561 2836 1673 2908 pendet,

238 2924 283 2980 oui
301 2923 337 2979 sit
354 2923 530 2994 adquisitam,
549 2928 577 2978 et
594 2923 657 2980 ideo
675 2925 764 2980 neutri
783 2937 876 2980 eorum
894 2923 1072 2982 redhibitoria
1089 2925 1228 2994 competit.
1692 2945 1723 2988 ιι

180 3013 220 3072 44
291 3013 369 3068 luna
391 3011 460 3068 libro
483 3011 604 3068 secundo
622 3013 658 3068 ad
676 3013 796 3070 edietum
815 3011 942 3068 aedilium
960 3013 1103 3070 amulium.
1139 3014 1293 3069 lectissime
1310 3012 1413 3069 aediles
1432 3029 1479 3070 no·
1498 3009 1674 3099 [ιῖιιῗῐοῖᾷ
1692 3027 1721 3083 Β

238 3103 347 3158 luerunt
364 3101 501 3158 hominem
518 3103 544 3158 ei
561 3103 601 3157 rei
619 3117 690 3173 quae
708 3103 821 3158 minoris
839 3106 913 3158 esset
931 3102 1070 3174 accedere,
1089 3117 1124 3158 ne
1141 3117 1198 3174 qua
1214 3101 1290 3158 fraus
1308 3107 1357 3158 aut
1373 3103 1464 3160 edicto
1483 3091 1673 3162 cufim

238 3191 286 3248 nili
305 3188 394 3247 fieret:
418 3195 450 3246 ιιι
473 3192 512 3246 ait
528 3191 643 3262 Pedlne,
666 3197 778 3264 propter
801 3191 962 3261 dignitatem
987 3191 1142 3248 hominurn:
1166 3193 1284 3262 alioquin
1302 3191 1418 3248 eandem
1435 3194 1568 3250 rationem
1587 3194 1673 3252 hrime

239 3285 268 3337 et
292 3281 320 3335 in
344 3281 442 3336 ceteris
465 3279 564 3336 rebus:
587 3281 730 3336 ridiculum
753 3295 871 3350 namque
894 3295 956 3336 esre
978 3282 1088 3337 tunicae
1106 3279 1221 3336 landum
1239 3281 1379 3337 moedere.
1416 3287 1538 3338 ceterum
1555 3283 1674 3340 hominia

239 3369 389 3425 conditioni
411 3369 520 3439 quiduis
538 3369 647 3425 edicere
664 3369 741 3424 licet:
764 3384 827 3424 narn
846 3375 875 3424 et
892 3370 1051 3440 plerumque
1069 3371 1131 3440 plus
1148 3371 1177 3426 in
1194 3370 1302 3442 peculio
1320 3374 1364 3425 est
1381 3386 1463 3441 quam
1482 3372 1510 3428 in
1528 3387 1621 3444 seruo,
1645 3378 1675 3431 et
1693 3391 1723 3435 ae

206 3469 221 3520 ι
239 3473 443 3528 nonnumquam
462 3459 581 3514 aloarius
598 3459 645 3528 qni
664 3458 772 3513 acoedb
787 3459 873 3528 pluris
891 3463 935 3514 est
951 3474 1034 3528 qnam
1051 3459 1076 3514 is
1094 3475 1191 3515 seruus
1208 3459 1256 3530 qui
1267 3459 1351 3516 uenit.
1378 3461 1544 3532 Proponitur
1554 3463 1625 3518 actio
1638 3479 1675 3520 ex

239 3547 291 3604 hoo
309 3547 399 3603 edicto
418 3548 446 3602 in
463 3561 525 3603 eum
545 3547 623 3602 onius
642 3547 762 3602 marinna
779 3563 844 3618 pars
861 3548 890 3602 in
907 3547 1065 3604 uenditioue
1082 3546 1173 3618 fuerit,
1191 3549 1256 3618 quia
1272 3549 1433 3620 plerumque
1451 3551 1617 3606 uenaliciarii
1634 3553 1675 3608 ita

239 3638 398 3693 societatem
417 3641 525 3706 coeunt,
543 3640 576 3691 ut
593 3636 726 3706 quidquid
744 3642 831 3706 agant
847 3637 876 3692 in
893 3652 1038 3692 commune
1053 3637 1198 3693 uideantur
1210 3653 1305 3708 agere:
1324 3653 1442 3707 aequum
1455 3639 1528 3695 enim
1541 3639 1676 3698 aedilibus

239 3727 329 3783 uisum
354 3731 396 3782 est
418 3726 463 3780 uel
485 3726 513 3781 in
538 3741 622 3780 unum
646 3740 680 3780 ex
703 3725 759 3796 hie,
782 3726 860 3780 onius
880 3727 967 3782 maior
984 3742 1048 3797 pars
1067 3731 1116 3782 ant
1133 3727 1208 3783 nulle
1224 3733 1302 3797 parts
1320 3727 1409 3784 minor
1426 3732 1512 3799 esset,
1536 3729 1675 3787 aedilicias

240 3816 361 3872 actiones
380 3820 544 3886 competere,
563 3830 598 3869 ne
616 3819 761 3885 cogeretur
778 3819 885 3885 emptor
902 3831 964 3870 oum
983 3815 1077 3871 multis
1093 3817 1210 3886 litigare,
1228 3818 1355 3887 quamuis
1373 3818 1445 3872 actio
1459 3833 1495 3873 ex
1506 3824 1599 3888 empto
1611 3835 1674 3876 oum
1692 3839 1724 3882 ιο

240 3905 354 3974 singulis
372 3904 409 3959 sit
425 3921 476 3976 pro
494 3904 627 3976 portione,
646 3919 701 3974 qua
719 3905 786 3960 socii
803 3902 926 3961 inerunt:
944 3921 1007 3962 nam
1025 3905 1053 3960 id
1070 3920 1158 3976 genuus
1176 3905 1315 3962 hominum
1334 3906 1370 3962 ad
1388 3907 1493 3963 lnernm
1508 3909 1599 3980 potius
1611 3909 1675 3966 uel⁸

238 4011 405 4084 F[P(VU)]

240 4175 302 4228 ¹eo
322 4181 368 4228 ιιι,
457 4170 587 4226 'domii
669 4171 783 4240 ⁸qnare
802 4180 849 4226 ina.
937 4171 1146 4229 ‘redhiberetl
1235 4171 1414 4229 'redhibetl
1502 4173 1609 4230 ‘actio
1626 4175 1675 4230 del.

239 4245 321 4300 'iuri
338 4242 437 4312 (0de?
508 4246 519 4280 ⁸
537 4243 583 4298 uel
599 4243 691 4313 potius
709 4243 811 4312 (Hal.)‘l

240 4403 256 4457 1
281 4401 418 4458 uideuitur
445 4401 478 4454 F²
498 4403 503 4470 l
523 4415 613 4456 rerum
638 4403 789 4458 om.PVU·
809 4404 814 4471 1
834 4405 929 4472 quanti
981 4403 1071 4476 betur]
1089 4405 1134 4469 Ρ,
1156 4402 1333 4461 redhibeatur
1353 4405 1456 4471 F’PU,
1477 4407 1528 4477 des.
1543 4405 1578 4460 V·
1597 4407 1602 4472 Ι
1621 4405 1676 4462 nisi

239 4473 444 4542 damnum1F1,
467 4478 599 4542 qnantum
623 4472 752 4529 damnum
776 4475 928 4541 F²P⁰V⁰U,
981 4475 1154 4546 redemptum
1248 4477 1465 4532 strennuum
1493 4497 1542 4532 om.
1566 4477 1677 4532 Pver?

239 4549 371 4616 quantum
381 4545 493 4616 dampni
504 4543 547 4609 V‘,
556 4545 651 4614 quanti
660 4546 752 4601 damni
761 4543 800 4600 Ρι
844 4547 929 4602 doee-
983 4548 1078 4616 liele]
1091 4549 1134 4613 F1,
1148 4548 1282 4602 aitF²PU
1296 4551 1301 4616 1
1316 4547 1556 4604 redhiheu'turF’
1591 4550 1666 4605 etei

240 4617 311 4686 sum]
335 4619 361 4670 F
378 4625 402 4671 et
424 4637 454 4670 ee
479 4615 604 4684 Pistam)
631 4617 672 4682 Ul,
720 4633 812 4672 essum
841 4619 931 4672 PVU·
983 4619 1453 4692 eiusP·V⁰,eieeq.epattouacuo
1475 4621 1509 4675 U·
1531 4627 1665 4691 lneque

239 4688 352 4758 8fugae
365 4688 473 4758 nomen]
487 4687 552 4757 iuge
562 4635 737 4754 nonpaisbr,
749 4687 930 4758 fugercP‘U‘
983 4706 1072 4760 neque
1094 4691 1170 4744 P⁶V⁰
1186 4693 1190 4756 Ι
1207 4691 1286 4746 ciuile
1304 4690 1394 4746 fuerat
1411 4693 1459 4757 1³¹,
1477 4691 1551 4746 ciuili
1568 4691 1620 4747 fuit
1663 4705 1675 4726 ¹

241 4761 275 4814 18
293 4759 402 4829 nullius]
423 4761 512 4815 nullus
531 4759 616 4824 F·P·,
635 4761 714 4815 nullis
736 4761 770 4815 U⁰
791 4763 796 4828 1
818 4761 929 4830 domini]
983 4764 1018 4817 33
1031 4761 1116 4818 iubae
1129 4761 1166 4832 et]
1180 4761 1278 4818 suisset
1289 4763 1336 4827 1²⁴,
1350 4761 1435 4818 fuisse
1448 4763 1489 4818 Ρὁ
1498 4764 1547 4818 VU
1586 4765 1674 4820 34oe-

240 4831 308 4894 FP⁶,
335 4831 446 4887 dominii
477 4831 518 4895 θ’,
544 4831 654 4887 domino
682 4831 773 4887 P‘U‘:
804 4832 868 4888 ἓιθι
895 4831 929 4888 uri
983 4833 1102 4889 diculum
1124 4833 1158 4889 ΓΙ
1180 4837 1184 4902 Ι
1205 4838 1325 4890 ceterum
1343 4834 1460 4890 bominis
1479 4834 1629 4890 uenditioni
1647 4845 1675 4890 ta

241 4901 761 5046 ιιιιιιιιιιιιιι
774 4904 930 5032 telus
982 4907 1119 5032 ιι
1135 4905 1442 5050 ardubure
1455 4906 1493 4959 ι’
1508 4910 1513 4976 ¹
1529 4906 1563 4976 h
1580 4907 1609 4962 l
1625 4907 1673 4974 P*

528 5015 537 5040 ι
743 5001 745 5006 '
920 5007 930 5017 ”
984 4999 992 5031 ¹
1026 5017 1032 5030 ·
1071 4987 1083 5010 ⁰
