3600 5354
124 227 246 276 orusrs
268 227 420 278 monas
807 205 891 286 143
1323 211 1380 281 1111
1402 214 1423 280 d
1444 219 1558 276 sl-te

93 365 204 422 surse
226 371 318 422 wiern
341 367 479 422 restitutio
500 367 590 422 ioeum
610 364 708 436 haba,
731 367 791 422 siue
809 381 858 436 per
875 381 906 422 se
923 367 983 422 siue
1000 381 1050 438 per
1067 366 1206 424 subieotas
1223 366 1276 424 sibi
1293 383 1424 439 personas
1441 383 1494 424 usu
1511 367 1559 424 ed·

125 455 292 524 quisiernnt,
310 457 358 526 qni
375 455 504 512 absentes
520 471 576 512 non
593 453 823 526 dienerinnen,
842 455 941 527 etita,
960 457 983 512 si
1000 471 1082 512 nemo
1099 471 1194 512 eorum
1212 462 1273 513 erat
1288 455 1433 514 defensor.¹
1453 473 1517 514 nam
1535 457 1559 512 si

126 542 180 600 fuit
195 548 367 614 procurater,
390 559 453 600 eum
470 543 599 600 habueris
616 557 698 614 quem
716 545 876 616 oonueuas,
894 561 950 601 non
967 544 1051 601 debet
1067 546 1220 616 inquietari.
1253 551 1373 602 ueterum
1392 548 1416 602 si
1433 562 1488 603 non
1506 542 1557 631 [(ᾗ)

127 633 265 689 existebat
281 631 416 702 defensor,
435 634 629 703 aequissimum
647 637 707 688 erut
721 630 867 704 subueniri,
886 649 920 690 eo
931 635 1032 704 potius,
1050 635 1124 704 quod
1136 651 1230 691 eornm
1242 636 1288 706 qui
1300 651 1356 692 non
1368 634 1558 706 defenduntur,

127 723 151 778 si
169 722 282 794 quidem
299 724 420 792 latitent,
438 727 548 793 praetor
565 737 601 778 ex
618 722 709 778 edioto
726 722 869 792 poilieetur
886 723 915 779 iu
931 723 1005 779 boue
1022 726 1132 780 οοιιιιιιι
1150 724 1267 796 mittere,
1286 729 1318 780 ut
1335 725 1358 780 si
1370 739 1419 780 res
1437 726 1560 796 exegerit
1577 738 1591 781 ο

94 812 210 868 setiam
228 811 421 882 distrahantur,
440 813 464 867 si
482 826 548 867 uero
564 826 620 867 non
637 811 753 880 latitent,
771 811 837 866 lieet
852 827 907 868 non
925 811 1114 883 defendantur,
1133 813 1161 868 in
1179 812 1251 868 bona
1267 817 1375 869 tanturn
1392 814 1473 870 mitti.
1503 815 1558 870 De-

126 897 203 956 fendi
220 905 312 957 autem
330 915 386 956 nou
403 901 427 956 is
445 900 561 970 uidetur,
580 901 658 956 ouius
676 915 707 955 se
725 897 853 957 defensor
869 901 976 972 ingerit,
995 901 1044 958 sed
1062 901 1109 971 qui
1126 902 1272 971 requisitae
1290 901 1325 958 ab
1344 907 1435 958 uetere
1453 917 1509 958 nou
1522 909 1560 958 ert

126 988 279 1046 defensioni
296 988 454 1060 defuturus,
476 990 611 1060 plenaque
629 987 752 1046 defensio
769 989 928 1061 recipietur,
953 991 978 1047 si
995 996 1024 1046 et
1040 991 1169 1046 iuditium
1187 1007 1242 1048 uon
1260 991 1427 1046 ἀοιιοοιοιιιι
1443 996 1473 1047 et
1489 991 1558 1047 iudi·

125 1085 219 1135 saturn
237 1079 308 1135 solui
325 1079 481 1135 satisdstur.
996 1097 1000 1106 ·
1576 1094 1590 1137 t

70 1163 109 1224 22
178 1169 299 1224 Patruus
320 1168 389 1224 hiero
411 1167 573 1224 duodeeirno
595 1165 632 1222 ed
652 1166 782 1222 edietum.
818 1167 892 1238 Ergo
915 1167 1057 1223 soiendum
1079 1174 1122 1224 est
1144 1183 1199 1224 non
1217 1169 1295 1224 aliter
1314 1169 1365 1225 hoe
1383 1163 1558 1255 Q
1575 1179 1603 1233 Ε

125 1256 246 1312 edietum
263 1258 355 1314 ieeurn
372 1256 486 1326 habere,
507 1271 590 1326 quam
608 1256 632 1311 si
650 1257 730 1312 amiei
748 1257 808 1311 eius
824 1257 984 1327 interrogati
1001 1255 1116 1327 fuerint,
1136 1273 1171 1312 sn
1189 1257 1353 1330 defendant,
1369 1265 1418 1314 aut
1435 1260 1459 1314 si
1477 1275 1557 1315 nemo

124 1346 171 1415 rit,
188 1345 236 1416 qui
253 1345 415 1416 interrogari
431 1349 532 1416 potest
562 1345 602 1400 ita
619 1344 691 1402 euim
709 1344 810 1400 absens
827 1343 937 1402 defendi
954 1347 1027 1402 non⁸
1045 1346 1160 1417 uidetur,
1179 1347 1204 1402 si
1222 1353 1298 1403 sotor
1314 1348 1386 1403 ultro
1405 1348 1558 1419 interpellat

94 1443 106 1487 1
124 1449 176 1490 nee
191 1434 338 1504 quisquam
356 1432 509 1490 defensioni
526 1449 557 1490 se
574 1435 685 1490 offerat:
703 1449 791 1504 eaque
808 1435 956 1491 testatione
973 1435 1115 1506 eompieoti
1128 1441 1244 1506 oportet.
1272 1435 1445 1506 stoutigirur
1456 1436 1557 1493 damno

92 1531 106 1577 t
124 1520 136 1593 Ι
154 1538 204 1579 eos
226 1521 316 1590 adiiei¹
330 1539 385 1579 non
402 1524 476 1594 nuit,
497 1525 538 1579 ite
553 1524 659 1579 luorum
676 1520 767 1578 faeere
784 1539 840 1580 non
857 1525 967 1595 petitur.
1004 1523 1084 1590 Quod
1101 1524 1221 1580 edietum
1239 1526 1322 1580 etism
1340 1525 1377 1582 sd
1393 1523 1512 1581 furiosus
1529 1529 1559 1582 et
1574 1529 1632 1578 tte

123 1611 243 1668 infantes
261 1617 291 1668 et
307 1611 434 1668 eiuitates
449 1613 586 1683 pertinere
603 1611 697 1668 Labeo
715 1612 761 1667 sit
1577 1622 1605 1663 re

74 1697 108 1756 23
177 1701 329 1758 Uannius
351 1701 421 1757 libro
442 1701 605 1758 duodecimo
627 1701 664 1757 ad
687 1701 815 1757 ediotrrrn.
852 1700 901 1756 Ait
919 1707 1042 1771 praetor:
1060 1702 1131 1758 ‘inue
1149 1703 1265 1758 uineude
1283 1707 1364 1773 esset,
1383 1698 1557 1788 Q
1575 1704 1603 1758 Ε

124 1789 263 1846 'mutue
280 1790 381 1861 egendi
397 1795 563 1861 potestatem
580 1807 635 1847 nou
652 1789 771 1846 faeeret'.
798 1790 867 1846 haee
884 1805 1002 1861 persona
1018 1792 1116 1848 merito
1135 1791 1243 1848 adieeta
1260 1795 1315 1848 est:
1333 1789 1393 1848 fieri
1410 1791 1482 1846 enirn
1497 1797 1556 1862 pot-
1633 1799 1634 1802 ’

124 1885 192 1950 erat,
210 1885 242 1936 ut
259 1881 322 1950 quis
338 1880 368 1935 in
385 1881 501 1936 uronis
518 1895 648 1951 pruesens
666 1885 748 1950 esset,
765 1880 811 1934 uel
828 1879 857 1934 in
875 1879 985 1950 publius
1000 1881 1045 1936 uel
1063 1881 1092 1936 in
1109 1881 1217 1951 priuato
1233 1879 1344 1936 uinouis
1361 1881 1474 1936 duetus:
1492 1896 1556 1936 nam

124 1973 153 2025 et
169 1984 235 2024 enm
252 1969 300 2039 qui
317 1969 346 2024 in
363 1968 480 2024 uiuentis
497 1975 550 2040 est,
569 1970 593 2024 si
609 1969 691 2025 modo
709 1983 765 2025 non
782 1969 865 2024 sitin
883 1969 1023 2038 seruitute,
1040 1983 1122 2040 posse
1139 1985 1192 2025 usu
1206 1969 1349 2040 adquirere
1362 1972 1477 2026 wustat
1506 1968 1556 2026 sed

95 2064 107 2109 1
124 2063 154 2114 et
174 2059 199 2114 is
220 2059 268 2128 qni
291 2058 320 2112 in
341 2056 458 2113 uiuouiis
480 2062 524 2113 est
545 2059 570 2113 si
593 2055 768 2128 defendatur,
786 2062 879 2112 oessat
894 2057 1037 2114 restituis.
1073 2059 1101 2113 is
1119 2063 1220 2129 autem,
1238 2059 1286 2128 qui
1303 2057 1377 2128 apud
1394 2057 1486 2114 hostes
1505 2063 1555 2128 est,
1575 2073 1603 2115 ro

124 2145 189 2202 nibil
209 2161 260 2218 per
276 2161 357 2202 usum
375 2145 428 2202 sibi
446 2145 589 2216 adquirere
606 2151 711 2218 potest,
734 2161 786 2202 neu
803 2151 928 2218 coeptum
946 2148 1146 2217 possessionem
1164 2148 1265 2218 poterit
1282 2147 1406 2218 implere,
1430 2147 1495 2202 dum
1513 2149 1557 2202 est

125 2236 198 2306 apud
220 2235 327 2292 hoetes:
349 2234 403 2291 hoo
425 2236 541 2306 amplius
562 2250 614 2291 neo
636 2235 802 2306 postliminio
818 2251 945 2292 reuersus
962 2236 1126 2307 reciperabit
1142 2251 1191 2307 per
1207 2251 1290 2292 usum
1307 2236 1419 2292 dominii
1436 2235 1555 2306 adquisi-

97 2325 235 2381 stionem.
271 2324 342 2380 Item
364 2325 404 2394 ei,
428 2325 476 2395 qui
495 2339 545 2395 per
561 2324 750 2394 eaptiuitateur
768 2323 845 2380 fundi
862 2325 1064 2396 possessionem
1082 2325 1127 2382 uei
1144 2339 1212 2381 usus
1228 2323 1335 2380 fruetus
1352 2325 1431 2394 qussi
1448 2339 1556 2395 posses·

124 2415 229 2470 sionem
243 2414 344 2484 amiur,
360 2413 569 2470 momentum
587 2428 649 2469 esse
665 2413 831 2483 Papinianus
849 2415 896 2485 ait,
914 2419 943 2470 et
959 2412 1064 2470 duetus
1082 2429 1190 2486 quoque
1208 2414 1299 2470 medio
1316 2413 1490 2484 temperent
1502 2414 1556 2470 aiio
1705 2465 1711 2478 ,

97 2509 160 2560 tex
181 2519 235 2560 usu
257 2501 349 2558 frnetu
371 2508 515 2574 peroeptos
538 2501 638 2558 debere
656 2503 766 2574 oeptiuo
783 2503 890 2558 restitui
908 2518 1025 2574 οοοιιιιιι
1042 2508 1129 2574 putat
1166 2503 1203 2559 Hi
1218 2505 1312 2575 plane,
1335 2503 1383 2574 qui
1400 2502 1511 2559 fuerunt
1526 2503 1555 2558 in
1574 2519 1603 2562 ss

124 2597 261 2662 poteeute
278 2592 388 2662 captui,
409 2607 463 2647 usu
478 2605 537 2647 rem
555 2591 697 2662 adquirere
714 2597 830 2662 possum
846 2605 882 2648 ex
899 2607 928 2648 re
946 2593 1089 2663 peoultari:
1108 2597 1137 2649 et
1154 2607 1272 2664 aequm
1290 2593 1342 2649 erit
1352 2607 1395 2648 ex
1411 2591 1464 2648 hae
1481 2593 1555 2648 eleu-

124 2681 184 2737 suia
200 2680 400 2752 pressentibus,
418 2681 447 2736 id
464 2681 572 2752 estqui
589 2695 644 2736 uon
662 2685 727 2736 suut
743 2681 772 2736 iu
790 2681 962 2752 eapduitate,
981 2681 1132 2751 subueniri,
1150 2683 1174 2738 si
1191 2697 1254 2738 uum
1272 2697 1328 2740 uon
1345 2680 1556 2738 defenderentur

125 2775 288 2842 ssueapturn
305 2770 372 2842 quid
388 2772 433 2827 sit
469 2770 520 2826 sed
537 2769 606 2826 etsi
623 2770 683 2825 dies
701 2770 829 2842 sedunis,
848 2787 918 2842 quae
936 2771 1070 2827 sduersru
1087 2771 1226 2842 captiuum
1245 2759 1431 2842 oonpooehe,
1450 2771 1554 2842 exierit,
1625 2769 1630 2784 ⁴

95 2865 299 2916 tsuoeurretur
319 2859 453 2916 aduersus
475 2875 547 2916 euni.
582 2859 690 2915 Deinde
713 2859 798 2916 adioit
817 2865 939 2929 praetor:
958 2861 1094 2916 'soeumue
1117 2859 1217 2931 agendi
1239 2864 1405 2931 potestatem
1427 2875 1482 2916 non
1503 2856 1555 2944 [ᾧ

124 2947 251 3019 ’ἠοοιοιζ
272 2952 306 3004 ut
322 2950 347 3004 si
364 2949 430 3005 dum
447 2947 501 3005 hoo
517 2947 609 3020 faeiat,
627 2963 677 3020 per
694 2965 775 3005 usum
793 2948 938 3019 adquisitio
954 2950 1068 3020 impleta
1083 2950 1128 3005 uel
1143 2949 1212 3018 'quid
1224 2963 1260 3004 ex
1271 2964 1355 3020 supra
1366 2949 1474 3019 seriptis
1491 2965 1555 3006 eon-
1574 2964 1602 3007 ao

123 3037 194 3108 tigit,
211 3038 350 3094 restitutio
368 3038 547 3095 eonoedstur:
566 3039 670 3109 merito,
688 3053 741 3094 nee
757 3038 830 3093 enirn
848 3037 1075 3109 suffieitsemper
1092 3038 1120 3094 iu
1136 3038 1339 3108 possessiomes
1351 3037 1484 3094 bonorum
1495 3043 1555 3095 eius

123 3128 203 3196 mitti,
221 3127 288 3197 quis
305 3141 340 3182 ea
355 3127 492 3183 interdum
510 3128 616 3198 speeies
634 3143 696 3184 esse
712 3131 812 3198 potest
830 3128 907 3182 utin
924 3127 1003 3184 bonis
1021 3127 1154 3184 latitentis
1173 3128 1245 3182 mitti
1262 3142 1317 3183 non
1334 3127 1423 3198 possit
1439 3132 1555 3184 autnon

122 3217 225 3272 latitet:
238 3214 312 3286 tinge
321 3217 402 3287 enirn,
412 3216 478 3272 dum
487 3217 682 3274 adnotationes
692 3217 822 3286 portum,
834 3217 907 3272 diem
919 3217 1017 3286 exisse,
1029 3218 1074 3274 uei
1087 3217 1152 3272 dum
1164 3216 1218 3272 alia
1227 3231 1304 3272 mora
1311 3215 1404 3271 iudieii
1413 3216 1554 3286 contingit

73 3301 107 3362 is
175 3305 296 3361 Psuuus
313 3304 382 3361 libro
400 3305 561 3362 duodecimo
579 3305 616 3362 ed
633 3305 762 3362 edietum.
790 3303 845 3361 Sed
863 3309 892 3361 et
908 3305 944 3360 ad
962 3320 1010 3361 eos
1027 3305 1153 3376 pertinet,
1171 3306 1218 3376 qui
1234 3306 1363 3362 eonuenti
1394 3317 1421 3362 s.
1431 3318 1467 3373 10,
1476 3318 1514 3373 so,
1524 3318 1555 3363 st
1572 3315 1599 3370 Ε

121 3393 288 3451 drauum
305 3399 335 3449 et
352 3393 474 3464 quainter
489 3395 715 3465 terqn'uersatione
732 3400 762 3450 et
778 3395 898 3451 sollertia
915 3392 1045 3464 effitiunt,
1062 3409 1098 3451 ne
1115 3409 1178 3450 oum
1195 3393 1263 3465 ipsis
1280 3394 1326 3465 egi
1343 3395 1439 3464 possit.
1573 3409 1602 3451 au

71 3479 106 3540 25
174 3483 270 3540 dnus
291 3482 361 3540 niro
383 3489 480 3554 quarto
498 3484 534 3540 ad
552 3484 674 3540 edietum
690 3483 865 3554 prouineiale.
902 3483 981 3549 Quod
998 3483 1109 3554 quidem
1127 3483 1208 3539 sirniii
1225 3483 1307 3539 modo
1325 3483 1362 3540 ad
1380 3478 1554 3568 Q
1572 3491 1599 3547 Ε

122 3588 186 3630 eunr
204 3587 315 3643 quoqne
331 3573 468 3643 pertinere
485 3572 621 3644 ditemus,
639 3573 687 3644 qui
704 3588 759 3629 non
776 3569 923 3628 frustrmi
940 3573 1031 3642 gretie
1047 3572 1076 3628 id
1093 3571 1204 3644 faeeret,
1223 3573 1275 3629 sed
1290 3573 1364 3644 quod
1382 3574 1554 3630 multitudine

122 3677 213 3719 rerum
232 3662 447 3732 distringeretur.

70 3747 106 3808 26
175 3751 328 3808 earnm
344 3749 414 3806 libro
431 3749 593 3806 duodeeimo
611 3749 647 3805 ad
664 3749 792 3806 edietum.
819 3748 875 3806 Sed
892 3753 921 3806 et
938 3750 962 3806 si
979 3765 1029 3820 per
1046 3753 1200 3820 praetorem
1218 3751 1301 3822 stetit,
1320 3765 1361 3806 re
1380 3736 1554 3830 Q
1571 3751 1599 3806 E

91 3851 104 3896 ι
122 3841 230 3896 stitutio
247 3838 440 3909 indulgebitur.
472 3837 614 3894 Aduersru
631 3839 781 3909 relegatum
799 3839 1000 3896 restitutionem
1017 3837 1170 3896 faciendam
1188 3854 1224 3895 ex
1241 3840 1361 3910 generali
1379 3833 1553 3924 Q
1570 3854 1600 3895 so

123 3929 247 3986 muts
268 3928 436 3999 Pomponius
458 3929 509 3983 ait:
534 3927 584 3983 sed
606 3942 662 3984 nun
682 3932 712 3983 et
732 3929 785 3999 ipsi
807 3929 1024 3999 eoncedendam,
1048 3929 1113 3998 quis
1134 3929 1225 4000 potuit
1246 3933 1450 4000 proonratorem
1472 3930 1552 3985 relin-

91 4028 220 4090 tquere:
243 4033 280 4074 ex
302 4032 387 4073 musa
409 4021 501 4073 tamen
517 4021 587 4088 puto
604 4017 687 4073 etiam
704 4017 758 4088 ipsi
775 4017 998 4074 sueourrendum.
1033 4015 1083 4072 Ait
1099 4023 1221 4088 praetor:
1241 4017 1296 4073 'aut
1313 4033 1376 4073 eum
1394 4032 1457 4074 eum
1475 4013 1552 4101 [qs-{p

122 4107 246 4165 'inuium
263 4107 292 4164 in
309 4107 353 4163 ius
370 4121 470 4163 uotae
487 4121 543 4163 non
559 4107 654 4164 liueret
670 4121 759 4178 neque
777 4105 985 4164 defenderetur'.
1012 4106 1080 4164 haee
1098 4108 1220 4164 οΙοιιοιιΙο
1231 4107 1267 4164 ad
1278 4122 1326 4164 eos
1337 4107 1464 4180 pertinet,
1482 4123 1552 4179 quos

122 4214 303 4288 FinVUDJ

124 4379 132 4412 ¹
151 4389 245 4431 eorum
264 4375 311 4430 det
382 4373 465 4428 'non
483 4365 613 4428 defendi?

124 4497 187 4552 lse
204 4497 265 4552 siue
281 4495 340 4566 per]
360 4511 391 4550 se
408 4497 467 4551 siue
484 4495 544 4565 Ρ·Ι
563 4496 742 4568 adquisierint
758 4497 815 4552 PV
863 4502 920 4553 tarn
943 4499 970 4550 F
1016 4497 1052 4553 23
1074 4498 1118 4553 ὀὶ·
1140 4497 1187 4567 qui
1205 4497 1242 4550 Ρ·
1299 4497 1335 4552 24
1358 4497 1450 4552 anuuit
1466 4499 1551 4564 btrF,

123 4567 344 4623 ddistrabantur
360 4567 401 4622 Ρ·
416 4569 421 4635 Ι
436 4567 520 4623 mittit
536 4569 577 4623 P·
630 4569 811 4638 ireeiqnitus
864 4569 964 4624 amittit
983 4570 1052 4624 P·U
1073 4570 1077 4638 Ι
1101 4566 1322 4638 sueeurrendum]
1345 4568 1509 4625 our-rendum
1530 4570 1558 4622 F

123 4639 157 4691 Γ·
176 4641 182 4708 1
201 4645 246 4695 est
264 4640 352 4694 oms
401 4639 576 4710 Splsneque
592 4641 633 4695 Ρ·
652 4641 657 4708 Ι
678 4639 812 4696 demote-
863 4641 899 4696 25
921 4653 973 4694 usu
990 4638 1079 4695 iruote
1095 4641 1132 4695 F1
1153 4642 1158 4708 Ι
1177 4639 1215 4708 hi]
1234 4639 1299 4694 uio..
1316 4640 1355 4694 Ρ·
1412 4641 1448 4696 26
1469 4655 1551 4710 peuu·

123 4713 166 4764 tur
180 4711 238 4778 PL,
256 4709 457 4766 detraetaretur
477 4710 504 4765 U
553 4711 588 4766 12
604 4709 760 4766 uide'retur
774 4709 811 4765 Ρ*
863 4710 1019 4766 lari'a'etF2
1048 4712 1084 4766 29
1092 4710 1373 4766 suoeurriturPVLU
1403 4712 1551 4768 ddeontin·

124 4782 157 4836 14
172 4797 220 4838 eos
237 4801 287 4838 ons
300 4783 338 4835 F·
358 4783 364 4850 Ι
384 4783 507 4853 poeiatur
524 4781 628 4848 PLU,
647 4782 771 4852 paeietur
788 4781 816 4836 V
864 4783 935 4852 gerit
956 4783 991 4847 P,
1018 4783 1152 4852 eontingit
1173 4780 1236 4836 ΗΡ
1292 4783 1328 4837 32
1350 4796 1385 4836 ea
1407 4801 1455 4838 om.
1472 4783 1556 4838 PVU

124 4853 156 4908 15
171 4853 251 4910 iubeo
270 4873 320 4908 oea
332 4853 374 4908 Ρ·
419 4854 539 4910 ldesset
561 4858 589 4908 et
601 4855 644 4908 set
654 4855 699 4920 F¹,
717 4863 765 4909 ine.
775 4854 813 4908 L·
864 4854 1072 4920 eedetitetffl,
1084 4853 1215 4909 latitudis
1226 4853 1268 4908 Ρ·
1302 4853 1337 4908 37
1349 4853 1549 4919 dioirnuePVi

124 4925 156 4978 18
172 4931 246 4981 esset
262 4924 319 4995 uel]
337 4925 440 4992 estP·,
458 4939 520 4980 esse
614 4925 696 4982 19=et
712 4925 813 4980 mr·
864 4925 923 4994 sed]
948 4925 988 4980 sel
1012 4926 1048 4978 Ρ
1105 4925 1140 4980 39
1162 4907 1324 4995 praetorefn]
1348 4929 1551 4995 proeuratorem

45 5003 48 5012 ’
123 4995 616 5068 idhostesestlhosteeessetPVU
648 4997 682 5052 21
697 4999 812 5068 neeoep·
864 4995 964 5052 P⁶U·?
997 4997 1033 5053 ts
1051 5011 1085 5054 eo
1102 4997 1188 5054 inuito
1204 4997 1247 5053 Ρ·
1280 4995 1555 5056 diiieebitP'VLU
