3584 5326
648 640 697 696 vl.
726 639 779 695 AD
802 638 882 695 UOL.
901 640 914 694 1
936 639 1235 697 ADDITAMENTUM
1258 641 1293 697 11.

307 804 479 860 Laciniarum
499 800 803 859 Pommersicldeusium
821 801 1017 871 pertinentium
1036 800 1072 856 ad
1090 800 1188 857 librum
1208 802 1375 872 digestorum
1389 801 1466 858 XLV
1484 800 1602 868 exempli
1620 800 1688 867 eius,

254 893 328 964 qnod
348 897 411 948 ante
430 892 531 948 multos
550 906 636 946 annos
655 889 779 960 Sauignii
797 905 882 945 causa
899 891 1009 960 excepit
1022 891 1180 946 Ludouicns
1195 891 1353 961 (irimmius,
1371 895 1404 946 ut
1421 891 1501 961 copia
1519 889 1585 944 milri
1602 887 1689 956 fieret,

254 999 338 1054 saepe
356 982 505 1053 temptaui,
529 996 592 1037 cum
615 979 758 1051 probabile
781 980 818 1035 eit
838 979 975 1050 quaedam
995 980 1023 1034 in
1042 994 1075 1036 eo
1093 981 1149 1050 legi
1165 986 1264 1051 postea
1282 979 1439 1051 deperdita:
1466 980 1515 1035 sed
1536 979 1606 1034 hacc
1628 993 1691 1032 mea

253 1072 434 1142 temptamina
451 1071 527 1125 irrita
544 1069 664 1126 inerunt.
692 1074 788 1124 contra
805 1069 921 1139 contigit
939 1068 1005 1123 milri
1023 1068 1127 1124 domini
1145 1083 1238 1126 earum
1257 1070 1432 1125 illustrissimi
1450 1069 1557 1125 comitis
1570 1067 1691 1124 Schoen-

254 1161 323 1217 boru
342 1158 483 1224 beneficio,
500 1164 532 1214 nt
550 1161 625 1230 ipsas
642 1160 737 1214 liceret
748 1159 904 1214 Berolinum
923 1159 1099 1214 transmissas
1117 1159 1218 1214 imitari
1230 1165 1288 1214 arte
1300 1158 1598 1229 photolithographica:
1616 1156 1692 1212 unde

253 1251 308 1305 iam
327 1249 453 1319 exempla
471 1263 565 1304 aarum
584 1248 664 1304 huius
682 1248 772 1318 operis
793 1248 925 1303 uolumini
948 1248 1026 1303 alteri
1044 1247 1112 1314 (tab.
1125 1248 1234 1314 5-10)
1258 1247 1366 1303 adiecta
1384 1252 1540 1303 cernuntur.
1571 1246 1693 1302 schedae

253 1339 373 1410 pessime
391 1336 501 1392 habitae
520 1343 585 1392 sunt
602 1353 653 1392 nec
676 1336 840 1391 dilaceratae
864 1341 984 1402 tanturn,
1008 1337 1164 1393 sedetiam
1188 1336 1300 1392 madore
1324 1342 1483 1407 corruptae,
1507 1351 1562 1406 quo
1586 1334 1693 1390 lactum

255 1432 312 1497 est,
336 1433 367 1482 ut
389 1433 500 1496 praeter
520 1441 601 1481 ueras
623 1427 729 1481 litteras
753 1425 822 1480 aliae
846 1440 956 1494 quoque
979 1427 1089 1496 spuriae
1113 1426 1231 1482 subinde
1249 1431 1400 1497 appareant
1416 1427 1525 1481 inuerse
1543 1439 1694 1495 expressae

255 1533 289 1572 ex
312 1517 420 1587 paginis
438 1515 619 1586 superpositis
641 1515 705 1570 olim
730 1513 773 1569 his
796 1513 1003 1583 superstitibus:
1028 1520 1059 1570 ut
1081 1516 1152 1571 inter
1174 1515 1228 1570 alia
1247 1514 1280 1585 1',
1293 1517 1328 1570 22
1346 1530 1428 1586 super
1446 1533 1484 1569 ne
1502 1515 1622 1569 cernitur
1642 1534 1694 1580 or,

256 1605 289 1676 1',
302 1607 337 1661 23
359 1605 442 1675 super
459 1625 484 1660 rr
503 1607 550 1670 (ex
568 1606 635 1669 curs)
653 1603 773 1672 uestigia
789 1618 861 1672 quae
881 1604 1001 1673 speciem
1019 1619 1085 1674 prae
1103 1620 1134 1659 se
1152 1603 1243 1659 lerunt
1261 1619 1296 1673 a,
1321 1605 1386 1659 item
1411 1618 1507 1672 margo
1525 1601 1549 1670 β’
1568 1603 1695 1672 repletus

255 1701 298 1750 est
315 1693 450 1750 eiusmodi
468 1693 606 1762 uestigiis,
629 1698 661 1746 nt
679 1692 749 1747 adeo
767 1692 845 1746 iuxta
863 1707 890 1747 ιι.
905 1693 938 1747 18
957 1692 1171 1762 deprehendisse
1194 1692 1260 1748 mihi
1278 1693 1373 1748 uidear
1391 1693 1507 1747 inuersis
1525 1691 1631 1747 scilicet
1649 1693 1695 1746 lit·

254 1785 321 1840 teris
338 1783 424 1839 uerba
442 1783 551 1858 integra
569 1800 590 1835 rr
607 1801 712 1836 sarran.
742 1779 807 1836 alibi
822 1780 940 1851 denique
951 1782 1067 1837 laciniae
1083 1784 1200 1852 exiguae
1212 1782 1301 1837 alieno
1318 1783 1380 1837 loco
1398 1781 1587 1851 superpositae
1604 1783 1649 1847 (ut
1668 1783 1695 1850 1,

256 1873 382 1938 18-21)
405 1872 449 1928 uel
472 1872 609 1940 margines
632 1885 687 1925 non
713 1869 842 1940 explicati
870 1871 1111 1940 (ut5,13·-15)
1138 1873 1249 1928 lectioni
1276 1869 1412 1940 officiunt,
1440 1885 1501 1926 curn
1529 1869 1695 1940 praesertim

254 1961 372 2016 schedae
395 1960 447 2016 sub
470 1961 541 2015 uitro
565 1961 682 2014 latentes
704 1958 786 2015 hodie
809 1960 919 2014 tractari
942 1959 1085 2016 commode
1108 1966 1254 2031 nequeant.
1285 1961 1313 2015 in
1337 1975 1444 2014 summa
1467 1975 1497 2014 re
1514 1963 1607 2013 tamen
1627 1973 1695 2013 cnm

255 2051 343 2107 codex
368 2055 481 2120 proptor
508 2049 660 2119 scripturae
687 2049 825 2120 specimen
853 2049 942 2118 magis
968 2065 1051 2119 quam
1078 2055 1191 2120 propter
1217 2051 1362 2106 lectionem
1389 2047 1517 2104 notabilia
1544 2048 1593 2117 sit,
1620 2046 1696 2102 haec

254 2139 450 2210 impedimenta
475 2138 585 2194 tolerari
612 2143 823 2208 potuerunt-
850 2137 1011 2210 Archetypo
1038 2139 1137 2194 collato
1164 2141 1192 2194 in
1218 2140 1450 2208 uniuersum-ut
1476 2142 1695 2192 consentaneum

254 2233 309 2298 est,
338 2243 392 2284 nou
420 2228 528 2298 repperi
558 2227 610 2282 nisi
633 2233 707 2283 recte
734 2226 835 2297 legisse
862 2227 1058 2297 peritissimum
1083 2227 1212 2283 laileum:
1240 2229 1308 2284 haec
1335 2242 1401 2282 uero
1428 2231 1570 2297 praeterea
1596 2227 1695 2281 inueni

255 2317 431 2373 adnotatione
455 2333 510 2373 non
532 2317 612 2387 plane
631 2317 751 2386 indigna.
779 2332 842 2371 nam
866 2317 971 2371 minora
988 2316 1138 2387 quaedam,
1163 2319 1280 2372 maxime
1298 2316 1499 2371 dimidiaturum
1518 2315 1695 2384 quorundam

255 2407 450 2464 elementorum
474 2407 593 2476 uestigia
615 2406 644 2462 in
666 2406 791 2476 exemplo
814 2405 889 2477 typis
912 2405 1050 2476 descripto
1072 2393 1175 2461 omissa
1197 2407 1252 2461 iam
1275 2407 1303 2462 in
1327 2405 1525 2476 lithographico
1545 2402 1624 2459 facile
1645 2403 1695 2459 de·

255 2495 465 2568 prehendentnr.
539 2503 541 2512 ’

202 2607 206 2612 “
292 2607 317 2674 1,
336 2605 370 2660 24
388 2604 425 2660 in.
444 2617 509 2658 uere
532 2603 560 2657 in
583 2601 678 2657 charta
696 2607 740 2657 est
762 2603 935 2657 roatsrrranm
954 2607 986 2656 nt
1002 2603 1120 2674 primum
1144 2602 1308 2657 elementum
1326 2599 1409 2656 inerit
1430 2615 1485 2656 non
1507 2620 1537 2670 r,
1561 2605 1593 2655 ut
1614 2599 1698 2656 dedit

431 2693 532 2760 lanius,
550 2691 599 2748 sed
618 2711 634 2748 u
652 2706 687 2746 ex
705 2697 804 2746 οειαιιο.

293 2799 326 2870 1’,
337 2801 371 2856 15
389 2799 429 2855 sic
447 2798 597 2870 explendus
615 2804 673 2854 est:
697 2806 798 2852 omnino
817 2806 882 2852 rrerr·
900 2808 1033 2870 quomrum
1051 2799 1124 2853 notis
1142 2797 1224 2868 tobel.
1251 2812 1334 2867 snper
1353 2796 1472 2852 litteram
1491 2816 1505 2851 r
1529 2811 1563 2851 en
1582 2796 1698 2854 diuersa

432 2889 535 2960 pagina
553 2889 645 2944 littera
662 2887 780 2943 rotunda
797 2887 1004 2958 impressionem
1024 2888 1140 2957 reliquit,
1160 2902 1215 2956 qua
1232 2887 1278 2941 illa
1295 2885 1467 2941 obscuratur.

337 2997 370 3052 19
388 2996 443 3050 iam
461 2994 628 3065 deprehendi
651 3009 712 3050 esse
730 2992 852 3049 fuissene
869 2994 897 3048 in
921 2993 1016 3050 codice
1039 2995 1078 3049 ita
1105 2999 1136 3048 ut
1154 2993 1258 3048 conieci
1276 2993 1305 3048 in
1323 2991 1512 3048 adnotatione:
1535 3007 1634 3062 nempe
1654 2995 1699 3051 sic

433 3093 475 3140 tar
493 3087 699 3139 altercandum
715 3085 893 3154 promittendo.
921 3099 982 3137 cum
998 3099 1021 3132 m
1041 3081 1155 3138 confusa
1169 3083 1289 3138 cernitur
1306 3082 1379 3138 linea
1396 3081 1531 3152 quaedam
1552 3089 1628 3137 recta
1646 3097 1698 3139 ex·

434 3169 529 3244 pressa
547 3187 581 3228 err
599 3172 702 3243 pagina
720 3171 837 3242 diuersa,
857 3177 888 3226 ut
906 3171 941 3227 ad
960 3192 974 3243 p
994 3172 1113 3242 speciem
1132 3171 1255 3227 accedat.

292 3283 318 3351 2,
336 3283 380 3338 22.
390 3282 425 3336 23
443 3285 472 3335 et
489 3277 523 3350 2¹,
536 3281 571 3335 23
593 3279 674 3334 hodie
697 3277 889 3334 desiderantur
907 3279 1030 3349 margine
1052 3279 1204 3334 imminuto.
1237 3277 1338 3334 accidit
1359 3283 1465 3346 tamen,
1491 3283 1521 3332 ut
1544 3291 1615 3347 quae
1638 3277 1699 3334 sru-

433 3370 505 3424 stulo
524 3367 547 3423 2·
568 3367 792 3438 continebantur,
818 3369 940 3437 paullum
964 3369 1087 3424 auctiora
1109 3368 1236 3438 legantur
1254 3367 1367 3423 madore
1385 3382 1516 3437 expressa
1534 3373 1562 3421 et
1583 3367 1700 3424 inuersa

433 3459 462 3513 in
487 3458 609 3526 margine
633 3457 745 3512 alterius
768 3455 877 3512 irustnli
901 3475 926 3512 n.
941 3460 971 3527 1,
995 3456 1068 3512 unde
1090 3456 1252 3526 principium
1275 3456 1390 3526 proponi
1410 3461 1502 3526 potest
1523 3455 1564 3510 sic
1582 3461 1699 3512 auctum

433 3551 462 3603 et
480 3547 669 3602 emendatum:

729 3655 812 3690 aorem
829 3654 878 3689 aaa
889 3639 953 3707 fieri
973 3615 1224 3986 quamunitas

730 3745 806 3797 apere
823 3728 898 3780 liceat
915 3743 965 3779 noa
983 3733 1022 3779 iar
1037 3733 1224 3796 stipatarrorrrs

730 3822 811 3886 inquit
847 3815 892 3868 red
921 3817 1026 3886 saetam
1062 3814 1231 3868 ansaturseb

728 3903 829 3957 uidetur
843 3903 906 3957 mibi
917 3906 974 3958 lieri
987 3911 1051 3958 iurir
1063 3923 1108 3957 uer
1118 3921 1221 3956 satosrr

293 4009 371 4080 2227
390 4014 492 4065 nenses
517 4009 618 4065 codar:
644 4009 753 4066 uidetur
770 4008 895 4066 librarius
919 4029 934 4063 a
957 4009 1074 4080 primum
1099 4009 1198 4064 lineola
1221 4006 1485 4078 repraesentabisse,
1513 4021 1577 4062 mox
1604 4009 1699 4078 ipsum

435 4097 583 4153 addidisse.

292 4190 318 4258 3,
354 4188 459 4242 buex
476 4187 573 4250 aerinas
591 4187 687 4242 codex.

338 4279 373 4332 13
392 4275 444 4347 leos
462 4296 534 4332 nemo
553 4276 650 4332 codex·

338 4367 373 4422 14
392 4365 525 4438 laeeipitar
543 4365 640 4422 codex·

338 4458 373 4512 20
393 4455 456 4524 lara
475 4455 571 4510 codex.

224 4577 226 4584 r
293 4544 328 4616 3',
355 4547 480 4601 turcam
499 4543 596 4599 codex.

357 4637 454 4691 lauro
470 4633 567 4690 codex,

339 4713 373 4781 1'5
390 4727 524 4795 punctum
542 4725 606 4792 post
624 4741 639 4775 s
658 4721 800 4777 euidenter
819 4725 942 4792 apparet.
970 4720 1051 4775 adest
1067 4720 1134 4776 item
1154 4721 1300 4792 uestigium
1319 4721 1427 4776 litterae
1445 4737 1460 4772 r
1477 4723 1542 4790 post
1559 4739 1585 4776 a.

340 4815 374 4870 19
393 4818 459 4869 nota
477 4813 504 4868 in
522 4809 577 4868 fine
595 4826 693 4867 uersus
710 4811 817 4868 litterae
836 4831 848 4865 s
867 4809 982 4867 sormam
1002 4810 1139 4865 diuersam
1158 4812 1184 4869 Γ

293 4907 320 4976 4,
341 4905 374 4960 18
392 4902 438 4958 lin.
458 4901 511 4957 del.
531 4903 558 4956 dr·

294 4992 329 5064 4',
340 4995 374 5050 14
392 4997 435 5048 cst
453 5013 486 5062 nr,
506 5007 560 5047 non
579 5011 608 5046 ae
627 4990 717 5047 cauda
734 4991 841 5046 litterae
859 5010 873 5044 ιι
893 4990 972 5046 solito
991 4988 1120 5058 longiore.
