3504 5340
114 197 369 248 numeremus
792 177 876 258 125
1263 181 1548 250 1111338-43

65 331 93 393 ie
161 334 241 392 Iners
257 335 328 394 libro
345 337 442 408 quinto
459 336 626 408 opinionum.
657 335 773 403 Quidam
791 336 898 394 debitor
914 337 1060 408 epistulam
1077 337 1192 407 qnasi-a
1209 337 1283 394 Titio
1301 337 1372 394 mitti
1390 333 1552 422 Q
1581 347 1603 402 s

108 423 238 480 creditori
255 439 307 480 suo
324 425 424 496 edeeit,
442 427 550 496 etipse
566 425 711 482 liberetur:
729 423 781 480 bac
799 425 916 495 epistula
934 424 1052 480 creditor
1070 425 1203 495 deceptus
1215 425 1362 496 Aquiliana
1372 426 1547 496 stipulatione

107 516 139 566 et
155 513 364 582 acceptiieticne
382 512 509 570 hbernnit
526 512 692 570 debitorem:
710 516 808 582 postes
825 513 943 582 epistula
960 511 1030 568 ides
1047 514 1091 568 nel
1109 514 1184 570 inani
1200 520 1310 584 reperte
1327 514 1445 570 creditor
1462 516 1548 572 maior

108 598 221 668 quidem
238 602 318 658 cunis
335 602 435 671 uiginti
446 602 566 672 quinque
578 601 613 656 de
625 601 688 658 dolo
700 599 813 656 hebebit
824 601 969 671 notionem,
987 601 1179 660 minorantem
1191 602 1219 656 in
1231 603 1367 672 integrum
1379 603 1545 670 restituetur.
1566 619 1581 659 a

27 684 74 746 39
162 685 257 746 emm
274 687 344 752 libro
362 691 511 746 uicensimo
529 690 647 761 septimo
665 688 702 744 ad
719 688 839 744 edietum
858 689 1032 760 prouincieie.
1060 689 1090 746 Si
1107 695 1136 744 te
1149 689 1222 745 'titio
1240 691 1371 760 optulerit
1390 685 1546 774 [rs-JstJro
1566 699 1608 756 Ἐ

111 773 145 830 de
167 789 202 830 ea
219 790 250 832 re
267 791 350 846 quam
368 793 424 836 non
440 777 602 848 pocc'niebas
620 779 650 834 in
666 777 719 833 hoc
736 781 769 832 ut
786 777 856 832 nlius
874 778 1032 848 usucapist,
1056 782 1085 833 et
1101 778 1251 834 indicatum
1269 779 1340 834 solui
1356 767 1547 836 satiedederi‘ffi

111 865 236 932 qnsmnie
254 863 398 922 absolutus
415 867 462 938 sis,
480 866 516 922 de
534 866 598 922 dolo
615 867 688 922 malo
705 870 799 922 umen
816 864 967 922 teneberis:
986 871 1016 921 et
1033 867 1073 922 its
1090 865 1193 922 Sabino
1210 867 1311 936 placet,

6 949 77 1010 40
161 951 275 1010 harus
291 954 470 1011 Anrmenue
486 953 555 1012 libro
572 955 661 1024 primo
679 953 715 1010 ad
733 954 863 1012 edictum.
888 954 925 1025 Is,
943 954 990 1024 qm
1008 954 1118 1024 decepit
1136 955 1262 1024 siquem,
1281 958 1312 1010 nt
1323 954 1369 1010 be·
1388 950 1547 1040 [Q
1565 948 1609 1004 ‘A

111 1039 253 1096 redientem
276 1057 332 1098 non
351 1042 478 1100 idoneam
496 1043 598 1114 sdiret,
621 1043 656 1100 de
674 1043 738 1100 dolo
755 1042 906 1112 tenebitur,
928 1043 981 1098 nisi
999 1040 1116 1098 sonasse
1134 1043 1195 1112 ipse
1213 1043 1331 1100 creditor
1348 1047 1408 1100 eret
1426 1045 1547 1102 eteoius

111 1132 180 1184 erat:
198 1133 267 1186 tunc
284 1130 358 1186 enim
375 1127 479 1188 sufficit
494 1137 591 1188 corba
607 1147 671 1188 enm
689 1131 745 1190 dcii
762 1132 827 1188 maii
844 1131 979 1202 exceptio.
1566 1150 1595 1192 ro

274 1417 313 1494 R
351 1417 417 1494 DE
442 1419 698 1497 MINORJBUS
725 1285 904 1496 Ulgllttbl
931 1415 1138 1510 QUINQUE
1164 1415 1306 1494 ANNIS
1346 1417 1383 1494 it
1578 1435 1681 1491 eres

36 1571 95 1630 1
160 1571 345 1642 lUnsrerrue
368 1572 437 1630 libro
459 1574 604 1632 undecimo
628 1575 664 1632 ad
688 1575 819 1634 edictum.
854 1575 914 1632 Hoc
936 1573 1056 1629 edictum
1078 1577 1189 1642 preetor
1208 1573 1360 1628 manualem
1378 1573 1545 1642 nequitatem
1577 1575 1605 1630 Ε
1624 1577 1682 1626 tit

111 1664 219 1716 secutus
241 1662 399 1731 proposuit,
421 1677 476 1731 quc
497 1663 613 1718 tutelcm
636 1663 772 1722 minorum
795 1663 925 1733 suscepit
959 1678 1023 1718 nem
1041 1676 1104 1718 cum
1121 1661 1305 1716 intenomnes
1323 1664 1431 1716 constet
1448 1659 1545 1730 fragile

110 1760 169 1802 ecee
186 1751 217 1802 et
233 1746 373 1806 infirmum
389 1749 544 1806 huiusmodi
561 1752 695 1807 comtum
712 1749 856 1808 consilinm
870 1754 899 1806 et
910 1750 1002 1806 multis
1015 1748 1187 1818 captionum
1199 1749 1379 1818 suppositum.
1398 1749 1545 1804 mmmmm
1565 1767 1593 1810 rc

111 1833 213 1890 insidiis
231 1837 418 1906 exposimm¹r
436 1840 567 1894 suxssium
585 1840 625 1896 eis
642 1844 753 1910 praetor
764 1839 817 1894 boc
829 1839 920 1894 edicto
937 1837 1074 1907 poilicibus
1091 1841 1135 1894 est
1149 1841 1178 1894 et
1189 1837 1322 1894 aduersus
1335 1837 1476 1906 captiones
1488 1837 1545 1906 opi·

69 1935 95 1982 1
110 1923 276 1980 bbu'onem.
303 1926 417 1981 Praetor
428 1927 523 1984 edicit:
542 1927 629 1993 'Quod
645 1943 708 1986 cum
720 1927 825 1984 minore
837 1942 920 1997 quam
938 1927 1037 1996 uiginti
1054 1925 1175 1995 qunque
1191 1925 1270 1982 annis
1282 1929 1349 1980 natu
1361 1929 1471 1994 pentum
1484 1939 1545 1980 csse

76 2009 233 2082 s'dicetur,
258 2013 301 2068 nti
318 2027 443 2084 quneqne
460 2031 506 2072 res
523 2017 589 2086 crit,
612 2014 848 2072 auimeduertnm'.
883 2015 1008 2084 Apparet
1025 2013 1175 2070 minoribus
1192 2013 1272 2068 annis
1289 2013 1388 2082 uiginti
1407 2008 1544 2096 Q

81 2101 227 2171 somnone
246 2115 311 2158 enm
328 2117 408 2170 opem
425 2104 559 2172 polliceri:
584 2119 648 2160 nem
665 2103 798 2176 posthoc
816 2107 925 2172 tempus
943 2103 1072 2173 compleri
1089 2103 1195 2158 uirilem
1213 2101 1337 2170 uigorem
1355 2106 1471 2158 comtat
1508 2103 1545 2158 Et

17 2241 23 2244 .
111 2188 168 2246 ideo
192 2188 276 2245 bodie
297 2189 327 2244 in
350 2189 421 2246 banc
438 2206 526 2260 usqne
542 2196 664 2248 mutem
682 2193 872 2249 adulescentes
890 2195 1047 2252 curatorum
1064 2191 1167 2248 auxilio
1184 2193 1330 2259 reguntur,
1353 2205 1405 2246 nec
1422 2195 1486 2246 ante
1504 2191 1544 2246 rei
1564 2209 1593 2250 so

101 2289 173 2334 tuse
191 2277 452 2334 administrationis
470 2281 603 2336 committi
621 2280 741 2351 debebit,
760 2281 886 2351 qnnrnuie
904 2279 974 2336 bene
992 2295 1050 2338 rem
1067 2293 1146 2334 suam
1164 2277 1331 2348 gerentibus.

82 2365 99 2424 2
157 2365 239 2422 Iners
261 2365 332 2422 libro
354 2381 427 2424 nono
450 2367 556 2426 decimo
579 2368 616 2426 ad
638 2369 728 2440 legem
745 2369 843 2426 Iuliam
859 2373 889 2426 et
905 2369 1028 2439 Papiam.
1064 2368 1122 2424 Nec
1139 2381 1189 2436 per
1205 2365 1306 2422 liberos
1322 2381 1387 2422 enos
1406 2361 1544 2449 [Q
1576 2379 1616 2435 Ε·
1683 2355 1687 2362 ’

109 2467 163 2510 rem
185 2470 267 2510 mam
289 2455 424 2512 maturius
446 2471 465 2511 a
486 2457 658 2516 curatoribus
677 2459 818 2527 recipiet
850 2457 924 2528 quod
942 2457 1015 2514 enim
1034 2455 1144 2526 legibus
1160 2459 1287 2524 cauetur,
1311 2458 1343 2510 ut
1360 2455 1461 2525 singuli
1479 2456 1543 2512 enni

106 2556 155 2612 per
172 2544 298 2613 snguine
313 2543 416 2600 liberos
432 2545 614 2616 remittantur,
631 2545 669 2602 ed
686 2545 804 2604 bonores
820 2547 958 2616 pertinere
976 2546 1057 2602 diune
1069 2543 1189 2602 Seuerus
1207 2544 1254 2614 ait,
1274 2559 1329 2600 non
1342 2543 1379 2600 ad
1395 2558 1453 2600 rem
1465 2559 1543 2600 suam

106 2631 301 2702 recipiendam
1564 2651 1593 2693 rc

75 2717 93 2776 t
158 2719 240 2776 Insa
256 2719 326 2776 libro
342 2719 488 2778 undecimo
505 2721 542 2778 sd
559 2721 688 2778 edictum
714 2722 840 2792 nemque
858 2722 939 2778 dinus
951 2719 1072 2778 Senem
1089 2723 1118 2776 et
1135 2720 1283 2790 imperator
1294 2723 1388 2775 norim
1419 2715 1545 2788 W
1576 2733 1605 2788 pp
1676 2731 1678 2734 ·

104 2806 265 2866 huiusmodi
282 2809 425 2866 consulum
442 2810 487 2866 uel
498 2810 656 2879 praesidum
667 2810 779 2866 decretu
790 2811 870 2880 quasi
882 2809 1029 2870 ambitiosa
1040 2823 1102 2869 ecee
1113 2808 1285 2878 interpretati
1296 2811 1369 2877 sunt,
1387 2807 1440 2878 ipsi
1452 2812 1544 2864 nutem

103 2911 220 2968 perrero
242 2897 394 2954 minoribns
416 2913 506 2954 rerum
530 2913 642 2956 smrnnr
662 2899 925 2956 administrationem
949 2901 1028 2954 extra
1049 2896 1172 2954 ordinem
1194 2896 1377 2952 indulserunt:
1402 2901 1431 2952 ct
1448 2897 1545 2954 eodem

66 2994 80 3040 1
103 2987 166 3043 iare
186 2987 299 3044 utimur.
336 2985 367 3042 Si
383 2986 445 3056 cais
462 3001 526 3044 cnm
544 2988 647 3044 minore
665 2988 832 3044 contraxerit
849 2991 878 3042 et
895 2990 1057 3043 mauretus
1070 2986 1197 3042 inciderit
1213 2985 1242 3042 in
1259 2989 1369 3054 tempus
1386 2999 1442 3054 quo
1459 2985 1546 3042 maior

106 3073 240 3134 efficitur:
258 3079 352 3130 nuum
368 3074 475 3130 initium
493 3079 651 3144 spectemus
669 3092 705 3132 an
716 3074 819 3138 tinem?
845 3079 875 3130 et
890 3075 990 3152 piacet,
1008 3079 1039 3130 ut
1051 3078 1133 3130 estet
1144 3074 1331 3142 constitutum,
1350 3073 1448 3144 siquis
1459 3075 1546 3130 mnior
1563 3093 1593 3136 ro

108 3160 199 3220 eccur
217 3161 436 3233 conprobauerit,
453 3163 528 3232 qaod
540 3164 628 3220 minor
639 3167 772 3234 moeret,
790 3164 991 3220 restitutionem
1004 3177 1120 3224 cmsare.
1147 3161 1221 3220 unde
1231 3161 1299 3218 illud
1310 3176 1365 3218 non
1376 3161 1545 3231 ineleganter

109 3251 206 3308 oens
228 3251 409 3321 epistularum
430 3251 500 3308 litto
523 3251 716 3308 undecimoet
732 3251 902 3322 discetonrm
919 3251 1175 3327 secundctractat‚
1198 3265 1234 3306 ex
1251 3249 1325 3306 scoto
1343 3265 1361 3306 a
1377 3249 1474 3308 Fleuic
1491 3251 1544 3306 Re

109 3344 205 3410 specto
221 3344 350 3411 praetore
367 3339 517 3396 comuitus.
543 3341 633 3396 minor
649 3340 729 3396 ernis
745 3341 845 3410 uiginb'
862 3341 992 3410 qunque,
1009 3354 1096 3396 cenos
1114 3337 1185 3396 iortc
1198 3339 1298 3408 uiginti
1309 3342 1438 3408 qmttncr
1449 3353 1544 3410 agens,

109 3428 240 3484 iudicium
258 3428 362 3484 tutelae
379 3427 473 3484 heredi
489 3429 589 3485 tutoris
606 3428 772 3484 domuerat:
791 3444 857 3486 mox
873 3427 976 3484 iactum
994 3431 1027 3484 nt
1044 3429 1110 3495 (non
1121 3426 1199 3488 finito
1210 3427 1311 3484 indicio
1328 3427 1384 3484 iam
1395 3443 1430 3484 eo
1441 3429 1544 3484 maiore

109 3515 208 3572 edeeto
226 3516 326 3584 uiginb
343 3517 463 3587 qumque
485 3517 575 3584 annis)
597 3517 697 3574 tutoris
716 3516 796 3572 berec
814 3516 956 3574 absolutus
973 3519 1183 3586 proponeretur:
1206 3516 1236 3572 in
1252 3515 1389 3585 internum
1407 3517 1544 3574 restitutio
1563 3535 1592 3578 ce

108 3601 325 3660 desiderabatur.
362 3604 459 3662 Orbus
472 3605 565 3675 igitur
581 3605 719 3674 Respecto
736 3606 825 3661 cussit
848 3621 902 3662 non
924 3603 1005 3660 boiis
1028 3603 1101 3660 bunc
1123 3603 1262 3674 quendem
1280 3604 1411 3660 minorem
1428 3605 1458 3660 in
1475 3606 1544 3662 inte

108 3706 187 3761 pum
205 3693 322 3763 restitui,
340 3692 391 3749 sed
408 3694 433 3748 si
449 3693 475 3748 ei
492 3691 654 3761 probaretur
671 3693 820 3750 calliditate
838 3693 990 3750 sturmarii
1006 3693 1034 3748 id
1053 3696 1153 3762 ectum,
1172 3699 1204 3747 nt
1220 3692 1323 3748 msiore
1341 3707 1375 3749 co
1392 3691 1467 3752 tecto
1477 3692 1542 3750 libc-

108 3785 227 3836 raretnr:
249 3795 341 3852 neom
362 3781 435 3838 enim
458 3785 595 3852 extrem,
617 3781 719 3852 inquit,
742 3781 836 3838 iudicii
859 3781 904 3838 die
926 3780 1036 3837 uidetur
1052 3781 1141 3837 scium
1160 3780 1292 3850 deceptus
1310 3779 1353 3835 hic
1371 3780 1470 3851 minor,
1494 3779 1544 3838 ced

108 3885 288 3958 timim

109 4029 283 4084 mmmmm
301 4029 352 4084 rm.
371 4042 434 4098 exp.
452 4029 499 4084 nt
571 4029 734 4100 waepero
751 4027 857 4098 (rente

108 4149 227 4206 iefficit
244 4150 293 4206 PL
309 4151 314 4218 Ι
329 4149 413 4206 bn'e'o
430 4153 471 4220 Fi
487 4155 617 4222 acceptos
628 4153 669 4208 P·
704 4153 799 4208 3η*-
850 4151 1003 4208 uideturt
1045 4151 1078 4206 19
1096 4149 1231 4220 complexi
1242 4150 1283 4204 P·
1320 4151 1362 4212 20
1379 4149 1429 4220 rei]
1447 4153 1489 4204 ret
1505 4151 1543 4204 p.

108 4223 282 4292 reputatione
304 4223 343 4276 Ρ
362 4223 368 4292 Ι
388 4221 458 4278 isira
479 4223 582 4278 cm.P·
600 4225 606 4292 Ι
626 4227 740 4294 ceperis
762 4225 799 4278 Ρ·
852 4225 885 4280 21
899 4223 958 4279 *eis
969 4223 1014 4288 Ρ,
1033 4223 1120 4276 σοι
1161 4220 1268 4290 22οοο]
1281 4219 1400 4276 haeoP·
1441 4221 1476 4275 23
1488 4221 1542 4278 sin·

108 4293 337 4348 irectitueretur
356 4293 417 4359 PV,
440 4294 639 4350 restituiturL
697 4295 715 4350 ὅ
756 4309 798 4350 ro
851 4294 910 4365 guli
927 4293 999 4362 anni}
1019 4292 1167 4356 F'PVLU,
1185 4291 1340 4362 singuianiii
1356 4291 1397 4360 F}
1424 4291 1460 4346 24
1476 4291 1542 4346 libe-

108 4363 222 4419 uineiaic
243 4383 293 4418 orn.
311 4361 339 4416 P
359 4366 365 4428 Ι
388 4365 467 4419 *titio
490 4366 529 4418 F’
586 4311 797 4435 eposeidebae]
851 4365 962 4434 reos?
978 4365 983 4431 Ι
998 4362 1179 4432 remittantur]
1192 4361 1303 4426 PVLU,
1318 4361 1484 4418 demitantur
1495 4362 1542 4427 ΓΙ,

107 4434 284 4499 FPWU,
310 4433 472 4504 possidebat
488 4435 602 4490 F¹V¹L¹
621 4438 626 4504 Ι
646 4435 707 4505 boo]
731 4435 799 4491 beet
851 4435 1031 4506 permittetur
1048 4435 1093 4499 F’,
1116 4429 1225 4488 trucior
1247 4433 1325 4487 unite
1347 4432 1403 4488 deri
1422 4431 1543 4496 ἐκιογτοῨ

107 4505 153 4560 ΡΙ,
168 4507 174 4574 Ι
189 4504 366 4563 sstisdederit
374 4505 685 4572 WlmeticdeditV
712 4507 800 4562 etro
851 4506 992 4570 ncrizeces'r
1010 4504 1037 4560 B
1082 4505 1117 4560 26
1135 4503 1207 4560 idem
1282 4503 1317 4559 36
1336 4503 1543 4560 desiderabatur

107 4577 481 4648 mutinoctwprcrcedentifi
495 4577 640 4632 numiucP
662 4575 799 4632 antbiinus
852 4595 901 4631 ont
917 4577 954 4630 ΡΙ
979 4578 984 4643 Ι
1007 4575 1146 4644 impetitor
1172 4575 1219 4628 pu
1283 4576 1317 4630 21
1343 4575 1476 4646 praednm
1501 4574 1542 4628 P⁶

107 4647 196 4712 ἔξεο
216 4645 534 4716 bisnuslternphianus
549 4647 579 4714 U,
592 4663 628 4703 an
660 4647 799 4703 'nisnusL
852 4648 887 4702 28
905 4645 1012 4716 codem]
1030 4659 1124 4702 eorum
1136 4645 1190 4698 PU
1239 4646 1274 4700 30
1292 4646 1384 4718 estet]
1398 4651 1427 4700 et
1440 4645 1542 4709 estP·,

107 4717 123 4771 9
203 4720 274 4775 *iter
290 4719 320 4774 F
363 4719 398 4774 12
415 4717 514 4774 uibinti
530 4719 568 4772 ΕΙ
621 4719 655 4774 13
672 4718 799 4788 ulpianus
851 4717 1001 4772 estLP⁶U
1050 4719 1085 4772 31
1104 4715 1191 4770 minor
1214 4716 1352 4772 maiorP⁰
1396 4717 1432 4774 32
1449 4715 1540 4784 deuio]

107 4789 476 4918 mmm
492 4787 651 4930 etrier
714 4789 798 4930 tn
851 4785 1542 4929 ente

107 4902 296 5002 cremba
315 4930 514 5002 captionch
566 4931 602 4986 18
619 4929 798 5001 dgetmev,
850 4929 911 5001 quit
927 4929 1029 4986 cm.P·
1043 4931 1049 4999 Ι
1064 4928 1127 4986 die
1143 4925 1181 4982 F*
