<?xml version="1.0" encoding="UTF-8"?>
<!DOCTYPE html PUBLIC "-//W3C//DTD XHTML 1.0 Transitional//EN"
    "http://www.w3.org/TR/xhtml1/DTD/xhtml1-transitional.dtd">
<html xmlns="http://www.w3.org/1999/xhtml" xml:lang="en" lang="en">
 <head>
  <title>
</title>
<meta http-equiv="Content-Type" content="text/html;charset=utf-8" />
  <meta name='ocr-system' content='tesseract 3.04.00' />
  <meta name='ocr-capabilities' content='ocr_page ocr_carea ocr_par ocr_line ocrx_word'/>
</head>
<body>
  <div class='ocr_page' id='page_1' title='image "./digestaiustinia01kruegoog/digestaiustinia01kruegoog_0659.png"; bbox 0 0 3712 5370; ppageno 0'>
   <div class='ocr_carea' id='block_1_1' title="bbox 219 149 1652 288">
    <p class='ocr_par' dir='ltr' id='par_1_1' title="bbox 219 149 1652 288">
     <span class='ocr_line' id='line_1_1' title="bbox 219 149 1652 288; baseline -0.001 -11"><span class='ocrx_word' id='word_1_1' title='bbox 219 209 348 277; x_wconf 77' lang='lat' dir='ltr'><strong>xviia</strong></span> <span class='ocrx_word' id='word_1_2' title='bbox 369 215 484 272; x_wconf 81' lang='lat' dir='ltr'><strong>oa-ss</strong></span> <span class='ocrx_word' id='word_1_3' title='bbox 889 203 976 288; x_wconf 84' lang='lat'><strong>508</strong></span> <span class='ocrx_word' id='word_1_4' title='bbox 1197 187 1201 192; x_wconf 60' lang='grc'>’</span> <span class='ocrx_word' id='word_1_5' title='bbox 1527 183 1529 187; x_wconf 64' lang='grc'><strong>’</strong></span> <span class='ocrx_word' id='word_1_6' title='bbox 1582 149 1652 276; x_wconf 71' lang='lat' dir='ltr'><strong>nno</strong></span> 
     </span>
    </p>
   </div>
   <div class='ocr_carea' id='block_1_2' title="bbox 162 367 1766 3737">
    <p class='ocr_par' dir='ltr' id='par_1_2' title="bbox 187 367 1726 974">
     <span class='ocr_line' id='line_1_2' title="bbox 220 367 1653 440; baseline -0.001 -16"><span class='ocrx_word' id='word_1_7' title='bbox 220 372 249 424; x_wconf 85' lang='lat' dir='ltr'><strong>ot</strong></span> <span class='ocrx_word' id='word_1_8' title='bbox 265 368 395 424; x_wconf 86' lang='lat' dir='ltr'><strong>damnum</strong></span> <span class='ocrx_word' id='word_1_9' title='bbox 413 367 565 438; x_wconf 79' lang='lat' dir='ltr'><strong>adgnoscat</strong></span> <span class='ocrx_word' id='word_1_10' title='bbox 582 367 657 440; x_wconf 89' lang='lat' dir='ltr'><strong>qnod</strong></span> <span class='ocrx_word' id='word_1_11' title='bbox 674 367 820 440; x_wconf 78' lang='lat' dir='ltr'><strong>confingit,</strong></span> <span class='ocrx_word' id='word_1_12' title='bbox 845 369 904 424; x_wconf 89' lang='lat' dir='ltr'><strong>siue</strong></span> <span class='ocrx_word' id='word_1_13' title='bbox 922 367 1012 425; x_wconf 85' lang='lat' dir='ltr'><strong>adhue</strong></span> <span class='ocrx_word' id='word_1_14' title='bbox 1029 369 1094 425; x_wconf 91' lang='lat' dir='ltr'><strong>uiuo</strong></span> <span class='ocrx_word' id='word_1_15' title='bbox 1112 369 1187 425; x_wconf 90' lang='lat' dir='ltr'><strong>soeio</strong></span> <span class='ocrx_word' id='word_1_16' title='bbox 1204 367 1349 438; x_wconf 72' lang='lat' dir='ltr'><strong>aeodgaiie</strong></span> <span class='ocrx_word' id='word_1_17' title='bbox 1366 367 1426 422; x_wconf 88' lang='lat' dir='ltr'><strong>sino</strong></span> <span class='ocrx_word' id='word_1_18' title='bbox 1443 370 1553 436; x_wconf 83' lang='lat' dir='ltr'><strong>postea:</strong></span> <span class='ocrx_word' id='word_1_19' title='bbox 1578 367 1653 437; x_wconf 85' lang='lat' dir='ltr'><strong>quod</strong></span> 
     </span>
     <span class='ocr_line' id='line_1_3' title="bbox 187 455 1726 526; baseline 0 -14"><span class='ocrx_word' id='word_1_20' title='bbox 187 464 275 514; x_wconf 77' lang='lat' dir='ltr'><strong>soon</strong></span> <span class='ocrx_word' id='word_1_21' title='bbox 298 458 420 513; x_wconf 83' lang='lat' dir='ltr'><strong>similiter</strong></span> <span class='ocrx_word' id='word_1_22' title='bbox 437 459 466 513; x_wconf 91' lang='lat' dir='ltr'><strong>in</strong></span> <span class='ocrx_word' id='word_1_23' title='bbox 484 458 638 514; x_wconf 86' lang='lat' dir='ltr'><strong>noluntaria</strong></span> <span class='ocrx_word' id='word_1_24' title='bbox 655 458 786 513; x_wconf 75' lang='lat' dir='ltr'><strong>mmetato</strong></span> <span class='ocrx_word' id='word_1_25' title='bbox 804 457 973 514; x_wconf 87' lang='lat' dir='ltr'><strong>obseruatnr.</strong></span> <span class='ocrx_word' id='word_1_26' title='bbox 1010 457 1039 514; x_wconf 85' lang='lat' dir='ltr'><strong>Si</strong></span> <span class='ocrx_word' id='word_1_27' title='bbox 1057 473 1138 514; x_wconf 86' lang='lat' dir='ltr'><strong>sorno</strong></span> <span class='ocrx_word' id='word_1_28' title='bbox 1156 457 1293 514; x_wconf 68' lang='lat' dir='ltr'><strong>manuni</strong></span> <span class='ocrx_word' id='word_1_29' title='bbox 1310 456 1432 526; x_wconf 78' lang='lat' dir='ltr'><strong>legatum</strong></span> <span class='ocrx_word' id='word_1_30' title='bbox 1450 456 1509 512; x_wconf 89' lang='lat' dir='ltr'><strong>sine</strong></span> <span class='ocrx_word' id='word_1_31' title='bbox 1526 455 1652 512; x_wconf 89' lang='lat' dir='ltr'><strong>libertate</strong></span> <span class='ocrx_word' id='word_1_32' title='bbox 1723 457 1726 462; x_wconf 80' lang='grc'><em>’</em></span> 
     </span>
     <span class='ocr_line' id='line_1_4' title="bbox 219 544 1652 618; baseline -0.001 -16"><span class='ocrx_word' id='word_1_33' title='bbox 219 563 291 603; x_wconf 88' lang='lat' dir='ltr'><strong>unus</strong></span> <span class='ocrx_word' id='word_1_34' title='bbox 309 563 343 602; x_wconf 85' lang='lat' dir='ltr'><strong>ex</strong></span> <span class='ocrx_word' id='word_1_35' title='bbox 362 547 479 602; x_wconf 90' lang='lat' dir='ltr'><strong>dominis</strong></span> <span class='ocrx_word' id='word_1_36' title='bbox 496 548 613 618; x_wconf 86' lang='lat' dir='ltr'><strong>reliquit,</strong></span> <span class='ocrx_word' id='word_1_37' title='bbox 630 547 683 602; x_wconf 89' lang='lat' dir='ltr'><strong>hoe</strong></span> <span class='ocrx_word' id='word_1_38' title='bbox 700 547 735 602; x_wconf 89' lang='lat' dir='ltr'><strong>ad</strong></span> <span class='ocrx_word' id='word_1_39' title='bbox 754 548 841 603; x_wconf 90' lang='lat' dir='ltr'><strong>solum</strong></span> <span class='ocrx_word' id='word_1_40' title='bbox 860 548 963 603; x_wconf 81' lang='lat' dir='ltr'><strong>sosium</strong></span> <span class='ocrx_word' id='word_1_41' title='bbox 982 548 1114 618; x_wconf 76' lang='lat' dir='ltr'><strong>pertinet:</strong></span> <span class='ocrx_word' id='word_1_42' title='bbox 1136 563 1171 602; x_wconf 87' lang='lat' dir='ltr'><strong>an</strong></span> <span class='ocrx_word' id='word_1_43' title='bbox 1189 551 1282 602; x_wconf 66' lang='lat' dir='ltr'><strong>umen</strong></span> <span class='ocrx_word' id='word_1_44' title='bbox 1299 559 1349 615; x_wconf 86' lang='lat' dir='ltr'><strong>pro</strong></span> <span class='ocrx_word' id='word_1_45' title='bbox 1367 545 1442 600; x_wconf 88' lang='lat' dir='ltr'><strong>soeio</strong></span> <span class='ocrx_word' id='word_1_46' title='bbox 1459 544 1561 601; x_wconf 88' lang='lat' dir='ltr'><strong>iudioio</strong></span> <span class='ocrx_word' id='word_1_47' title='bbox 1579 560 1652 604; x_wconf 83' lang='lat' dir='ltr'><strong>oom-</strong></span> 
     </span>
     <span class='ocr_line' id='line_1_5' title="bbox 220 633 1653 710; baseline -0.001 -18"><span class='ocrx_word' id='word_1_48' title='bbox 220 636 351 692; x_wconf 86' lang='lat' dir='ltr'><strong>munioari</strong></span> <span class='ocrx_word' id='word_1_49' title='bbox 375 635 476 691; x_wconf 86' lang='lat' dir='ltr'><strong>debeat</strong></span> <span class='ocrx_word' id='word_1_50' title='bbox 498 651 561 692; x_wconf 90' lang='lat' dir='ltr'><strong>eum</strong></span> <span class='ocrx_word' id='word_1_51' title='bbox 579 636 678 693; x_wconf 80' lang='lat' dir='ltr'><strong>herede</strong></span> <span class='ocrx_word' id='word_1_52' title='bbox 696 638 777 708; x_wconf 89' lang='lat' dir='ltr'><strong>eooii,</strong></span> <span class='ocrx_word' id='word_1_53' title='bbox 801 637 948 706; x_wconf 85' lang='lat' dir='ltr'><strong>quaeritur.</strong></span> <span class='ocrx_word' id='word_1_54' title='bbox 981 641 1010 692; x_wconf 86' lang='lat' dir='ltr'><strong>ot</strong></span> <span class='ocrx_word' id='word_1_55' title='bbox 1027 637 1066 692; x_wconf 83' lang='lat' dir='ltr'><strong>ait</strong></span> <span class='ocrx_word' id='word_1_56' title='bbox 1082 636 1203 710; x_wconf 78' lang='lat' dir='ltr'><strong>Iulianus</strong></span> <span class='ocrx_word' id='word_1_57' title='bbox 1221 634 1335 690; x_wconf 84' lang='lat' dir='ltr'><strong>Sextum</strong></span> <span class='ocrx_word' id='word_1_58' title='bbox 1353 635 1534 704; x_wconf 87' lang='lat' dir='ltr'><strong>Pomponium</strong></span> <span class='ocrx_word' id='word_1_59' title='bbox 1551 633 1653 690; x_wconf 81' lang='lat' dir='ltr'><strong>referre</strong></span> 
     </span>
     <span class='ocr_line' id='line_1_6' title="bbox 220 721 1685 797; baseline -0.003 -17"><span class='ocrx_word' id='word_1_60' title='bbox 220 724 351 781; x_wconf 86' lang='lat' dir='ltr'><strong>Sabinum</strong></span> <span class='ocrx_word' id='word_1_61' title='bbox 373 726 582 795; x_wconf 80' lang='lat' dir='ltr'><strong>respondentem</strong></span> <span class='ocrx_word' id='word_1_62' title='bbox 606 741 661 782; x_wconf 90' lang='lat' dir='ltr'><strong>non</strong></span> <span class='ocrx_word' id='word_1_63' title='bbox 685 726 890 795; x_wconf 87' lang='lat' dir='ltr'><strong>eommunioari,</strong></span> <span class='ocrx_word' id='word_1_64' title='bbox 916 731 945 781; x_wconf 90' lang='lat' dir='ltr'><strong>et</strong></span> <span class='ocrx_word' id='word_1_65' title='bbox 964 741 1045 797; x_wconf 89' lang='lat' dir='ltr'><strong>posse</strong></span> <span class='ocrx_word' id='word_1_66' title='bbox 1064 725 1135 780; x_wconf 91' lang='lat' dir='ltr'><strong>hano</strong></span> <span class='ocrx_word' id='word_1_67' title='bbox 1152 724 1316 780; x_wconf 83' lang='lat' dir='ltr'><strong>sententiam</strong></span> <span class='ocrx_word' id='word_1_68' title='bbox 1334 721 1445 778; x_wconf 80' lang='lat' dir='ltr'><strong>defendi</strong></span> <span class='ocrx_word' id='word_1_69' title='bbox 1462 723 1583 779; x_wconf 84' lang='lat' dir='ltr'><strong>lulianus</strong></span> <span class='ocrx_word' id='word_1_70' title='bbox 1600 724 1652 780; x_wconf 79' lang='lat' dir='ltr'><strong>aitr</strong></span> <span class='ocrx_word' id='word_1_71' title='bbox 1672 734 1685 776; x_wconf 84' lang='lat' dir='ltr'><strong>u</strong></span> 
     </span>
     <span class='ocr_line' id='line_1_7' title="bbox 220 811 1653 886; baseline -0.001 -16"><span class='ocrx_word' id='word_1_72' title='bbox 220 829 276 870; x_wconf 90' lang='lat' dir='ltr'><strong>non</strong></span> <span class='ocrx_word' id='word_1_73' title='bbox 294 815 365 869; x_wconf 87' lang='lat' dir='ltr'><strong>enim</strong></span> <span class='ocrx_word' id='word_1_74' title='bbox 383 820 495 886; x_wconf 87' lang='lat' dir='ltr'><strong>propter</strong></span> <span class='ocrx_word' id='word_1_75' title='bbox 512 816 728 870; x_wconf 89' lang='lat' dir='ltr'><strong>oommnnionem</strong></span> <span class='ocrx_word' id='word_1_76' title='bbox 747 815 799 871; x_wconf 89' lang='lat' dir='ltr'><strong>hoe</strong></span> <span class='ocrx_word' id='word_1_77' title='bbox 818 815 983 885; x_wconf 78' lang='lat' dir='ltr'><strong>adquisitum</strong></span> <span class='ocrx_word' id='word_1_78' title='bbox 1002 819 1057 885; x_wconf 88' lang='lat' dir='ltr'><strong>ost,</strong></span> <span class='ocrx_word' id='word_1_79' title='bbox 1072 814 1125 870; x_wconf 90' lang='lat' dir='ltr'><strong>sed</strong></span> <span class='ocrx_word' id='word_1_80' title='bbox 1143 813 1178 870; x_wconf 95' lang='lat' dir='ltr'><strong>ob</strong></span> <span class='ocrx_word' id='word_1_81' title='bbox 1197 829 1275 870; x_wconf 89' lang='lat' dir='ltr'><strong>enam</strong></span> <span class='ocrx_word' id='word_1_82' title='bbox 1293 815 1409 882; x_wconf 86' lang='lat' dir='ltr'><strong>partem,</strong></span> <span class='ocrx_word' id='word_1_83' title='bbox 1428 827 1480 867; x_wconf 88' lang='lat' dir='ltr'><strong>nee</strong></span> <span class='ocrx_word' id='word_1_84' title='bbox 1498 819 1607 883; x_wconf 83' lang='lat' dir='ltr'><strong>oportet</strong></span> <span class='ocrx_word' id='word_1_85' title='bbox 1623 811 1653 868; x_wconf 86' lang='lat' dir='ltr'><strong>id</strong></span> 
     </span>
     <span class='ocr_line' id='line_1_8' title="bbox 220 901 1651 974; baseline -0.002 -15"><span class='ocrx_word' id='word_1_86' title='bbox 220 905 427 974; x_wconf 88' lang='lat' dir='ltr'><strong>eommunieari,</strong></span> <span class='ocrx_word' id='word_1_87' title='bbox 455 903 528 974; x_wconf 91' lang='lat' dir='ltr'><strong>quod</strong></span> <span class='ocrx_word' id='word_1_88' title='bbox 552 904 613 974; x_wconf 85' lang='lat' dir='ltr'><strong>quis</strong></span> <span class='ocrx_word' id='word_1_89' title='bbox 636 918 690 959; x_wconf 90' lang='lat' dir='ltr'><strong>non</strong></span> <span class='ocrx_word' id='word_1_90' title='bbox 712 907 823 974; x_wconf 91' lang='lat' dir='ltr'><strong>propter</strong></span> <span class='ocrx_word' id='word_1_91' title='bbox 846 904 1020 974; x_wconf 86' lang='lat' dir='ltr'><strong>soeietatom,</strong></span> <span class='ocrx_word' id='word_1_92' title='bbox 1045 904 1095 959; x_wconf 84' lang='lat' dir='ltr'><strong>sed</strong></span> <span class='ocrx_word' id='word_1_93' title='bbox 1117 905 1229 974; x_wconf 87' lang='lat' dir='ltr'><strong>propter</strong></span> <span class='ocrx_word' id='word_1_94' title='bbox 1251 917 1330 957; x_wconf 85' lang='lat' dir='ltr'><strong>suam</strong></span> <span class='ocrx_word' id='word_1_95' title='bbox 1352 906 1459 970; x_wconf 82' lang='lat' dir='ltr'><strong>partem</strong></span> <span class='ocrx_word' id='word_1_96' title='bbox 1483 901 1651 970; x_wconf 81' lang='lat' dir='ltr'><strong>adquisierit</strong></span> 
     </span>
    </p>

    <p class='ocr_par' dir='ltr' id='par_1_3' title="bbox 172 990 1700 1495">
     <span class='ocr_line' id='line_1_9' title="bbox 172 990 1651 1063; baseline 0.001 -16"><span class='ocrx_word' id='word_1_97' title='bbox 172 1000 202 1047; x_wconf 90' lang='lat'><strong>10</strong></span> <span class='ocrx_word' id='word_1_98' title='bbox 220 991 343 1049; x_wconf 73' lang='lat' dir='ltr'><strong>Societas</strong></span> <span class='ocrx_word' id='word_1_99' title='bbox 362 993 477 1048; x_wconf 87' lang='lat' dir='ltr'><strong>soluitur</strong></span> <span class='ocrx_word' id='word_1_100' title='bbox 495 1008 528 1048; x_wconf 87' lang='lat' dir='ltr'><strong>ex</strong></span> <span class='ocrx_word' id='word_1_101' title='bbox 546 993 682 1063; x_wconf 89' lang='lat' dir='ltr'><strong>personis,</strong></span> <span class='ocrx_word' id='word_1_102' title='bbox 702 1008 735 1048; x_wconf 87' lang='lat' dir='ltr'><strong>ex</strong></span> <span class='ocrx_word' id='word_1_103' title='bbox 754 992 849 1062; x_wconf 90' lang='lat' dir='ltr'><strong>rebus,</strong></span> <span class='ocrx_word' id='word_1_104' title='bbox 868 1007 903 1048; x_wconf 84' lang='lat' dir='ltr'><strong>ex</strong></span> <span class='ocrx_word' id='word_1_105' title='bbox 921 994 1075 1063; x_wconf 85' lang='lat' dir='ltr'><strong>uoluntate,</strong></span> <span class='ocrx_word' id='word_1_106' title='bbox 1095 1007 1129 1047; x_wconf 88' lang='lat' dir='ltr'><strong>ex</strong></span> <span class='ocrx_word' id='word_1_107' title='bbox 1147 993 1263 1047; x_wconf 87' lang='lat' dir='ltr'><strong>aetione.</strong></span> <span class='ocrx_word' id='word_1_108' title='bbox 1300 990 1417 1060; x_wconf 89' lang='lat' dir='ltr'><strong>ideoque</strong></span> <span class='ocrx_word' id='word_1_109' title='bbox 1435 991 1493 1046; x_wconf 89' lang='lat' dir='ltr'><strong>siue</strong></span> <span class='ocrx_word' id='word_1_110' title='bbox 1525 1001 1651 1062; x_wconf 80' lang='lat' dir='ltr'><strong>sp.1o,as</strong></span> 
     </span>
     <span class='ocr_line' id='line_1_10' title="bbox 220 1079 1653 1152; baseline -0.002 -14"><span class='ocrx_word' id='word_1_111' title='bbox 220 1081 342 1139; x_wconf 90' lang='lat' dir='ltr'><strong>homines</strong></span> <span class='ocrx_word' id='word_1_112' title='bbox 366 1083 425 1137; x_wconf 87' lang='lat' dir='ltr'><strong>eino</strong></span> <span class='ocrx_word' id='word_1_113' title='bbox 448 1097 492 1136; x_wconf 88' lang='lat' dir='ltr'><strong>roe</strong></span> <span class='ocrx_word' id='word_1_114' title='bbox 516 1083 575 1136; x_wconf 88' lang='lat' dir='ltr'><strong>sius</strong></span> <span class='ocrx_word' id='word_1_115' title='bbox 599 1083 725 1137; x_wconf 86' lang='lat' dir='ltr'><strong>uoluntas</strong></span> <span class='ocrx_word' id='word_1_116' title='bbox 749 1083 808 1138; x_wconf 88' lang='lat' dir='ltr'><strong>siue</strong></span> <span class='ocrx_word' id='word_1_117' title='bbox 832 1083 904 1138; x_wconf 86' lang='lat' dir='ltr'><strong>aetio</strong></span> <span class='ocrx_word' id='word_1_118' title='bbox 924 1082 1069 1152; x_wconf 89' lang='lat' dir='ltr'><strong>interierit,</strong></span> <span class='ocrx_word' id='word_1_119' title='bbox 1094 1080 1208 1136; x_wconf 89' lang='lat' dir='ltr'><strong>distrahi</strong></span> <span class='ocrx_word' id='word_1_120' title='bbox 1225 1079 1335 1136; x_wconf 87' lang='lat' dir='ltr'><strong>uidetur</strong></span> <span class='ocrx_word' id='word_1_121' title='bbox 1352 1080 1478 1134; x_wconf 78' lang='lat' dir='ltr'><strong>societas.</strong></span> <span class='ocrx_word' id='word_1_122' title='bbox 1514 1080 1653 1136; x_wconf 87' lang='lat' dir='ltr'><strong>intereunt</strong></span> 
     </span>
     <span class='ocr_line' id='line_1_11' title="bbox 220 1170 1700 1248; baseline -0.003 -21"><span class='ocrx_word' id='word_1_123' title='bbox 220 1175 312 1227; x_wconf 88' lang='lat' dir='ltr'><strong>autom</strong></span> <span class='ocrx_word' id='word_1_124' title='bbox 330 1171 454 1228; x_wconf 91' lang='lat' dir='ltr'><strong>homines</strong></span> <span class='ocrx_word' id='word_1_125' title='bbox 472 1171 581 1240; x_wconf 86' lang='lat' dir='ltr'><strong>quidem</strong></span> <span class='ocrx_word' id='word_1_126' title='bbox 600 1171 724 1248; x_wconf 68' lang='lat' dir='ltr'><strong>maxima</strong></span> <span class='ocrx_word' id='word_1_127' title='bbox 737 1177 785 1226; x_wconf 86' lang='lat' dir='ltr'><strong>aut</strong></span> <span class='ocrx_word' id='word_1_128' title='bbox 803 1171 894 1226; x_wconf 89' lang='lat' dir='ltr'><strong>media</strong></span> <span class='ocrx_word' id='word_1_129' title='bbox 912 1171 1010 1241; x_wconf 84' lang='lat' dir='ltr'><strong>ospitis</strong></span> <span class='ocrx_word' id='word_1_130' title='bbox 1027 1170 1213 1226; x_wconf 87' lang='lat' dir='ltr'><strong>deminutione</strong></span> <span class='ocrx_word' id='word_1_131' title='bbox 1231 1173 1279 1224; x_wconf 85' lang='lat' dir='ltr'><strong>aut</strong></span> <span class='ocrx_word' id='word_1_132' title='bbox 1296 1172 1398 1224; x_wconf 87' lang='lat' dir='ltr'><strong>morte:</strong></span> <span class='ocrx_word' id='word_1_133' title='bbox 1422 1183 1564 1240; x_wconf 75' lang='lat' dir='ltr'><strong>resumo,</strong></span> <span class='ocrx_word' id='word_1_134' title='bbox 1588 1185 1651 1224; x_wconf 93' lang='lat' dir='ltr'><strong>oum</strong></span> <span class='ocrx_word' id='word_1_135' title='bbox 1670 1181 1700 1222; x_wconf 90' lang='lat' dir='ltr'><strong>ro</strong></span> 
     </span>
     <span class='ocr_line' id='line_1_12' title="bbox 219 1257 1652 1330; baseline -0.001 -14"><span class='ocrx_word' id='word_1_136' title='bbox 219 1265 268 1316; x_wconf 89' lang='lat' dir='ltr'><strong>ant</strong></span> <span class='ocrx_word' id='word_1_137' title='bbox 290 1262 380 1318; x_wconf 87' lang='lat' dir='ltr'><strong>nullae</strong></span> <span class='ocrx_word' id='word_1_138' title='bbox 403 1261 590 1330; x_wconf 87' lang='lat' dir='ltr'><strong>relinquantur</strong></span> <span class='ocrx_word' id='word_1_139' title='bbox 611 1265 659 1314; x_wconf 90' lang='lat' dir='ltr'><strong>aut</strong></span> <span class='ocrx_word' id='word_1_140' title='bbox 677 1260 863 1316; x_wconf 87' lang='lat' dir='ltr'><strong>eondieionem</strong></span> <span class='ocrx_word' id='word_1_141' title='bbox 882 1260 1060 1329; x_wconf 87' lang='lat' dir='ltr'><strong>mutauerint,</strong></span> <span class='ocrx_word' id='word_1_142' title='bbox 1083 1274 1172 1329; x_wconf 85' lang='lat' dir='ltr'><strong>neque</strong></span> <span class='ocrx_word' id='word_1_143' title='bbox 1190 1259 1263 1314; x_wconf 89' lang='lat' dir='ltr'><strong>onim</strong></span> <span class='ocrx_word' id='word_1_144' title='bbox 1281 1259 1340 1313; x_wconf 90' lang='lat' dir='ltr'><strong>eius</strong></span> <span class='ocrx_word' id='word_1_145' title='bbox 1358 1257 1487 1326; x_wconf 88' lang='lat' dir='ltr'><strong>reiquae</strong></span> <span class='ocrx_word' id='word_1_146' title='bbox 1505 1259 1559 1313; x_wconf 89' lang='lat' dir='ltr'><strong>iam</strong></span> <span class='ocrx_word' id='word_1_147' title='bbox 1577 1259 1652 1314; x_wconf 83' lang='lat' dir='ltr'><strong>nulla</strong></span> 
     </span>
     <span class='ocr_line' id='line_1_13' title="bbox 219 1347 1652 1420; baseline -0.002 -14"><span class='ocrx_word' id='word_1_148' title='bbox 219 1351 256 1406; x_wconf 87' lang='lat' dir='ltr'><strong>sit</strong></span> <span class='ocrx_word' id='word_1_149' title='bbox 278 1351 422 1420; x_wconf 85' lang='lat' dir='ltr'><strong>quiequam</strong></span> <span class='ocrx_word' id='word_1_150' title='bbox 445 1349 536 1404; x_wconf 90' lang='lat' dir='ltr'><strong>sooius</strong></span> <span class='ocrx_word' id='word_1_151' title='bbox 554 1353 597 1404; x_wconf 87' lang='lat' dir='ltr'><strong>est</strong></span> <span class='ocrx_word' id='word_1_152' title='bbox 614 1365 702 1420; x_wconf 89' lang='lat' dir='ltr'><strong>neque</strong></span> <span class='ocrx_word' id='word_1_153' title='bbox 720 1350 780 1405; x_wconf 91' lang='lat' dir='ltr'><strong>eine</strong></span> <span class='ocrx_word' id='word_1_154' title='bbox 798 1364 869 1419; x_wconf 87' lang='lat' dir='ltr'><strong>quae</strong></span> <span class='ocrx_word' id='word_1_155' title='bbox 887 1355 1047 1404; x_wconf 86' lang='lat' dir='ltr'><strong>oonseorata</strong></span> <span class='ocrx_word' id='word_1_156' title='bbox 1063 1347 1237 1419; x_wconf 88' lang='lat' dir='ltr'><strong>pubiioataue</strong></span> <span class='ocrx_word' id='word_1_157' title='bbox 1255 1347 1299 1404; x_wconf 86' lang='lat' dir='ltr'><strong>sit</strong></span> <span class='ocrx_word' id='word_1_158' title='bbox 1333 1347 1475 1403; x_wconf 80' lang='lat' dir='ltr'><strong>uoluntate</strong></span> <span class='ocrx_word' id='word_1_159' title='bbox 1492 1347 1652 1404; x_wconf 69' lang='lat' dir='ltr'><strong>detrahitur</strong></span> 
     </span>
     <span class='ocr_line' id='line_1_14' title="bbox 208 1439 561 1495; baseline -0.008 0"><span class='ocrx_word' id='word_1_160' title='bbox 208 1439 336 1495; x_wconf 76' lang='lat' dir='ltr'><strong>&#39;soeietas</strong></span> <span class='ocrx_word' id='word_1_161' title='bbox 353 1439 561 1494; x_wconf 76' lang='lat' dir='ltr'><strong>renuntiatione.</strong></span> 
     </span>
    </p>

    <p class='ocr_par' dir='ltr' id='par_1_4' title="bbox 163 1518 1766 1764">
     <span class='ocr_line' id='line_1_15' title="bbox 163 1518 1766 1609; baseline -0.002 -25"><span class='ocrx_word' id='word_1_162' title='bbox 163 1523 201 1584; x_wconf 79' lang='lat'><strong>64</strong></span> <span class='ocrx_word' id='word_1_163' title='bbox 273 1528 497 1584; x_wconf 70' lang='lat' dir='ltr'><strong>enumeremus</strong></span> <span class='ocrx_word' id='word_1_164' title='bbox 518 1526 587 1582; x_wconf 91' lang='lat' dir='ltr'><strong>libro</strong></span> <span class='ocrx_word' id='word_1_165' title='bbox 610 1527 698 1597; x_wconf 86' lang='lat' dir='ltr'><strong>primo</strong></span> <span class='ocrx_word' id='word_1_166' title='bbox 722 1527 921 1598; x_wconf 71' lang='lat' dir='ltr'><strong>quaestionum.</strong></span> <span class='ocrx_word' id='word_1_167' title='bbox 956 1527 1054 1596; x_wconf 87' lang='lat' dir='ltr'><strong>itaquo</strong></span> <span class='ocrx_word' id='word_1_168' title='bbox 1072 1541 1133 1580; x_wconf 88' lang='lat' dir='ltr'><strong>oum</strong></span> <span class='ocrx_word' id='word_1_169' title='bbox 1152 1525 1297 1596; x_wconf 89' lang='lat' dir='ltr'><strong>separatim</strong></span> <span class='ocrx_word' id='word_1_170' title='bbox 1318 1518 1652 1609; x_wconf 54' lang='lat' dir='ltr'><strong>misse</strong></span> <span class='ocrx_word' id='word_1_171' title='bbox 1670 1533 1712 1588; x_wconf 74' lang='lat' dir='ltr'><strong>*P</strong></span> <span class='ocrx_word' id='word_1_172' title='bbox 1760 1577 1766 1590; x_wconf 69' lang='grc'><strong><em>,</em></strong></span> 
     </span>
     <span class='ocr_line' id='line_1_16' title="bbox 219 1613 1699 1688; baseline -0.003 -15"><span class='ocrx_word' id='word_1_173' title='bbox 219 1619 286 1674; x_wconf 90' lang='lat' dir='ltr'><strong>sooii</strong></span> <span class='ocrx_word' id='word_1_174' title='bbox 310 1633 391 1688; x_wconf 78' lang='lat' dir='ltr'><strong>agere</strong></span> <span class='ocrx_word' id='word_1_175' title='bbox 415 1617 554 1687; x_wconf 89' lang='lat' dir='ltr'><strong>oooperint</strong></span> <span class='ocrx_word' id='word_1_176' title='bbox 573 1621 603 1672; x_wconf 88' lang='lat' dir='ltr'><strong>et</strong></span> <span class='ocrx_word' id='word_1_177' title='bbox 619 1616 808 1687; x_wconf 87' lang='lat' dir='ltr'><strong>unusquisque</strong></span> <span class='ocrx_word' id='word_1_178' title='bbox 825 1631 919 1672; x_wconf 91' lang='lat' dir='ltr'><strong>eorum</strong></span> <span class='ocrx_word' id='word_1_179' title='bbox 938 1615 991 1672; x_wconf 87' lang='lat' dir='ltr'><strong>sibi</strong></span> <span class='ocrx_word' id='word_1_180' title='bbox 1008 1615 1176 1685; x_wconf 83' lang='lat' dir='ltr'><strong>negotietur,</strong></span> <span class='ocrx_word' id='word_1_181' title='bbox 1200 1615 1259 1670; x_wconf 87' lang='lat' dir='ltr'><strong>sine</strong></span> <span class='ocrx_word' id='word_1_182' title='bbox 1278 1613 1361 1670; x_wconf 87' lang='lat' dir='ltr'><strong>dubio</strong></span> <span class='ocrx_word' id='word_1_183' title='bbox 1379 1615 1422 1669; x_wconf 90' lang='lat' dir='ltr'><strong>ius</strong></span> <span class='ocrx_word' id='word_1_184' title='bbox 1440 1615 1579 1670; x_wconf 74' lang='lat' dir='ltr'><strong>societatis</strong></span> <span class='ocrx_word' id='word_1_185' title='bbox 1597 1614 1651 1670; x_wconf 91' lang='lat' dir='ltr'><strong>dis·</strong></span> <span class='ocrx_word' id='word_1_186' title='bbox 1671 1629 1699 1670; x_wconf 87' lang='lat' dir='ltr'><strong>rs</strong></span> 
     </span>
     <span class='ocr_line' id='line_1_17' title="bbox 218 1707 341 1764; baseline -0.016 0"><span class='ocrx_word' id='word_1_187' title='bbox 218 1707 341 1764; x_wconf 85' lang='lat' dir='ltr'><strong>soluitur.</strong></span> 
     </span>
    </p>

    <p class='ocr_par' dir='ltr' id='par_1_5' title="bbox 162 1785 1703 2054">
     <span class='ocr_line' id='line_1_18' title="bbox 162 1789 1703 1876; baseline -0.003 -24"><span class='ocrx_word' id='word_1_188' title='bbox 162 1791 201 1852; x_wconf 80' lang='lat'><strong>65</strong></span> <span class='ocrx_word' id='word_1_189' title='bbox 271 1796 390 1852; x_wconf 77' lang='lat' dir='ltr'><strong>Faunus</strong></span> <span class='ocrx_word' id='word_1_190' title='bbox 407 1795 477 1852; x_wconf 87' lang='lat' dir='ltr'><strong>libro</strong></span> <span class='ocrx_word' id='word_1_191' title='bbox 494 1795 653 1866; x_wconf 81' lang='lat' dir='ltr'><strong>trigonsimo</strong></span> <span class='ocrx_word' id='word_1_192' title='bbox 665 1793 786 1850; x_wconf 69' lang='lat' dir='ltr'><strong>emundo</strong></span> <span class='ocrx_word' id='word_1_193' title='bbox 798 1794 834 1849; x_wconf 89' lang='lat' dir='ltr'><strong>ad</strong></span> <span class='ocrx_word' id='word_1_194' title='bbox 846 1793 975 1849; x_wconf 87' lang='lat' dir='ltr'><strong>edietum.</strong></span> <span class='ocrx_word' id='word_1_195' title='bbox 1001 1793 1119 1849; x_wconf 84' lang='lat' dir='ltr'><strong>Aetione</strong></span> <span class='ocrx_word' id='word_1_196' title='bbox 1132 1791 1298 1864; x_wconf 88' lang='lat' dir='ltr'><strong>distrahitur,</strong></span> <span class='ocrx_word' id='word_1_197' title='bbox 1317 1789 1349 1876; x_wconf 74' lang='lat' dir='ltr'><strong>{s</strong></span> <span class='ocrx_word' id='word_1_198' title='bbox 1683 1801 1703 1856; x_wconf 82' lang='lat' dir='ltr'><strong>s</strong></span> 
     </span>
     <span class='ocr_line' id='line_1_19' title="bbox 219 1881 1651 1956; baseline -0.002 -15"><span class='ocrx_word' id='word_1_199' title='bbox 219 1899 281 1940; x_wconf 90' lang='lat' dir='ltr'><strong>oum</strong></span> <span class='ocrx_word' id='word_1_200' title='bbox 306 1889 355 1940; x_wconf 88' lang='lat' dir='ltr'><strong>aut</strong></span> <span class='ocrx_word' id='word_1_201' title='bbox 379 1886 554 1956; x_wconf 77' lang='lat' dir='ltr'><strong>stipulatione</strong></span> <span class='ocrx_word' id='word_1_202' title='bbox 578 1889 627 1939; x_wconf 87' lang='lat' dir='ltr'><strong>aut</strong></span> <span class='ocrx_word' id='word_1_203' title='bbox 647 1883 748 1939; x_wconf 89' lang='lat' dir='ltr'><strong>iudioio</strong></span> <span class='ocrx_word' id='word_1_204' title='bbox 766 1888 872 1938; x_wconf 88' lang='lat' dir='ltr'><strong>mutate</strong></span> <span class='ocrx_word' id='word_1_205' title='bbox 890 1884 926 1938; x_wconf 87' lang='lat' dir='ltr'><strong>sit</strong></span> <span class='ocrx_word' id='word_1_206' title='bbox 944 1899 1028 1938; x_wconf 86' lang='lat' dir='ltr'><strong>eausa</strong></span> <span class='ocrx_word' id='word_1_207' title='bbox 1045 1883 1193 1938; x_wconf 89' lang='lat' dir='ltr'><strong>sooietetis.</strong></span> <span class='ocrx_word' id='word_1_208' title='bbox 1226 1883 1357 1938; x_wconf 90' lang='lat' dir='ltr'><strong>Prooulus</strong></span> <span class='ocrx_word' id='word_1_209' title='bbox 1374 1883 1445 1938; x_wconf 90' lang='lat' dir='ltr'><strong>enim</strong></span> <span class='ocrx_word' id='word_1_210' title='bbox 1465 1883 1505 1936; x_wconf 86' lang='lat' dir='ltr'><strong>ait</strong></span> <span class='ocrx_word' id='word_1_211' title='bbox 1521 1881 1573 1937; x_wconf 88' lang='lat' dir='ltr'><strong>hoo</strong></span> <span class='ocrx_word' id='word_1_212' title='bbox 1591 1897 1651 1952; x_wconf 88' lang='lat' dir='ltr'><strong>rpso</strong></span> 
     </span>
     <span class='ocr_line' id='line_1_20' title="bbox 219 1965 1653 2054; baseline -0.003 -25"><span class='ocrx_word' id='word_1_213' title='bbox 219 1973 293 2043; x_wconf 88' lang='lat' dir='ltr'><strong>quod</strong></span> <span class='ocrx_word' id='word_1_214' title='bbox 316 1973 445 2029; x_wconf 91' lang='lat' dir='ltr'><strong>iudioium</strong></span> <span class='ocrx_word' id='word_1_215' title='bbox 468 1974 530 2029; x_wconf 90' lang='lat' dir='ltr'><strong>ideo</strong></span> <span class='ocrx_word' id='word_1_216' title='bbox 553 1973 686 2028; x_wconf 79' lang='lat' dir='ltr'><strong>dictatum</strong></span> <span class='ocrx_word' id='word_1_217' title='bbox 709 1979 766 2044; x_wconf 89' lang='lat' dir='ltr'><strong>est,</strong></span> <span class='ocrx_word' id='word_1_218' title='bbox 790 1977 822 2028; x_wconf 88' lang='lat' dir='ltr'><strong>nt</strong></span> <span class='ocrx_word' id='word_1_219' title='bbox 844 1974 962 2028; x_wconf 88' lang='lat' dir='ltr'><strong>eoeietas</strong></span> <span class='ocrx_word' id='word_1_220' title='bbox 985 1973 1165 2042; x_wconf 74' lang='lat' dir='ltr'><strong>distrahetur,</strong></span> <span class='ocrx_word' id='word_1_221' title='bbox 1189 1973 1370 2027; x_wconf 73' lang='lat' dir='ltr'><strong>renuntiatam</strong></span> <span class='ocrx_word' id='word_1_222' title='bbox 1388 1972 1557 2040; x_wconf 79' lang='lat' dir='ltr'><strong>societatem,</strong></span> <span class='ocrx_word' id='word_1_223' title='bbox 1576 1965 1653 2054; x_wconf 52' lang='lat' dir='ltr'><strong>[iffi</strong></span> 
     </span>
    </p>

    <p class='ocr_par' dir='ltr' id='par_1_6' title="bbox 184 2059 1736 3737">
     <span class='ocr_line' id='line_1_21' title="bbox 185 2059 1700 2119; baseline 0.001 -2"><span class='ocrx_word' id='word_1_224' title='bbox 185 2071 200 2117; x_wconf 87' lang='lat'>1</span> <span class='ocrx_word' id='word_1_225' title='bbox 219 2065 278 2119; x_wconf 86' lang='lat' dir='ltr'><strong>siue</strong></span> <span class='ocrx_word' id='word_1_226' title='bbox 296 2067 415 2119; x_wconf 88' lang='lat' dir='ltr'><strong>totorum</strong></span> <span class='ocrx_word' id='word_1_227' title='bbox 433 2063 565 2119; x_wconf 89' lang='lat' dir='ltr'><strong>honorum</strong></span> <span class='ocrx_word' id='word_1_228' title='bbox 584 2063 643 2117; x_wconf 90' lang='lat' dir='ltr'><strong>siue</strong></span> <span class='ocrx_word' id='word_1_229' title='bbox 660 2063 741 2117; x_wconf 91' lang='lat' dir='ltr'><strong>unine</strong></span> <span class='ocrx_word' id='word_1_230' title='bbox 760 2061 799 2117; x_wconf 88' lang='lat' dir='ltr'><strong>roi</strong></span> <span class='ocrx_word' id='word_1_231' title='bbox 817 2063 934 2118; x_wconf 87' lang='lat' dir='ltr'><strong>sooietas</strong></span> <span class='ocrx_word' id='word_1_232' title='bbox 952 2063 1025 2118; x_wconf 87' lang='lat' dir='ltr'><strong>ooita</strong></span> <span class='ocrx_word' id='word_1_233' title='bbox 1043 2063 1087 2118; x_wconf 90' lang='lat' dir='ltr'><strong>sit.</strong></span> <span class='ocrx_word' id='word_1_234' title='bbox 1114 2062 1184 2117; x_wconf 81' lang='lat' dir='ltr'><strong>Item</strong></span> <span class='ocrx_word' id='word_1_235' title='bbox 1202 2061 1282 2116; x_wconf 90' lang='lat' dir='ltr'><strong>bonis</strong></span> <span class='ocrx_word' id='word_1_236' title='bbox 1300 2077 1318 2116; x_wconf 84' lang='lat' dir='ltr'><strong>a</strong></span> <span class='ocrx_word' id='word_1_237' title='bbox 1335 2059 1516 2116; x_wconf 84' lang='lat' dir='ltr'><strong>oreditoribus</strong></span> <span class='ocrx_word' id='word_1_238' title='bbox 1532 2060 1652 2116; x_wconf 78' lang='lat' dir='ltr'><strong>uenditis</strong></span> <span class='ocrx_word' id='word_1_239' title='bbox 1671 2077 1700 2119; x_wconf 83' lang='lat' dir='ltr'><strong>ro</strong></span> 
     </span>
     <span class='ocr_line' id='line_1_22' title="bbox 186 2144 1652 2233; baseline -0.001 -27"><span class='ocrx_word' id='word_1_240' title='bbox 186 2153 299 2208; x_wconf 71' lang='lat' dir='ltr'><strong>hunius</strong></span> <span class='ocrx_word' id='word_1_241' title='bbox 318 2153 384 2208; x_wconf 89' lang='lat' dir='ltr'><strong>sooii</strong></span> <span class='ocrx_word' id='word_1_242' title='bbox 402 2151 515 2207; x_wconf 86' lang='lat' dir='ltr'><strong>distrahi</strong></span> <span class='ocrx_word' id='word_1_243' title='bbox 534 2151 691 2207; x_wconf 80' lang='lat' dir='ltr'><strong>societatem</strong></span> <span class='ocrx_word' id='word_1_244' title='bbox 704 2150 798 2206; x_wconf 86' lang='lat' dir='ltr'><strong>Labeo</strong></span> <span class='ocrx_word' id='word_1_245' title='bbox 816 2151 862 2207; x_wconf 85' lang='lat' dir='ltr'><strong>ait</strong></span> <span class='ocrx_word' id='word_1_246' title='bbox 890 2149 919 2206; x_wconf 85' lang='lat' dir='ltr'><strong>Si</strong></span> <span class='ocrx_word' id='word_1_247' title='bbox 937 2152 965 2207; x_wconf 92' lang='lat' dir='ltr'><strong>in</strong></span> <span class='ocrx_word' id='word_1_248' title='bbox 983 2167 1041 2207; x_wconf 86' lang='lat' dir='ltr'><strong>rem</strong></span> <span class='ocrx_word' id='word_1_249' title='bbox 1059 2157 1161 2207; x_wconf 80' lang='lat' dir='ltr'><strong>certam</strong></span> <span class='ocrx_word' id='word_1_250' title='bbox 1180 2149 1323 2206; x_wconf 86' lang='lat' dir='ltr'><strong>emendam</strong></span> <span class='ocrx_word' id='word_1_251' title='bbox 1341 2149 1495 2205; x_wconf 88' lang='lat' dir='ltr'><strong>eonduoen·</strong></span> <span class='ocrx_word' id='word_1_252' title='bbox 1513 2144 1652 2233; x_wconf 58' lang='lat' dir='ltr'><em>Q</em></span> 
     </span>
     <span class='ocr_line' id='line_1_23' title="bbox 219 2237 1652 2311; baseline -0.001 -15"><span class='ocrx_word' id='word_1_253' title='bbox 219 2241 318 2296; x_wconf 87' lang='lat' dir='ltr'><strong>damno</strong></span> <span class='ocrx_word' id='word_1_254' title='bbox 336 2241 409 2296; x_wconf 88' lang='lat' dir='ltr'><strong>eoita</strong></span> <span class='ocrx_word' id='word_1_255' title='bbox 427 2242 463 2296; x_wconf 87' lang='lat' dir='ltr'><strong>sit</strong></span> <span class='ocrx_word' id='word_1_256' title='bbox 477 2243 603 2310; x_wconf 79' lang='lat' dir='ltr'><strong>societas,</strong></span> <span class='ocrx_word' id='word_1_257' title='bbox 621 2245 687 2295; x_wconf 87' lang='lat' dir='ltr'><strong>tuno</strong></span> <span class='ocrx_word' id='word_1_258' title='bbox 699 2241 785 2296; x_wconf 88' lang='lat' dir='ltr'><strong>otiam</strong></span> <span class='ocrx_word' id='word_1_259' title='bbox 793 2245 857 2311; x_wconf 90' lang='lat' dir='ltr'><strong>post</strong></span> <span class='ocrx_word' id='word_1_260' title='bbox 868 2240 982 2296; x_wconf 87' lang='lat' dir='ltr'><strong>alieuius</strong></span> <span class='ocrx_word' id='word_1_261' title='bbox 994 2245 1109 2296; x_wconf 89' lang='lat' dir='ltr'><strong>mortem</strong></span> <span class='ocrx_word' id='word_1_262' title='bbox 1122 2239 1254 2310; x_wconf 85' lang='lat' dir='ltr'><strong>quidquid</strong></span> <span class='ocrx_word' id='word_1_263' title='bbox 1263 2239 1333 2295; x_wconf 86' lang='lat' dir='ltr'><strong>inari</strong></span> <span class='ocrx_word' id='word_1_264' title='bbox 1345 2238 1536 2294; x_wconf 83' lang='lat' dir='ltr'><strong>detrimentiue</strong></span> <span class='ocrx_word' id='word_1_265' title='bbox 1547 2237 1652 2294; x_wconf 83' lang='lat' dir='ltr'><strong>fautum</strong></span> 
     </span>
     <span class='ocr_line' id='line_1_24' title="bbox 186 2323 1653 2412; baseline -0.002 -28"><span class='ocrx_word' id='word_1_266' title='bbox 186 2331 267 2400; x_wconf 81' lang='lat' dir='ltr'><strong>usit,</strong></span> <span class='ocrx_word' id='word_1_267' title='bbox 290 2343 434 2386; x_wconf 80' lang='lat' dir='ltr'><strong>commune</strong></span> <span class='ocrx_word' id='word_1_268' title='bbox 457 2345 519 2386; x_wconf 89' lang='lat' dir='ltr'><strong>esse</strong></span> <span class='ocrx_word' id='word_1_269' title='bbox 536 2329 630 2385; x_wconf 87' lang='lat' dir='ltr'><strong>Labeo</strong></span> <span class='ocrx_word' id='word_1_270' title='bbox 654 2329 701 2385; x_wconf 88' lang='lat' dir='ltr'><strong>ait.</strong></span> <span class='ocrx_word' id='word_1_271' title='bbox 737 2329 863 2386; x_wconf 80' lang='lat' dir='ltr'><strong>Diximus</strong></span> <span class='ocrx_word' id='word_1_272' title='bbox 886 2329 1011 2385; x_wconf 82' lang='lat' dir='ltr'><strong>dissensu</strong></span> <span class='ocrx_word' id='word_1_273' title='bbox 1037 2329 1106 2385; x_wconf 90' lang='lat' dir='ltr'><strong>solui</strong></span> <span class='ocrx_word' id='word_1_274' title='bbox 1133 2329 1305 2385; x_wconf 87' lang='lat' dir='ltr'><strong>sooiotatem:</strong></span> <span class='ocrx_word' id='word_1_275' title='bbox 1327 2327 1380 2383; x_wconf 89' lang='lat' dir='ltr'><strong>hoo</strong></span> <span class='ocrx_word' id='word_1_276' title='bbox 1397 2328 1437 2382; x_wconf 86' lang='lat' dir='ltr'><strong>ite</strong></span> <span class='ocrx_word' id='word_1_277' title='bbox 1453 2332 1509 2397; x_wconf 87' lang='lat' dir='ltr'><strong>eet,</strong></span> <span class='ocrx_word' id='word_1_278' title='bbox 1534 2329 1558 2382; x_wconf 93' lang='lat' dir='ltr'><strong>si</strong></span> <span class='ocrx_word' id='word_1_279' title='bbox 1576 2323 1653 2412; x_wconf 60' lang='lat' dir='ltr'><strong>[Q]</strong></span> 
     </span>
     <span class='ocr_line' id='line_1_25' title="bbox 218 2416 1653 2489; baseline -0.001 -13"><span class='ocrx_word' id='word_1_280' title='bbox 218 2433 314 2476; x_wconf 90' lang='lat' dir='ltr'><strong>omnes</strong></span> <span class='ocrx_word' id='word_1_281' title='bbox 336 2419 509 2475; x_wconf 87' lang='lat' dir='ltr'><strong>dissentiunt.</strong></span> <span class='ocrx_word' id='word_1_282' title='bbox 542 2419 608 2489; x_wconf 90' lang='lat' dir='ltr'><strong>quid</strong></span> <span class='ocrx_word' id='word_1_283' title='bbox 631 2433 709 2489; x_wconf 84' lang='lat' dir='ltr'><strong>orgo,</strong></span> <span class='ocrx_word' id='word_1_284' title='bbox 734 2419 758 2473; x_wconf 94' lang='lat' dir='ltr'><strong>si</strong></span> <span class='ocrx_word' id='word_1_285' title='bbox 782 2433 852 2473; x_wconf 89' lang='lat' dir='ltr'><strong>unus</strong></span> <span class='ocrx_word' id='word_1_286' title='bbox 870 2418 1027 2473; x_wconf 82' lang='lat' dir='ltr'><strong>renuntiet?</strong></span> <span class='ocrx_word' id='word_1_287' title='bbox 1055 2418 1166 2475; x_wconf 79' lang='lat' dir='ltr'><strong>Cassius</strong></span> <span class='ocrx_word' id='word_1_288' title='bbox 1184 2418 1293 2488; x_wconf 86' lang='lat' dir='ltr'><strong>eoripsit</strong></span> <span class='ocrx_word' id='word_1_289' title='bbox 1310 2432 1373 2472; x_wconf 86' lang='lat' dir='ltr'><strong>sum</strong></span> <span class='ocrx_word' id='word_1_290' title='bbox 1391 2416 1439 2487; x_wconf 88' lang='lat' dir='ltr'><strong>qui</strong></span> <span class='ocrx_word' id='word_1_291' title='bbox 1455 2416 1653 2474; x_wconf 86' lang='lat' dir='ltr'><strong>renuntiauerit</strong></span> 
     </span>
     <span class='ocr_line' id='line_1_26' title="bbox 218 2505 1698 2579; baseline -0.001 -15"><span class='ocrx_word' id='word_1_292' title='bbox 218 2509 343 2565; x_wconf 86' lang='lat' dir='ltr'><strong>eooieteti</strong></span> <span class='ocrx_word' id='word_1_293' title='bbox 361 2523 378 2563; x_wconf 90' lang='lat' dir='ltr'><strong>a</strong></span> <span class='ocrx_word' id='word_1_294' title='bbox 396 2523 426 2564; x_wconf 88' lang='lat' dir='ltr'><strong>se</strong></span> <span class='ocrx_word' id='word_1_295' title='bbox 444 2507 554 2579; x_wconf 83' lang='lat' dir='ltr'><strong>quidem</strong></span> <span class='ocrx_word' id='word_1_296' title='bbox 571 2507 687 2563; x_wconf 84' lang='lat' dir='ltr'><strong>liberare</strong></span> <span class='ocrx_word' id='word_1_297' title='bbox 705 2507 795 2563; x_wconf 91' lang='lat' dir='ltr'><strong>eooios</strong></span> <span class='ocrx_word' id='word_1_298' title='bbox 813 2522 886 2576; x_wconf 92' lang='lat' dir='ltr'><strong>suos,</strong></span> <span class='ocrx_word' id='word_1_299' title='bbox 905 2521 936 2562; x_wconf 86' lang='lat' dir='ltr'><strong>so</strong></span> <span class='ocrx_word' id='word_1_300' title='bbox 953 2512 1046 2562; x_wconf 89' lang='lat' dir='ltr'><strong>autem</strong></span> <span class='ocrx_word' id='word_1_301' title='bbox 1064 2507 1169 2563; x_wconf 85' lang='lat' dir='ltr'><strong>abillis</strong></span> <span class='ocrx_word' id='word_1_302' title='bbox 1187 2523 1242 2562; x_wconf 93' lang='lat' dir='ltr'><strong>non</strong></span> <span class='ocrx_word' id='word_1_303' title='bbox 1258 2505 1382 2562; x_wconf 85' lang='lat' dir='ltr'><strong>liberare.</strong></span> <span class='ocrx_word' id='word_1_304' title='bbox 1409 2505 1484 2576; x_wconf 88' lang='lat' dir='ltr'><strong>quod</strong></span> <span class='ocrx_word' id='word_1_305' title='bbox 1496 2507 1592 2578; x_wconf 78' lang='lat' dir='ltr'><strong>utiquo</strong></span> <span class='ocrx_word' id='word_1_306' title='bbox 1603 2506 1651 2563; x_wconf 87' lang='lat' dir='ltr'><strong>oh·</strong></span> <span class='ocrx_word' id='word_1_307' title='bbox 1670 2522 1698 2563; x_wconf 83' lang='lat' dir='ltr'><strong>rs</strong></span> 
     </span>
     <span class='ocr_line' id='line_1_27' title="bbox 219 2595 1651 2668; baseline -0.001 -15"><span class='ocrx_word' id='word_1_308' title='bbox 219 2597 384 2654; x_wconf 87' lang='lat' dir='ltr'><strong>seruandum</strong></span> <span class='ocrx_word' id='word_1_309' title='bbox 407 2602 463 2666; x_wconf 91' lang='lat' dir='ltr'><strong>est,</strong></span> <span class='ocrx_word' id='word_1_310' title='bbox 482 2597 506 2652; x_wconf 89' lang='lat' dir='ltr'><strong>si</strong></span> <span class='ocrx_word' id='word_1_311' title='bbox 524 2597 587 2652; x_wconf 94' lang='lat' dir='ltr'><strong>dolo</strong></span> <span class='ocrx_word' id='word_1_312' title='bbox 604 2599 677 2654; x_wconf 86' lang='lat' dir='ltr'><strong>malo</strong></span> <span class='ocrx_word' id='word_1_313' title='bbox 695 2598 859 2654; x_wconf 82' lang='lat' dir='ltr'><strong>renuntiatio</strong></span> <span class='ocrx_word' id='word_1_314' title='bbox 877 2595 952 2652; x_wconf 80' lang='lat' dir='ltr'><strong>tauta</strong></span> <span class='ocrx_word' id='word_1_315' title='bbox 968 2597 1021 2666; x_wconf 89' lang='lat' dir='ltr'><strong>sit,·</strong></span> <span class='ocrx_word' id='word_1_316' title='bbox 1035 2597 1121 2652; x_wconf 88' lang='lat' dir='ltr'><strong>ueluti</strong></span> <span class='ocrx_word' id='word_1_317' title='bbox 1139 2598 1175 2668; x_wconf 93' lang='lat' dir='ltr'><strong>si,</strong></span> <span class='ocrx_word' id='word_1_318' title='bbox 1195 2611 1256 2652; x_wconf 89' lang='lat' dir='ltr'><strong>eum</strong></span> <span class='ocrx_word' id='word_1_319' title='bbox 1276 2596 1396 2652; x_wconf 91' lang='lat' dir='ltr'><strong>omnium</strong></span> <span class='ocrx_word' id='word_1_320' title='bbox 1414 2595 1547 2651; x_wconf 87' lang='lat' dir='ltr'><strong>bonorum</strong></span> <span class='ocrx_word' id='word_1_321' title='bbox 1566 2597 1651 2652; x_wconf 82' lang='lat' dir='ltr'><strong>sooie</strong></span> 
     </span>
     <span class='ocr_line' id='line_1_28' title="bbox 218 2685 1651 2757; baseline 0 -14"><span class='ocrx_word' id='word_1_322' title='bbox 218 2692 304 2743; x_wconf 86' lang='lat' dir='ltr'><strong>tatem</strong></span> <span class='ocrx_word' id='word_1_323' title='bbox 324 2687 482 2756; x_wconf 87' lang='lat' dir='ltr'><strong>inissemus,</strong></span> <span class='ocrx_word' id='word_1_324' title='bbox 505 2685 605 2741; x_wconf 88' lang='lat' dir='ltr'><strong>deindo</strong></span> <span class='ocrx_word' id='word_1_325' title='bbox 623 2691 700 2742; x_wconf 85' lang='lat' dir='ltr'><strong>oum¹</strong></span> <span class='ocrx_word' id='word_1_326' title='bbox 720 2687 880 2743; x_wconf 89' lang='lat' dir='ltr'><strong>obuenisset</strong></span> <span class='ocrx_word' id='word_1_327' title='bbox 896 2687 945 2741; x_wconf 90' lang='lat' dir='ltr'><strong>nni</strong></span> <span class='ocrx_word' id='word_1_328' title='bbox 962 2685 1112 2755; x_wconf 86' lang='lat' dir='ltr'><strong>hereditas,</strong></span> <span class='ocrx_word' id='word_1_329' title='bbox 1135 2692 1247 2756; x_wconf 87' lang='lat' dir='ltr'><strong>propter</strong></span> <span class='ocrx_word' id='word_1_330' title='bbox 1263 2685 1316 2742; x_wconf 88' lang='lat' dir='ltr'><strong>hoe</strong></span> <span class='ocrx_word' id='word_1_331' title='bbox 1333 2685 1512 2741; x_wconf 87' lang='lat' dir='ltr'><strong>renuntianit:</strong></span> <span class='ocrx_word' id='word_1_332' title='bbox 1533 2686 1651 2757; x_wconf 81' lang='lat' dir='ltr'><strong>ideoque</strong></span> 
     </span>
     <span class='ocr_line' id='line_1_29' title="bbox 218 2774 1650 2847; baseline 0 -15"><span class='ocrx_word' id='word_1_333' title='bbox 218 2777 242 2833; x_wconf 91' lang='lat' dir='ltr'><strong>ei</strong></span> <span class='ocrx_word' id='word_1_334' title='bbox 259 2776 369 2847; x_wconf 87' lang='lat' dir='ltr'><strong>quidem</strong></span> <span class='ocrx_word' id='word_1_335' title='bbox 388 2775 517 2830; x_wconf 89' lang='lat' dir='ltr'><strong>damnum</strong></span> <span class='ocrx_word' id='word_1_336' title='bbox 536 2777 658 2831; x_wconf 84' lang='lat' dir='ltr'><strong>attulerit</strong></span> <span class='ocrx_word' id='word_1_337' title='bbox 674 2777 825 2847; x_wconf 86' lang='lat' dir='ltr'><strong>hereditas,</strong></span> <span class='ocrx_word' id='word_1_338' title='bbox 845 2777 897 2832; x_wconf 91' lang='lat' dir='ltr'><strong>hoo</strong></span> <span class='ocrx_word' id='word_1_339' title='bbox 915 2776 951 2831; x_wconf 87' lang='lat' dir='ltr'><strong>ad</strong></span> <span class='ocrx_word' id='word_1_340' title='bbox 970 2791 1031 2830; x_wconf 90' lang='lat' dir='ltr'><strong>enm</strong></span> <span class='ocrx_word' id='word_1_341' title='bbox 1050 2775 1097 2846; x_wconf 90' lang='lat' dir='ltr'><strong>qui</strong></span> <span class='ocrx_word' id='word_1_342' title='bbox 1115 2775 1282 2831; x_wconf 87' lang='lat' dir='ltr'><strong>renuntiarit</strong></span> <span class='ocrx_word' id='word_1_343' title='bbox 1298 2774 1458 2845; x_wconf 88' lang='lat' dir='ltr'><strong>pertinebit,</strong></span> <span class='ocrx_word' id='word_1_344' title='bbox 1477 2776 1650 2832; x_wconf 87' lang='lat' dir='ltr'><strong>oommodum</strong></span> 
     </span>
     <span class='ocr_line' id='line_1_30' title="bbox 218 2864 1650 2938; baseline 0 -17"><span class='ocrx_word' id='word_1_345' title='bbox 218 2871 310 2921; x_wconf 85' lang='lat' dir='ltr'><strong>antem</strong></span> <span class='ocrx_word' id='word_1_346' title='bbox 334 2865 534 2921; x_wconf 87' lang='lat' dir='ltr'><strong>eommunieare</strong></span> <span class='ocrx_word' id='word_1_347' title='bbox 557 2870 672 2935; x_wconf 82' lang='lat' dir='ltr'><strong>cogetur</strong></span> <span class='ocrx_word' id='word_1_348' title='bbox 693 2867 801 2922; x_wconf 87' lang='lat' dir='ltr'><strong>aetiono</strong></span> <span class='ocrx_word' id='word_1_349' title='bbox 824 2881 874 2938; x_wconf 93' lang='lat' dir='ltr'><strong>pro</strong></span> <span class='ocrx_word' id='word_1_350' title='bbox 898 2865 981 2920; x_wconf 86' lang='lat' dir='ltr'><strong>soeio.</strong></span> <span class='ocrx_word' id='word_1_351' title='bbox 1013 2865 1088 2934; x_wconf 88' lang='lat' dir='ltr'><strong>quod</strong></span> <span class='ocrx_word' id='word_1_352' title='bbox 1105 2865 1129 2920; x_wconf 92' lang='lat' dir='ltr'><strong>si</strong></span> <span class='ocrx_word' id='word_1_353' title='bbox 1146 2864 1211 2935; x_wconf 88' lang='lat' dir='ltr'><strong>quid</strong></span> <span class='ocrx_word' id='word_1_354' title='bbox 1229 2868 1293 2934; x_wconf 93' lang='lat' dir='ltr'><strong>poet</strong></span> <span class='ocrx_word' id='word_1_355' title='bbox 1310 2865 1537 2920; x_wconf 86' lang='lat' dir='ltr'><strong>renuntiationem</strong></span> <span class='ocrx_word' id='word_1_356' title='bbox 1555 2865 1650 2936; x_wconf 86' lang='lat' dir='ltr'><strong>adqui·</strong></span> 
     </span>
     <span class='ocr_line' id='line_1_31' title="bbox 184 2954 1698 3024; baseline -0.001 -13"><span class='ocrx_word' id='word_1_357' title='bbox 184 2954 318 3024; x_wconf 68' lang='lat' dir='ltr'><strong>trieriv,</strong></span> <span class='ocrx_word' id='word_1_358' title='bbox 342 2971 397 3010; x_wconf 90' lang='lat' dir='ltr'><strong>non</strong></span> <span class='ocrx_word' id='word_1_359' title='bbox 416 2955 468 3009; x_wconf 89' lang='lat' dir='ltr'><strong>erit</strong></span> <span class='ocrx_word' id='word_1_360' title='bbox 485 2954 753 3024; x_wconf 76' lang='lat' dir='ltr'><strong>communicandum,</strong></span> <span class='ocrx_word' id='word_1_361' title='bbox 774 2955 840 3024; x_wconf 85' lang='lat' dir='ltr'><strong>quia</strong></span> <span class='ocrx_word' id='word_1_362' title='bbox 857 2969 908 3010; x_wconf 87' lang='lat' dir='ltr'><strong>nso</strong></span> <span class='ocrx_word' id='word_1_363' title='bbox 926 2954 1005 3010; x_wconf 88' lang='lat' dir='ltr'><strong>dolus</strong></span> <span class='ocrx_word' id='word_1_364' title='bbox 1023 2954 1160 3010; x_wconf 84' lang='lat' dir='ltr'><strong>admissus</strong></span> <span class='ocrx_word' id='word_1_365' title='bbox 1177 2957 1220 3009; x_wconf 86' lang='lat' dir='ltr'><strong>est</strong></span> <span class='ocrx_word' id='word_1_366' title='bbox 1236 2955 1265 3008; x_wconf 93' lang='lat' dir='ltr'><strong>in</strong></span> <span class='ocrx_word' id='word_1_367' title='bbox 1283 2969 1325 3010; x_wconf 90' lang='lat' dir='ltr'><strong>eo.</strong></span> <span class='ocrx_word' id='word_1_368' title='bbox 1361 2954 1431 3010; x_wconf 92' lang='lat' dir='ltr'><strong>Item</strong></span> <span class='ocrx_word' id='word_1_369' title='bbox 1449 2955 1472 3009; x_wconf 92' lang='lat' dir='ltr'><strong>ei</strong></span> <span class='ocrx_word' id='word_1_370' title='bbox 1489 2955 1650 3011; x_wconf 84' lang='lat' dir='ltr'><strong>suolotatem</strong></span> <span class='ocrx_word' id='word_1_371' title='bbox 1669 2970 1698 3010; x_wconf 78' lang='lat' dir='ltr'><strong>ao</strong></span> 
     </span>
     <span class='ocr_line' id='line_1_32' title="bbox 216 3043 1650 3114; baseline 0.001 -16"><span class='ocrx_word' id='word_1_372' title='bbox 216 3044 342 3099; x_wconf 88' lang='lat' dir='ltr'><strong>ineamus</strong></span> <span class='ocrx_word' id='word_1_373' title='bbox 360 3043 396 3098; x_wconf 87' lang='lat' dir='ltr'><strong>ad</strong></span> <span class='ocrx_word' id='word_1_374' title='bbox 414 3043 531 3114; x_wconf 88' lang='lat' dir='ltr'><strong>aliquam</strong></span> <span class='ocrx_word' id='word_1_375' title='bbox 550 3059 607 3099; x_wconf 90' lang='lat' dir='ltr'><strong>rem</strong></span> <span class='ocrx_word' id='word_1_376' title='bbox 627 3044 777 3114; x_wconf 86' lang='lat' dir='ltr'><strong>emendam,</strong></span> <span class='ocrx_word' id='word_1_377' title='bbox 797 3043 895 3099; x_wconf 89' lang='lat' dir='ltr'><strong>deiude</strong></span> <span class='ocrx_word' id='word_1_378' title='bbox 913 3044 987 3098; x_wconf 90' lang='lat' dir='ltr'><strong>solus</strong></span> <span class='ocrx_word' id='word_1_379' title='bbox 1005 3044 1124 3099; x_wconf 82' lang='lat' dir='ltr'><strong>uolueris</strong></span> <span class='ocrx_word' id='word_1_380' title='bbox 1142 3057 1203 3098; x_wconf 85' lang='lat' dir='ltr'><strong>eam</strong></span> <span class='ocrx_word' id='word_1_381' title='bbox 1222 3057 1312 3098; x_wconf 89' lang='lat' dir='ltr'><strong>emere</strong></span> <span class='ocrx_word' id='word_1_382' title='bbox 1323 3043 1440 3113; x_wconf 85' lang='lat' dir='ltr'><strong>ideoque</strong></span> <span class='ocrx_word' id='word_1_383' title='bbox 1452 3044 1650 3100; x_wconf 87' lang='lat' dir='ltr'><strong>renuntiaueris</strong></span> 
     </span>
     <span class='ocr_line' id='line_1_33' title="bbox 217 3131 1650 3204; baseline 0.001 -17"><span class='ocrx_word' id='word_1_384' title='bbox 217 3132 356 3202; x_wconf 74' lang='lat' dir='ltr'><strong>maistas,</strong></span> <span class='ocrx_word' id='word_1_385' title='bbox 381 3137 412 3188; x_wconf 91' lang='lat' dir='ltr'><strong>ut</strong></span> <span class='ocrx_word' id='word_1_386' title='bbox 429 3133 503 3188; x_wconf 90' lang='lat' dir='ltr'><strong>soiue</strong></span> <span class='ocrx_word' id='word_1_387' title='bbox 522 3147 639 3203; x_wconf 87' lang='lat' dir='ltr'><strong>emeres,</strong></span> <span class='ocrx_word' id='word_1_388' title='bbox 663 3133 799 3189; x_wconf 87' lang='lat' dir='ltr'><strong>teneberis</strong></span> <span class='ocrx_word' id='word_1_389' title='bbox 817 3133 912 3204; x_wconf 86' lang='lat' dir='ltr'><strong>quanti</strong></span> <span class='ocrx_word' id='word_1_390' title='bbox 930 3134 1045 3190; x_wconf 88' lang='lat' dir='ltr'><strong>interest</strong></span> <span class='ocrx_word' id='word_1_391' title='bbox 1062 3149 1136 3189; x_wconf 88' lang='lat' dir='ltr'><strong>mea:</strong></span> <span class='ocrx_word' id='word_1_392' title='bbox 1161 3131 1212 3188; x_wconf 86' lang='lat' dir='ltr'><strong>sed</strong></span> <span class='ocrx_word' id='word_1_393' title='bbox 1229 3133 1252 3187; x_wconf 92' lang='lat' dir='ltr'><strong>ei</strong></span> <span class='ocrx_word' id='word_1_394' title='bbox 1269 3131 1332 3188; x_wconf 92' lang='lat' dir='ltr'><strong>ideo</strong></span> <span class='ocrx_word' id='word_1_395' title='bbox 1349 3132 1562 3203; x_wconf 82' lang='lat' dir='ltr'><strong>renuntiaueris,</strong></span> <span class='ocrx_word' id='word_1_396' title='bbox 1585 3133 1650 3202; x_wconf 86' lang='lat' dir='ltr'><strong>quia</strong></span> 
     </span>
     <span class='ocr_line' id='line_1_34' title="bbox 218 3219 1672 3293; baseline 0.001 -16"><span class='ocrx_word' id='word_1_397' title='bbox 218 3221 320 3293; x_wconf 86' lang='lat' dir='ltr'><strong>emptio</strong></span> <span class='ocrx_word' id='word_1_398' title='bbox 337 3219 388 3277; x_wconf 88' lang='lat' dir='ltr'><strong>tibi</strong></span> <span class='ocrx_word' id='word_1_399' title='bbox 406 3220 576 3292; x_wconf 88' lang='lat' dir='ltr'><strong>displiosbat,</strong></span> <span class='ocrx_word' id='word_1_400' title='bbox 595 3237 648 3278; x_wconf 89' lang='lat' dir='ltr'><strong>non</strong></span> <span class='ocrx_word' id='word_1_401' title='bbox 667 3221 811 3292; x_wconf 86' lang='lat' dir='ltr'><strong>teneberis,</strong></span> <span class='ocrx_word' id='word_1_402' title='bbox 830 3223 955 3292; x_wconf 86' lang='lat' dir='ltr'><strong>quamuis</strong></span> <span class='ocrx_word' id='word_1_403' title='bbox 973 3237 1026 3292; x_wconf 72' lang='lat' dir='ltr'><strong>ego</strong></span> <span class='ocrx_word' id='word_1_404' title='bbox 1043 3237 1144 3292; x_wconf 86' lang='lat' dir='ltr'><strong>emero,</strong></span> <span class='ocrx_word' id='word_1_405' title='bbox 1163 3221 1227 3292; x_wconf 84' lang='lat' dir='ltr'><strong>quia</strong></span> <span class='ocrx_word' id='word_1_406' title='bbox 1243 3221 1288 3276; x_wconf 90' lang='lat' dir='ltr'><strong>hie</strong></span> <span class='ocrx_word' id='word_1_407' title='bbox 1305 3221 1380 3276; x_wconf 81' lang='lat' dir='ltr'><strong>nulia</strong></span> <span class='ocrx_word' id='word_1_408' title='bbox 1395 3220 1471 3277; x_wconf 79' lang='lat' dir='ltr'><strong>haus</strong></span> <span class='ocrx_word' id='word_1_409' title='bbox 1486 3225 1543 3277; x_wconf 86' lang='lat' dir='ltr'><strong>eat:</strong></span> <span class='ocrx_word' id='word_1_410' title='bbox 1562 3237 1649 3292; x_wconf 84' lang='lat' dir='ltr'><strong>eaque</strong></span> <span class='ocrx_word' id='word_1_411' title='bbox 1671 3249 1672 3254; x_wconf 42' lang='lat'>1</span> 
     </span>
     <span class='ocr_line' id='line_1_35' title="bbox 185 3309 1649 3382; baseline -0.001 -14"><span class='ocrx_word' id='word_1_412' title='bbox 185 3322 200 3369; x_wconf 82' lang='lat' dir='ltr'><strong>u</strong></span> <span class='ocrx_word' id='word_1_413' title='bbox 218 3315 247 3366; x_wconf 90' lang='lat' dir='ltr'><strong>et</strong></span> <span class='ocrx_word' id='word_1_414' title='bbox 263 3311 369 3366; x_wconf 82' lang='lat' dir='ltr'><strong>iuliano</strong></span> <span class='ocrx_word' id='word_1_415' title='bbox 387 3311 504 3382; x_wconf 88' lang='lat' dir='ltr'><strong>plaoent.</strong></span> <span class='ocrx_word' id='word_1_416' title='bbox 534 3309 628 3366; x_wconf 89' lang='lat' dir='ltr'><strong>Labeo</strong></span> <span class='ocrx_word' id='word_1_417' title='bbox 646 3315 738 3367; x_wconf 90' lang='lat' dir='ltr'><strong>autem</strong></span> <span class='ocrx_word' id='word_1_418' title='bbox 756 3311 936 3382; x_wconf 89' lang='lat' dir='ltr'><strong>posteriorum</strong></span> <span class='ocrx_word' id='word_1_419' title='bbox 954 3310 1028 3367; x_wconf 78' lang='lat' dir='ltr'><strong>libris</strong></span> <span class='ocrx_word' id='word_1_420' title='bbox 1046 3311 1162 3381; x_wconf 88' lang='lat' dir='ltr'><strong>seribsit,</strong></span> <span class='ocrx_word' id='word_1_421' title='bbox 1181 3312 1205 3366; x_wconf 93' lang='lat' dir='ltr'><strong>ei</strong></span> <span class='ocrx_word' id='word_1_422' title='bbox 1222 3311 1419 3365; x_wconf 77' lang='lat' dir='ltr'><strong>renundauerit</strong></span> <span class='ocrx_word' id='word_1_423' title='bbox 1435 3311 1561 3367; x_wconf 79' lang='lat' dir='ltr'><strong>societati</strong></span> <span class='ocrx_word' id='word_1_424' title='bbox 1578 3327 1649 3368; x_wconf 86' lang='lat' dir='ltr'><strong>unua</strong></span> 
     </span>
     <span class='ocr_line' id='line_1_36' title="bbox 217 3398 1696 3472; baseline 0.001 -17"><span class='ocrx_word' id='word_1_425' title='bbox 217 3413 253 3455; x_wconf 85' lang='lat' dir='ltr'><strong>ex</strong></span> <span class='ocrx_word' id='word_1_426' title='bbox 276 3401 357 3456; x_wconf 90' lang='lat' dir='ltr'><strong>sooiis</strong></span> <span class='ocrx_word' id='word_1_427' title='bbox 380 3415 413 3455; x_wconf 89' lang='lat' dir='ltr'><strong>eo</strong></span> <span class='ocrx_word' id='word_1_428' title='bbox 436 3405 573 3470; x_wconf 88' lang='lat' dir='ltr'><strong>temporo,</strong></span> <span class='ocrx_word' id='word_1_429' title='bbox 598 3415 652 3469; x_wconf 88' lang='lat' dir='ltr'><strong>quo</strong></span> <span class='ocrx_word' id='word_1_430' title='bbox 675 3398 799 3456; x_wconf 78' lang='lat' dir='ltr'><strong>interfuit</strong></span> <span class='ocrx_word' id='word_1_431' title='bbox 822 3401 889 3456; x_wconf 91' lang='lat' dir='ltr'><strong>eooii</strong></span> <span class='ocrx_word' id='word_1_432' title='bbox 909 3414 963 3456; x_wconf 91' lang='lat' dir='ltr'><strong>non</strong></span> <span class='ocrx_word' id='word_1_433' title='bbox 981 3399 1071 3456; x_wconf 90' lang='lat' dir='ltr'><strong>dirimi</strong></span> <span class='ocrx_word' id='word_1_434' title='bbox 1089 3401 1263 3470; x_wconf 78' lang='lat' dir='ltr'><strong>societatem,</strong></span> <span class='ocrx_word' id='word_1_435' title='bbox 1287 3399 1456 3456; x_wconf 88' lang='lat' dir='ltr'><strong>oommittere</strong></span> <span class='ocrx_word' id='word_1_436' title='bbox 1473 3416 1535 3456; x_wconf 88' lang='lat' dir='ltr'><strong>enm</strong></span> <span class='ocrx_word' id='word_1_437' title='bbox 1554 3401 1583 3456; x_wconf 90' lang='lat' dir='ltr'><strong>in</strong></span> <span class='ocrx_word' id='word_1_438' title='bbox 1599 3416 1649 3472; x_wconf 91' lang='lat' dir='ltr'><strong>pro</strong></span> <span class='ocrx_word' id='word_1_439' title='bbox 1669 3414 1696 3456; x_wconf 86' lang='lat' dir='ltr'><strong>ss</strong></span> 
     </span>
     <span class='ocr_line' id='line_1_37' title="bbox 218 3489 1648 3560; baseline 0.002 -17"><span class='ocrx_word' id='word_1_440' title='bbox 218 3489 292 3544; x_wconf 86' lang='lat' dir='ltr'><strong>sooio</strong></span> <span class='ocrx_word' id='word_1_441' title='bbox 311 3489 430 3545; x_wconf 78' lang='lat' dir='ltr'><strong>actione:</strong></span> <span class='ocrx_word' id='word_1_442' title='bbox 449 3503 511 3544; x_wconf 91' lang='lat' dir='ltr'><strong>nam</strong></span> <span class='ocrx_word' id='word_1_443' title='bbox 531 3489 554 3544; x_wconf 94' lang='lat' dir='ltr'><strong>si</strong></span> <span class='ocrx_word' id='word_1_444' title='bbox 573 3489 687 3544; x_wconf 90' lang='lat' dir='ltr'><strong>emimus</strong></span> <span class='ocrx_word' id='word_1_445' title='bbox 705 3489 842 3560; x_wconf 77' lang='lat' dir='ltr'><strong>mancipia</strong></span> <span class='ocrx_word' id='word_1_446' title='bbox 858 3489 926 3544; x_wconf 85' lang='lat' dir='ltr'><strong>inita</strong></span> <span class='ocrx_word' id='word_1_447' title='bbox 944 3490 1088 3559; x_wconf 80' lang='lat' dir='ltr'><strong>societate,</strong></span> <span class='ocrx_word' id='word_1_448' title='bbox 1107 3489 1207 3544; x_wconf 92' lang='lat' dir='ltr'><strong>deinde</strong></span> <span class='ocrx_word' id='word_1_449' title='bbox 1225 3490 1364 3545; x_wconf 87' lang='lat' dir='ltr'><strong>renunties</strong></span> <span class='ocrx_word' id='word_1_450' title='bbox 1381 3489 1447 3545; x_wconf 92' lang='lat' dir='ltr'><strong>mihi</strong></span> <span class='ocrx_word' id='word_1_451' title='bbox 1465 3505 1499 3546; x_wconf 90' lang='lat' dir='ltr'><strong>eo</strong></span> <span class='ocrx_word' id='word_1_452' title='bbox 1516 3494 1648 3560; x_wconf 86' lang='lat' dir='ltr'><strong>tempore,</strong></span> 
     </span>
     <span class='ocr_line' id='line_1_38' title="bbox 217 3575 1649 3662; baseline 0.001 -30"><span class='ocrx_word' id='word_1_453' title='bbox 217 3591 272 3647; x_wconf 86' lang='lat' dir='ltr'><strong>quo</strong></span> <span class='ocrx_word' id='word_1_454' title='bbox 290 3575 410 3633; x_wconf 86' lang='lat' dir='ltr'><strong>uendere</strong></span> <span class='ocrx_word' id='word_1_455' title='bbox 428 3578 564 3648; x_wconf 85' lang='lat' dir='ltr'><strong>manoipia</strong></span> <span class='ocrx_word' id='word_1_456' title='bbox 581 3593 635 3633; x_wconf 91' lang='lat' dir='ltr'><strong>non</strong></span> <span class='ocrx_word' id='word_1_457' title='bbox 653 3577 777 3648; x_wconf 85' lang='lat' dir='ltr'><strong>expedit,</strong></span> <span class='ocrx_word' id='word_1_458' title='bbox 795 3575 847 3633; x_wconf 88' lang='lat' dir='ltr'><strong>hoo</strong></span> <span class='ocrx_word' id='word_1_459' title='bbox 865 3593 945 3648; x_wconf 91' lang='lat' dir='ltr'><strong>oasu,</strong></span> <span class='ocrx_word' id='word_1_460' title='bbox 964 3578 1028 3649; x_wconf 88' lang='lat' dir='ltr'><strong>quia</strong></span> <span class='ocrx_word' id='word_1_461' title='bbox 1045 3578 1207 3662; x_wconf 74' lang='lat' dir='ltr'><strong>deteriorem</strong></span> <span class='ocrx_word' id='word_1_462' title='bbox 1225 3594 1336 3634; x_wconf 88' lang='lat' dir='ltr'><strong>oausam</strong></span> <span class='ocrx_word' id='word_1_463' title='bbox 1354 3593 1444 3634; x_wconf 88' lang='lat' dir='ltr'><strong>meam</strong></span> <span class='ocrx_word' id='word_1_464' title='bbox 1462 3577 1544 3650; x_wconf 82' lang='lat' dir='ltr'><strong>fanis,</strong></span> <span class='ocrx_word' id='word_1_465' title='bbox 1561 3580 1649 3635; x_wconf 68' lang='lat' dir='ltr'><strong>maeri</strong></span> 
     </span>
     <span class='ocr_line' id='line_1_39' title="bbox 216 3663 1736 3737; baseline 0.002 -16"><span class='ocrx_word' id='word_1_466' title='bbox 216 3671 245 3721; x_wconf 83' lang='lat' dir='ltr'><strong>to</strong></span> <span class='ocrx_word' id='word_1_467' title='bbox 263 3681 312 3737; x_wconf 91' lang='lat' dir='ltr'><strong>pro</strong></span> <span class='ocrx_word' id='word_1_468' title='bbox 330 3667 405 3723; x_wconf 91' lang='lat' dir='ltr'><strong>sooio</strong></span> <span class='ocrx_word' id='word_1_469' title='bbox 423 3667 531 3722; x_wconf 91' lang='lat' dir='ltr'><strong>iudieio.</strong></span> <span class='ocrx_word' id='word_1_470' title='bbox 557 3667 686 3722; x_wconf 88' lang='lat' dir='ltr'><strong>Prooulus</strong></span> <span class='ocrx_word' id='word_1_471' title='bbox 703 3666 756 3722; x_wconf 90' lang='lat' dir='ltr'><strong>hoo</strong></span> <span class='ocrx_word' id='word_1_472' title='bbox 773 3668 812 3722; x_wconf 89' lang='lat' dir='ltr'><strong>ita</strong></span> <span class='ocrx_word' id='word_1_473' title='bbox 828 3681 923 3724; x_wconf 87' lang='lat' dir='ltr'><strong>uerum</strong></span> <span class='ocrx_word' id='word_1_474' title='bbox 936 3683 997 3724; x_wconf 89' lang='lat' dir='ltr'><strong>esse</strong></span> <span class='ocrx_word' id='word_1_475' title='bbox 1010 3675 1055 3733; x_wconf 82' lang='lat' dir='ltr'><strong>ar&#39;t,</strong></span> <span class='ocrx_word' id='word_1_476' title='bbox 1072 3677 1097 3723; x_wconf 78' lang='lat' dir='ltr'><strong>ar·</strong></span> <span class='ocrx_word' id='word_1_477' title='bbox 1109 3667 1248 3724; x_wconf 77' lang='lat' dir='ltr'><strong>societatis</strong></span> <span class='ocrx_word' id='word_1_478' title='bbox 1261 3683 1315 3724; x_wconf 90' lang='lat' dir='ltr'><strong>non</strong></span> <span class='ocrx_word' id='word_1_479' title='bbox 1327 3669 1450 3724; x_wconf 77' lang='lat' dir='ltr'><strong>intorsit⁸</strong></span> <span class='ocrx_word' id='word_1_480' title='bbox 1462 3667 1551 3723; x_wconf 88' lang='lat' dir='ltr'><strong>dirimi</strong></span> <span class='ocrx_word' id='word_1_481' title='bbox 1563 3669 1649 3724; x_wconf 81' lang='lat' dir='ltr'><strong>eoois·</strong></span> <span class='ocrx_word' id='word_1_482' title='bbox 1727 3663 1736 3672; x_wconf 75' lang='grc'><strong>’“</strong></span> 
     </span>
    </p>
   </div>
   <div class='ocr_carea' id='block_1_3' title="bbox 217 3771 381 3844">
    <p class='ocr_par' dir='ltr' id='par_1_7' title="bbox 217 3771 381 3844">
     <span class='ocr_line' id='line_1_40' title="bbox 217 3771 381 3844; baseline 0.012 -2"><span class='ocrx_word' id='word_1_483' title='bbox 217 3771 381 3844; x_wconf 75' lang='lat' dir='ltr'><strong>F[P(vu)]</strong></span> 
     </span>
    </p>
   </div>
   <div class='ocr_carea' id='block_1_4' title="bbox 216 3933 1654 5076">
    <p class='ocr_par' dir='ltr' id='par_1_8' title="bbox 218 3933 1490 4006">
     <span class='ocr_line' id='line_1_41' title="bbox 218 3933 1490 4006; baseline 0.003 -20"><span class='ocrx_word' id='word_1_484' title='bbox 218 3935 310 3987; x_wconf 79' lang='lat' dir='ltr'><strong>1orum</strong></span> <span class='ocrx_word' id='word_1_485' title='bbox 327 3933 374 3987; x_wconf 77' lang='lat' dir='ltr'><strong>dei.</strong></span> <span class='ocrx_word' id='word_1_486' title='bbox 445 3933 509 3988; x_wconf 71' lang='lat' dir='ltr'><strong>²ex</strong></span> <span class='ocrx_word' id='word_1_487' title='bbox 527 3933 581 3990; x_wconf 87' lang='lat' dir='ltr'><strong>alia</strong></span> <span class='ocrx_word' id='word_1_488' title='bbox 598 3949 682 3988; x_wconf 87' lang='lat' dir='ltr'><strong>eausa</strong></span> <span class='ocrx_word' id='word_1_489' title='bbox 699 3937 740 3988; x_wconf 81' lang='lat' dir='ltr'><strong>aei</strong></span> <span class='ocrx_word' id='word_1_490' title='bbox 755 3937 836 3988; x_wconf 71' lang='lat' dir='ltr'><strong>aimuh</strong></span> <span class='ocrx_word' id='word_1_491' title='bbox 855 3936 918 4006; x_wconf 74' lang='lat' dir='ltr'><strong>quid</strong></span> <span class='ocrx_word' id='word_1_492' title='bbox 934 3936 993 3989; x_wconf 79' lang='lat' dir='ltr'><strong>add.</strong></span> <span class='ocrx_word' id='word_1_493' title='bbox 1012 3934 1048 4006; x_wconf 86' lang='lat' dir='ltr'><strong>(a.</strong></span> <span class='ocrx_word' id='word_1_494' title='bbox 1062 3933 1091 4004; x_wconf 88' lang='grc' dir='ltr'>ι’.)</span> <span class='ocrx_word' id='word_1_495' title='bbox 1162 3933 1298 3990; x_wconf 79' lang='lat' dir='ltr'><strong>⁸intareit</strong></span> <span class='ocrx_word' id='word_1_496' title='bbox 1315 3949 1370 3990; x_wconf 89' lang='lat' dir='ltr'><strong>non</strong></span> <span class='ocrx_word' id='word_1_497' title='bbox 1388 3933 1490 4003; x_wconf 59' lang='lat' dir='ltr'><strong>(Helii</strong></span> 
     </span>
    </p>

    <p class='ocr_par' dir='ltr' id='par_1_9' title="bbox 216 4071 1654 5076">
     <span class='ocr_line' id='line_1_42' title="bbox 217 4071 1648 4164; baseline 0.002 -36"><span class='ocrx_word' id='word_1_498' title='bbox 217 4075 233 4128; x_wconf 93' lang='lat'>1</span> <span class='ocrx_word' id='word_1_499' title='bbox 253 4071 368 4143; x_wconf 75' lang='lat' dir='ltr'><strong>eontigit</strong></span> <span class='ocrx_word' id='word_1_500' title='bbox 380 4073 461 4128; x_wconf 85' lang='lat' dir='ltr'><strong>PVU</strong></span> <span class='ocrx_word' id='word_1_501' title='bbox 501 4074 519 4128; x_wconf 83' lang='lat'>4</span> <span class='ocrx_word' id='word_1_502' title='bbox 537 4077 643 4128; x_wconf 79' lang='lat' dir='ltr'><strong>sextum</strong></span> <span class='ocrx_word' id='word_1_503' title='bbox 655 4076 831 4146; x_wconf 83' lang='lat' dir='ltr'><strong>pomponium</strong></span> <span class='ocrx_word' id='word_1_504' title='bbox 843 4075 903 4164; x_wconf 58' lang='lat' dir='ltr'><strong>sep]</strong></span> <span class='ocrx_word' id='word_1_505' title='bbox 960 4077 983 4130; x_wconf 83' lang='lat' dir='ltr'><strong>ei</strong></span> <span class='ocrx_word' id='word_1_506' title='bbox 1000 4075 1030 4129; x_wconf 71' lang='lat' dir='ltr'><strong>ht</strong></span> <span class='ocrx_word' id='word_1_507' title='bbox 1049 4075 1113 4130; x_wconf 68' lang='lat' dir='ltr'><strong>ueri</strong></span> <span class='ocrx_word' id='word_1_508' title='bbox 1131 4074 1179 4130; x_wconf 74' lang='lat' dir='ltr'><strong>urin</strong></span> <span class='ocrx_word' id='word_1_509' title='bbox 1203 4075 1373 4148; x_wconf 66' lang='lat' dir='ltr'><strong>tnastpercn</strong></span> <span class='ocrx_word' id='word_1_510' title='bbox 1396 4075 1434 4130; x_wconf 83' lang='lat' dir='ltr'><strong>aio</strong></span> <span class='ocrx_word' id='word_1_511' title='bbox 1451 4073 1531 4138; x_wconf 52' lang='lat' dir='ltr'><strong>airon</strong></span> <span class='ocrx_word' id='word_1_512' title='bbox 1550 4075 1612 4148; x_wconf 68' lang='grc' dir='ltr'><strong>ἔλθῃ</strong></span> <span class='ocrx_word' id='word_1_513' title='bbox 1633 4077 1648 4131; x_wconf 80' lang='lat' dir='ltr'><strong>ri</strong></span> 
     </span>
     <span class='ocr_line' id='line_1_43' title="bbox 216 4145 1649 4234; baseline 0.001 -34"><span class='ocrx_word' id='word_1_514' title='bbox 216 4149 368 4218; x_wconf 78' lang='lat' dir='ltr'><strong>confirmant</strong></span> <span class='ocrx_word' id='word_1_515' title='bbox 385 4145 434 4198; x_wconf 86' lang='lat' dir='ltr'><strong>BS</strong></span> <span class='ocrx_word' id='word_1_516' title='bbox 451 4146 527 4212; x_wconf 79' lang='lat' dir='ltr'><strong>(nh.):</strong></span> <span class='ocrx_word' id='word_1_517' title='bbox 546 4145 585 4198; x_wconf 74' lang='lat' dir='ltr'><strong>uui</strong></span> <span class='ocrx_word' id='word_1_518' title='bbox 603 4157 681 4209; x_wconf 77' lang='lat' dir='ltr'><strong>onera</strong></span> <span class='ocrx_word' id='word_1_519' title='bbox 701 4146 847 4212; x_wconf 66' lang='lat' dir='ltr'><strong>&#39;iorhraudo</strong></span> <span class='ocrx_word' id='word_1_520' title='bbox 867 4167 904 4202; x_wconf 83' lang='grc' dir='ltr'><strong>οτι</strong></span> <span class='ocrx_word' id='word_1_521' title='bbox 959 4148 1123 4217; x_wconf 79' lang='lat' dir='ltr'><strong>uhupouour&#39;a,</strong></span> <span class='ocrx_word' id='word_1_522' title='bbox 1144 4146 1176 4210; x_wconf 82' lang='grc' dir='ltr'><strong>οῩ</strong></span> <span class='ocrx_word' id='word_1_523' title='bbox 1195 4148 1374 4203; x_wconf 72' lang='lat' dir='ltr'><strong>aornouoreirar</strong></span> <span class='ocrx_word' id='word_1_524' title='bbox 1395 4147 1421 4201; x_wconf 88' lang='lat' dir='ltr'><strong><em>B</em></strong></span> <span class='ocrx_word' id='word_1_525' title='bbox 1439 4147 1558 4234; x_wconf 63' lang='lat' dir='ltr'><strong>(Aaou.)z</strong></span> <span class='ocrx_word' id='word_1_526' title='bbox 1578 4149 1601 4202; x_wconf 78' lang='grc' dir='ltr'><strong>εἰ</strong></span> <span class='ocrx_word' id='word_1_527' title='bbox 1619 4149 1649 4202; x_wconf 81' lang='lat' dir='ltr'><strong>h&#39;s</strong></span> 
     </span>
     <span class='ocr_line' id='line_1_44' title="bbox 218 4216 1648 4290; baseline 0.003 -20"><span class='ocrx_word' id='word_1_528' title='bbox 218 4217 256 4270; x_wconf 78' lang='lat' dir='ltr'><strong>usi</strong></span> <span class='ocrx_word' id='word_1_529' title='bbox 281 4216 377 4270; x_wconf 76' lang='grc' dir='ltr'>ΣὲΞτοο</span> <span class='ocrx_word' id='word_1_530' title='bbox 401 4216 439 4269; x_wconf 83' lang='lat' dir='ltr'><strong>ua&#39;r</strong></span> <span class='ocrx_word' id='word_1_531' title='bbox 462 4216 624 4272; x_wconf 74' lang='lat' dir='ltr'><strong>Uounmnroc</strong></span> <span class='ocrx_word' id='word_1_532' title='bbox 645 4218 768 4290; x_wconf 70' lang='lat' dir='ltr'><strong>iuaoiper</strong></span> <span class='ocrx_word' id='word_1_533' title='bbox 792 4220 905 4284; x_wconf 66' lang='lat' dir='ltr'><strong>{asinos</strong></span> <span class='ocrx_word' id='word_1_534' title='bbox 959 4219 1023 4273; x_wconf 71' lang='lat' dir='ltr'><strong>ueri</strong></span> <span class='ocrx_word' id='word_1_535' title='bbox 1041 4218 1089 4272; x_wconf 78' lang='lat' dir='ltr'><strong>rain</strong></span> <span class='ocrx_word' id='word_1_536' title='bbox 1109 4217 1277 4290; x_wconf 69' lang='lat' dir='ltr'><strong>inasopercru</strong></span> <span class='ocrx_word' id='word_1_537' title='bbox 1296 4219 1465 4290; x_wconf 67' lang='lat' dir='ltr'><strong>apocrinurui</strong></span> <span class='ocrx_word' id='word_1_538' title='bbox 1484 4239 1505 4272; x_wconf 84' lang='lat' dir='ltr'><strong>rr</strong></span> <span class='ocrx_word' id='word_1_539' title='bbox 1525 4239 1564 4287; x_wconf 86' lang='grc' dir='ltr'><strong>τῳ</strong></span> <span class='ocrx_word' id='word_1_540' title='bbox 1583 4219 1648 4274; x_wconf 66' lang='lat' dir='ltr'><strong>riua-</strong></span> 
     </span>
     <span class='ocr_line' id='line_1_45' title="bbox 217 4288 1649 4362; baseline 0.002 -19"><span class='ocrx_word' id='word_1_541' title='bbox 217 4288 326 4353; x_wconf 70' lang='lat' dir='ltr'><strong>tirours</strong></span> <span class='ocrx_word' id='word_1_542' title='bbox 371 4289 457 4342; x_wconf 71' lang='lat' dir='ltr'><strong>tineo</strong></span> <span class='ocrx_word' id='word_1_543' title='bbox 475 4291 786 4359; x_wconf 82' lang='lat' dir='ltr'><strong>oportet...ipartem</strong></span> <span class='ocrx_word' id='word_1_544' title='bbox 800 4291 904 4355; x_wconf 83' lang='lat' dir='ltr'><strong>orn.P‘¹,</strong></span> <span class='ocrx_word' id='word_1_545' title='bbox 960 4291 1106 4362; x_wconf 70' lang='lat' dir='ltr'><strong>popeicuurr</strong></span> <span class='ocrx_word' id='word_1_546' title='bbox 1126 4292 1219 4361; x_wconf 72' lang='lat' dir='ltr'><strong>sephor</strong></span> <span class='ocrx_word' id='word_1_547' title='bbox 1237 4291 1264 4344; x_wconf 82' lang='grc' dir='ltr'><strong>ἒΞ</strong></span> <span class='ocrx_word' id='word_1_548' title='bbox 1287 4291 1379 4362; x_wconf 75' lang='lat' dir='ltr'><strong>&#39;ertpao</strong></span> <span class='ocrx_word' id='word_1_549' title='bbox 1401 4290 1475 4346; x_wconf 81' lang='lat' dir='ltr'><strong>rrs&#39;oc</strong></span> <span class='ocrx_word' id='word_1_550' title='bbox 1499 4289 1591 4356; x_wconf 74' lang='lat' dir='ltr'><strong>siriae,</strong></span> <span class='ocrx_word' id='word_1_551' title='bbox 1616 4290 1649 4354; x_wconf 83' lang='grc' dir='ltr'><strong>οῩ</strong></span> 
     </span>
     <span class='ocr_line' id='line_1_46' title="bbox 216 4358 1649 4500; baseline 0.005 -88"><span class='ocrx_word' id='word_1_552' title='bbox 216 4358 394 4498; x_wconf 34' lang='lat' dir='ltr'><strong>afflugit&amp;</strong></span> <span class='ocrx_word' id='word_1_553' title='bbox 400 4359 609 4485; x_wconf 34' lang='lat' dir='ltr'><strong>&amp;mugitum</strong></span> <span class='ocrx_word' id='word_1_554' title='bbox 618 4362 787 4487; x_wconf 51' lang='lat' dir='ltr'><strong>{pgietlplrirgess‘</strong></span> <span class='ocrx_word' id='word_1_555' title='bbox 836 4363 853 4417; x_wconf 89' lang='lat'><em>8</em></span> <span class='ocrx_word' id='word_1_556' title='bbox 860 4377 905 4486; x_wconf 59' lang='lat'><strong>,2¹</strong></span> <span class='ocrx_word' id='word_1_557' title='bbox 958 4362 1057 4500; x_wconf 47' lang='grc' dir='ltr'><strong>ἴελθὲξει</strong></span> <span class='ocrx_word' id='word_1_558' title='bbox 1070 4363 1166 4425; x_wconf 61' lang='lat' dir='ltr'><strong>tortor</strong></span> <span class='ocrx_word' id='word_1_559' title='bbox 1180 4361 1432 4489; x_wconf 47' lang='lat' dir='ltr'><strong>oriunfflbperoru</strong></span> <span class='ocrx_word' id='word_1_560' title='bbox 1446 4363 1590 4456; x_wconf 64' lang='lat' dir='ltr'><strong>haiiuauoc</strong></span> <span class='ocrx_word' id='word_1_561' title='bbox 1599 4363 1649 4489; x_wconf 56' lang='lat' dir='ltr'><strong>{S</strong></span> 
     </span>
     <span class='ocr_line' id='line_1_47' title="bbox 217 4433 1649 4578; baseline 0.003 -22"><span class='ocrx_word' id='word_1_562' title='bbox 217 4517 279 4556; x_wconf 90' lang='lat' dir='ltr'><strong>eum</strong></span> <span class='ocrx_word' id='word_1_563' title='bbox 298 4501 355 4571; x_wconf 88' lang='lat' dir='ltr'><strong>aut]</strong></span> <span class='ocrx_word' id='word_1_564' title='bbox 374 4517 435 4556; x_wconf 89' lang='lat' dir='ltr'><strong>oum</strong></span> <span class='ocrx_word' id='word_1_565' title='bbox 454 4503 493 4556; x_wconf 86' lang='lat' dir='ltr'><strong>ait</strong></span> <span class='ocrx_word' id='word_1_566' title='bbox 512 4502 551 4556; x_wconf 82' lang='lat' dir='ltr'><strong>P·</strong></span> <span class='ocrx_word' id='word_1_567' title='bbox 595 4504 629 4558; x_wconf 81' lang='lat'><strong>12</strong></span> <span class='ocrx_word' id='word_1_568' title='bbox 646 4433 904 4574; x_wconf 51' lang='lat' dir='ltr'><strong>ogqueoiueolmnam!</strong></span> <span class='ocrx_word' id='word_1_569' title='bbox 958 4438 1284 4575; x_wconf 48' lang='lat' dir='ltr'><strong>essuer&#39;ffr&#39;ssnffufflm</strong></span> <span class='ocrx_word' id='word_1_570' title='bbox 1300 4438 1649 4578; x_wconf 45' lang='grc' dir='ltr'><strong>ρνῖὸίςοβὲεῗὲνὲἵιῖἱεξυζη</strong></span> 
     </span>
     <span class='ocr_line' id='line_1_48' title="bbox 217 4573 1649 4648; baseline 0.005 -22"><span class='ocrx_word' id='word_1_571' title='bbox 217 4587 271 4642; x_wconf 86' lang='lat' dir='ltr'><strong>que</strong></span> <span class='ocrx_word' id='word_1_572' title='bbox 284 4573 343 4626; x_wconf 87' lang='lat' dir='ltr'><strong>eius</strong></span> <span class='ocrx_word' id='word_1_573' title='bbox 353 4573 393 4627; x_wconf 90' lang='grc' dir='ltr'><strong>Ρ·</strong></span> <span class='ocrx_word' id='word_1_574' title='bbox 429 4573 911 4646; x_wconf 71' lang='lat' dir='ltr'><strong>14t6drorrtiaunturproeoedarrti1¹⁸</strong></span> <span class='ocrx_word' id='word_1_575' title='bbox 958 4575 1374 4648; x_wconf 79' lang='lat' dir='ltr'><strong>uidetaridqaodposur&#39;ttertius</strong></span> <span class='ocrx_word' id='word_1_576' title='bbox 1387 4584 1510 4648; x_wconf 75' lang='lat' dir='ltr'><strong>iraterprer</strong></span> <span class='ocrx_word' id='word_1_577' title='bbox 1545 4579 1649 4634; x_wconf 85' lang='lat' dir='ltr'><strong>30non</strong></span> 
     </span>
     <span class='ocr_line' id='line_1_49' title="bbox 219 4643 1654 4716; baseline 0.004 -18"><span class='ocrx_word' id='word_1_578' title='bbox 219 4645 252 4698; x_wconf 85' lang='grc'><strong>19</strong></span> <span class='ocrx_word' id='word_1_579' title='bbox 270 4643 366 4699; x_wconf 87' lang='lat' dir='ltr'><strong>iuditio</strong></span> <span class='ocrx_word' id='word_1_580' title='bbox 385 4645 424 4698; x_wconf 79' lang='lat' dir='ltr'><strong>P⁶</strong></span> <span class='ocrx_word' id='word_1_581' title='bbox 440 4645 444 4711; x_wconf 93' lang='grc' dir='ltr'>Ι</span> <span class='ocrx_word' id='word_1_582' title='bbox 461 4645 595 4700; x_wconf 72' lang='lat' dir='ltr'><strong>societas</strong></span> <span class='ocrx_word' id='word_1_583' title='bbox 613 4648 651 4700; x_wconf 76' lang='lat' dir='ltr'><strong>F’</strong></span> <span class='ocrx_word' id='word_1_584' title='bbox 705 4647 815 4702; x_wconf 74' lang='lat' dir='ltr'><strong>sosine</strong></span> <span class='ocrx_word' id='word_1_585' title='bbox 833 4651 905 4702; x_wconf 88' lang='lat' dir='ltr'><strong>tuto·</strong></span> <span class='ocrx_word' id='word_1_586' title='bbox 958 4646 1116 4701; x_wconf 73' lang='lat' dir='ltr'><strong>etitemP‘</strong></span> <span class='ocrx_word' id='word_1_587' title='bbox 1151 4647 1186 4701; x_wconf 84' lang='lat'><strong>33</strong></span> <span class='ocrx_word' id='word_1_588' title='bbox 1195 4648 1260 4716; x_wconf 85' lang='lat' dir='ltr'><strong>quia</strong></span> <span class='ocrx_word' id='word_1_589' title='bbox 1268 4666 1317 4702; x_wconf 89' lang='lat' dir='ltr'><strong>om.</strong></span> <span class='ocrx_word' id='word_1_590' title='bbox 1327 4648 1367 4702; x_wconf 82' lang='lat' dir='ltr'><strong>P⁰</strong></span> <span class='ocrx_word' id='word_1_591' title='bbox 1401 4647 1654 4705; x_wconf 73' lang='lat' dir='ltr'><strong>ddiibrisoribsitF</strong></span> 
     </span>
     <span class='ocr_line' id='line_1_50' title="bbox 216 4715 1648 4794; baseline 0.005 -25"><span class='ocrx_word' id='word_1_592' title='bbox 216 4731 275 4769; x_wconf 87' lang='lat' dir='ltr'><strong>rum</strong></span> <span class='ocrx_word' id='word_1_593' title='bbox 289 4716 329 4769; x_wconf 72' lang='lat' dir='ltr'><strong>P⁶</strong></span> <span class='ocrx_word' id='word_1_594' title='bbox 377 4717 410 4771; x_wconf 78' lang='lat'><strong>21</strong></span> <span class='ocrx_word' id='word_1_595' title='bbox 424 4717 599 4771; x_wconf 76' lang='lat' dir='ltr'><strong>sotietatem</strong></span> <span class='ocrx_word' id='word_1_596' title='bbox 613 4716 657 4783; x_wconf 65' lang='grc' dir='ltr'><strong>Ρ,</strong></span> <span class='ocrx_word' id='word_1_597' title='bbox 674 4719 833 4774; x_wconf 84' lang='lat' dir='ltr'><strong>saoietatem</strong></span> <span class='ocrx_word' id='word_1_598' title='bbox 846 4719 904 4780; x_wconf 77' lang='lat' dir='ltr'><strong>P⁶i</strong></span> <span class='ocrx_word' id='word_1_599' title='bbox 958 4719 993 4773; x_wconf 83' lang='lat'><strong>36</strong></span> <span class='ocrx_word' id='word_1_600' title='bbox 1011 4718 1145 4774; x_wconf 81' lang='lat' dir='ltr'><strong>sotionem</strong></span> <span class='ocrx_word' id='word_1_601' title='bbox 1156 4719 1238 4794; x_wconf 85' lang='lat' dir='ltr'><em>fPU·</em></span> <span class='ocrx_word' id='word_1_602' title='bbox 1253 4721 1257 4784; x_wconf 94' lang='grc' dir='ltr'>Ι</span> <span class='ocrx_word' id='word_1_603' title='bbox 1273 4715 1420 4790; x_wconf 86' lang='lat' dir='ltr'><strong>renunties]</strong></span> <span class='ocrx_word' id='word_1_604' title='bbox 1438 4720 1531 4786; x_wconf 67' lang='lat' dir='ltr'><strong>FPU,</strong></span> <span class='ocrx_word' id='word_1_605' title='bbox 1550 4735 1648 4776; x_wconf 77' lang='lat' dir='ltr'><strong>munn-</strong></span> 
     </span>
     <span class='ocr_line' id='line_1_51' title="bbox 217 4785 1647 4866; baseline 0.005 -26"><span class='ocrx_word' id='word_1_606' title='bbox 217 4785 441 4841; x_wconf 85' lang='lat' dir='ltr'><strong>aonduendsmue</strong></span> <span class='ocrx_word' id='word_1_607' title='bbox 454 4787 492 4841; x_wconf 90' lang='lat' dir='ltr'><strong>P·</strong></span> <span class='ocrx_word' id='word_1_608' title='bbox 533 4787 628 4858; x_wconf 74' lang='lat' dir='ltr'><strong>aaut]</strong></span> <span class='ocrx_word' id='word_1_609' title='bbox 642 4791 719 4843; x_wconf 80' lang='lat' dir='ltr'><strong>atF⁰</strong></span> <span class='ocrx_word' id='word_1_610' title='bbox 761 4791 903 4846; x_wconf 82' lang='lat' dir='ltr'><strong>26reuuu·</strong></span> <span class='ocrx_word' id='word_1_611' title='bbox 958 4790 1012 4844; x_wconf 89' lang='lat' dir='ltr'><strong>tias</strong></span> <span class='ocrx_word' id='word_1_612' title='bbox 1031 4790 1069 4843; x_wconf 68' lang='grc' dir='ltr'><strong><em>Ρ</em></strong></span> <span class='ocrx_word' id='word_1_613' title='bbox 1121 4790 1156 4845; x_wconf 82' lang='grc'><strong>38</strong></span> <span class='ocrx_word' id='word_1_614' title='bbox 1179 4790 1219 4845; x_wconf 86' lang='lat' dir='ltr'><strong>ait</strong></span> <span class='ocrx_word' id='word_1_615' title='bbox 1236 4790 1269 4861; x_wconf 86' lang='lat' dir='ltr'><strong>si]</strong></span> <span class='ocrx_word' id='word_1_616' title='bbox 1279 4793 1310 4866; x_wconf 87' lang='lat' dir='ltr'><strong>s,</strong></span> <span class='ocrx_word' id='word_1_617' title='bbox 1334 4791 1357 4846; x_wconf 91' lang='lat' dir='ltr'><strong>ei</strong></span> <span class='ocrx_word' id='word_1_618' title='bbox 1376 4791 1438 4857; x_wconf 87' lang='lat' dir='ltr'><strong>PU,</strong></span> <span class='ocrx_word' id='word_1_619' title='bbox 1462 4793 1557 4847; x_wconf 82' lang='lat' dir='ltr'><strong>om.F:</strong></span> <span class='ocrx_word' id='word_1_620' title='bbox 1582 4791 1647 4847; x_wconf 74' lang='lat' dir='ltr'><strong>dui</strong></span> 
     </span>
     <span class='ocr_line' id='line_1_52' title="bbox 216 4857 1579 4932; baseline 0.005 -20"><span class='ocrx_word' id='word_1_621' title='bbox 216 4857 285 4912; x_wconf 83' lang='lat' dir='ltr'><strong>tiato</strong></span> <span class='ocrx_word' id='word_1_622' title='bbox 294 4857 335 4910; x_wconf 78' lang='grc' dir='ltr'><strong>Ρ·</strong></span> <span class='ocrx_word' id='word_1_623' title='bbox 370 4857 598 4928; x_wconf 75' lang='lat' dir='ltr'><strong>27hoo]haeoP‘</strong></span> <span class='ocrx_word' id='word_1_624' title='bbox 632 4860 909 4932; x_wconf 75' lang='lat' dir='ltr'><strong>28quidem1quidP</strong></span> <span class='ocrx_word' id='word_1_625' title='bbox 959 4859 1081 4932; x_wconf 64' lang='grc' dir='ltr'><strong>Πρόκλος</strong></span> <span class='ocrx_word' id='word_1_626' title='bbox 1108 4861 1186 4924; x_wconf 72' lang='lat' dir='ltr'><strong>osuin</strong></span> <span class='ocrx_word' id='word_1_627' title='bbox 1209 4861 1271 4916; x_wconf 77' lang='lat' dir='ltr'><strong>rore</strong></span> <span class='ocrx_word' id='word_1_628' title='bbox 1294 4862 1374 4925; x_wconf 76' lang='grc' dir='ltr'>τοῨτο</span> <span class='ocrx_word' id='word_1_629' title='bbox 1397 4861 1493 4918; x_wconf 66' lang='lat' dir='ltr'><strong>baete</strong></span> <span class='ocrx_word' id='word_1_630' title='bbox 1516 4863 1579 4918; x_wconf 78' lang='lat' dir='ltr'><strong>einer</strong></span> 
     </span>
     <span class='ocr_line' id='line_1_53' title="bbox 218 4927 1646 5001; baseline 0.005 -17"><span class='ocrx_word' id='word_1_631' title='bbox 218 4929 253 4984; x_wconf 73' lang='lat'><strong>29</strong></span> <span class='ocrx_word' id='word_1_632' title='bbox 271 4927 345 4998; x_wconf 87' lang='lat' dir='ltr'><strong>quod</strong></span> <span class='ocrx_word' id='word_1_633' title='bbox 363 4929 386 4984; x_wconf 88' lang='lat' dir='ltr'><strong>si</strong></span> <span class='ocrx_word' id='word_1_634' title='bbox 404 4929 469 4999; x_wconf 87' lang='lat' dir='ltr'><strong>quid</strong></span> <span class='ocrx_word' id='word_1_635' title='bbox 487 4930 549 5001; x_wconf 77' lang='lat' dir='ltr'><strong>sep]</strong></span> <span class='ocrx_word' id='word_1_636' title='bbox 572 4949 623 4985; x_wconf 82' lang='lat' dir='ltr'><strong>uon</strong></span> <span class='ocrx_word' id='word_1_637' title='bbox 646 4935 720 4986; x_wconf 80' lang='lat' dir='ltr'><strong>nitier</strong></span> <span class='ocrx_word' id='word_1_638' title='bbox 740 4931 851 4987; x_wconf 78' lang='lat' dir='ltr'><strong>Graeci:</strong></span> <span class='ocrx_word' id='word_1_639' title='bbox 872 4931 905 4986; x_wconf 65' lang='lat' dir='ltr'><strong>ri</strong></span> <span class='ocrx_word' id='word_1_640' title='bbox 959 4932 1033 4986; x_wconf 73' lang='lat' dir='ltr'><strong>iuius</strong></span> <span class='ocrx_word' id='word_1_641' title='bbox 1050 4930 1079 4986; x_wconf 77' lang='grc' dir='ltr'><strong>ὲκ</strong></span> <span class='ocrx_word' id='word_1_642' title='bbox 1096 4933 1145 4986; x_wconf 80' lang='lat' dir='ltr'><strong>rric</strong></span> <span class='ocrx_word' id='word_1_643' title='bbox 1161 4931 1360 4999; x_wconf 61' lang='lat' dir='ltr'><strong>iueropeiceuoc</strong></span> <span class='ocrx_word' id='word_1_644' title='bbox 1373 4932 1387 4988; x_wconf 72' lang='grc' dir='ltr'><strong><em>ἡ</em></strong></span> <span class='ocrx_word' id='word_1_645' title='bbox 1401 4935 1524 4990; x_wconf 74' lang='lat' dir='ltr'><strong>aerumnis</strong></span> <span class='ocrx_word' id='word_1_646' title='bbox 1537 4935 1646 4991; x_wconf 68' lang='lat' dir='ltr'><strong>utime-</strong></span> 
     </span>
     <span class='ocr_line' id='line_1_54' title="bbox 218 4999 1147 5076; baseline 0.005 -23"><span class='ocrx_word' id='word_1_647' title='bbox 218 4999 283 5056; x_wconf 65' lang='grc' dir='ltr'><strong>μετὰ</strong></span> <span class='ocrx_word' id='word_1_648' title='bbox 301 4999 381 5063; x_wconf 61' lang='lat' dir='ltr'><strong>seira</strong></span> <span class='ocrx_word' id='word_1_649' title='bbox 393 5001 520 5057; x_wconf 74' lang='lat' dir='ltr'><strong>aretinae</strong></span> <span class='ocrx_word' id='word_1_650' title='bbox 532 4999 565 5064; x_wconf 79' lang='grc' dir='ltr'><strong>οῨ</strong></span> <span class='ocrx_word' id='word_1_651' title='bbox 577 5003 737 5075; x_wconf 70' lang='lat' dir='ltr'><strong>cruerooipar</strong></span> <span class='ocrx_word' id='word_1_652' title='bbox 751 5004 799 5059; x_wconf 85' lang='lat' dir='ltr'><strong>RS</strong></span> <span class='ocrx_word' id='word_1_653' title='bbox 812 5004 905 5076; x_wconf 69' lang='lat' dir='ltr'><strong>(Gya),</strong></span> <span class='ocrx_word' id='word_1_654' title='bbox 958 5023 998 5058; x_wconf 79' lang='lat' dir='ltr'><strong>rur</strong></span> <span class='ocrx_word' id='word_1_655' title='bbox 1018 5004 1066 5060; x_wconf 79' lang='lat' dir='ltr'><strong>Rs</strong></span> <span class='ocrx_word' id='word_1_656' title='bbox 1083 5005 1147 5074; x_wconf 76' lang='lat' dir='ltr'><strong>(ut.)</strong></span> 
     </span>
    </p>
   </div>
   <div class='ocr_carea' id='block_1_5' title="bbox 0 0 1860 5370">
    <p class='ocr_par' dir='ltr' id='par_1_10' title="bbox 0 0 1860 5370">
     <span class='ocr_line' id='line_1_55' title="bbox 0 0 1860 5370; baseline 0 0"><span class='ocrx_word' id='word_1_657' title='bbox 0 0 1860 5370; x_wconf 95' lang='lat' dir='ltr'><strong> </strong></span> 
     </span>
    </p>
   </div>
  </div>
 </body>
</html>
