3684 5356
220 176 310 244 XXII
330 180 350 245 6
371 119 449 240 lsss
892 172 981 254 654
1492 197 1539 244 nn
1560 195 1655 244 susus

220 343 343 407 tempus:
362 335 412 392 sed
430 336 453 391 si
471 337 542 408 aciat
558 335 668 406 quidem
687 333 845 392 defunctum
864 349 926 390 esso
944 339 1100 405 cognatum,
1118 335 1225 390 nmoiat
1242 339 1335 392 antem
1352 335 1534 405 proximitatis
1545 334 1656 390 nomine

220 425 353 481 bonorum
365 425 566 496 possessionem
578 423 631 480 sibi
643 423 750 494 deferri,
763 428 811 479 out
823 439 853 479 ee
865 424 935 478 solet
947 424 1076 494 scriptum
1090 423 1227 494 heredem,
1239 423 1346 480 nesciat
1356 429 1449 480 eutem
1461 424 1534 494 quod
1546 424 1656 493 scriptis

220 513 367 569 heredibus
385 513 518 569 bonorum
532 513 734 585 possessionem
746 518 856 584 praetor
866 513 1009 583 promittit,
1028 511 1102 568 cedit
1112 512 1139 567 ei
1150 517 1268 584 tempus,
1287 514 1352 583 quia
1363 514 1392 568 in
1403 515 1461 568 iure
1474 518 1554 569 erret
1580 512 1655 567 idem

188 611 203 656 t
222 607 273 673 eet,
291 603 315 658 ei
332 601 415 658 freter
433 603 652 672 consenguineus
670 600 792 657 defuncti
811 600 906 657 credat
922 605 1038 656 matrem
1056 602 1190 672 potiorem
1208 617 1279 658 esse.
1307 601 1336 658 Si
1353 603 1416 672 quis
1428 603 1534 658 nesciet
1551 597 1656 686 Q

222 706 252 747 se
270 697 417 760 cognatum
436 706 506 762 esse,
524 691 660 746 interdum
678 692 707 747 in
725 692 792 761 iure,
810 689 946 758 interdum
964 691 992 746 in
1011 688 1084 746 fecto
1102 695 1184 746 erret.
1212 707 1275 746 nam
1294 692 1317 746 si
1336 697 1365 746 et
1381 690 1495 746 liberum
1511 705 1541 746 se
1553 706 1615 746 esse
1627 695 1656 745 et
1675 696 1691 738 ⁵

163 837 165 846 ,
222 795 257 836 ex
274 779 373 850 quibus
391 783 472 836 netes
490 781 527 836 sit
544 780 622 851 sciat,
641 780 701 835 iure
718 784 810 836 sutem
829 779 1000 850 cognationis
1014 778 1158 835 hebereos
1169 781 1283 851 nesciat,
1301 781 1330 835 in
1341 781 1400 836 iure
1412 786 1498 836 erret:
1517 784 1546 836 et
1558 780 1656 850 siquis

221 867 302 937 (forte
320 869 472 939 expositus)
490 884 606 939 quomm
624 869 777 940 parentium
797 875 872 924 esset
889 869 1009 938 ignoret,
1032 865 1149 924 fortasse
1167 875 1197 924 et
1213 869 1317 925 nomint
1333 871 1414 925 alicui
1432 875 1533 940 putans
1550 885 1581 925 se
1599 883 1655 923 ser·

188 969 203 1013 s
222 975 287 1014 uum
305 974 375 1028 esse,
394 958 422 1013 in
440 956 514 1014 facto
532 959 620 1028 mngis
639 973 720 1028 quem
739 958 768 1012 in
786 958 844 1012 inre
862 961 944 1012 errat.
970 957 1039 1012 ltem
1058 957 1082 1013 si
1099 957 1160 1028 quis
1177 959 1247 1014 sciet
1261 958 1372 1028 quidem
1384 957 1560 1014 aliideletam
1579 953 1656 1042 Q}

221 1063 283 1104 esse
300 1046 433 1102 bonorum
451 1047 660 1118 possessionem,
682 1047 788 1102 nesciat
805 1051 897 1101 autem
915 1047 941 1100 ei
958 1050 1068 1116 tempus
1085 1047 1249 1117 praeterisse
1266 1047 1400 1104 bonorum
1419 1048 1609 1118 possessionis,
1627 1049 1656 1104 in

221 1135 294 1192 fecto
313 1142 394 1192 erret.
421 1137 493 1192 idem
512 1139 563 1206 est,
582 1137 606 1191 si
623 1140 703 1206 putet
721 1151 783 1190 eum
801 1133 934 1190 bonorum
954 1136 1155 1204 possessionem
1171 1137 1319 1206 accepisse.
1347 1137 1397 1192 sed
1409 1138 1433 1192 sl
1445 1138 1514 1192 solat
1525 1152 1587 1191 eum
1599 1153 1656 1192 non
1677 1143 1707 1183 1⁰

220 1227 324 1297 petisse
346 1231 509 1296 tempusque
533 1226 558 1280 ei
579 1225 757 1296 prestetisse,
781 1224 889 1293 ignoret
906 1229 998 1280 antem
1016 1224 1070 1280 sibi
1087 1241 1123 1280 ox
1140 1227 1309 1282 successorio
1328 1227 1418 1296 cupite
1435 1231 1590 1296 competere
1607 1225 1656 1281 bo·

187 1323 203 1369 4
222 1331 317 1371 norum
334 1315 545 1386 possessionem,
564 1314 645 1369 cedet
661 1314 687 1369 ei
705 1319 822 1384 tempus,
841 1313 906 1383 quie
922 1314 950 1368 in
969 1314 1026 1368 inre
1045 1320 1125 1370 errat
1155 1315 1231 1370 ldem
1249 1315 1381 1386 dicemus,
1401 1317 1424 1370 si
1443 1331 1478 1370 ex
1495 1330 1558 1370 esse
1575 1314 1656 1370 heres

220 1405 363 1460 institutus
386 1419 440 1460 non
457 1409 537 1474 putet
554 1419 584 1458 se
602 1402 735 1458 bonorum
754 1403 956 1473 possessionem
973 1408 1068 1472 petere
1085 1419 1167 1474 posse
1184 1409 1249 1459 ente
1266 1410 1376 1476 apertas
1393 1403 1516 1460 tabulas:
1539 1405 1614 1475 quod
1632 1405 1657 1460 si

219 1494 327 1550 nosmet
343 1509 404 1549 esse
422 1492 585 1563 sabulosis
603 1491 677 1548 fecte
695 1497 775 1546 erret.
1676 1500 1707 1542 sa

183 1579 202 1637 2
274 1583 426 1638 anssusus
442 1581 512 1638 libro
530 1582 626 1652 quinto
644 1580 870 1636 membranorum.
897 1581 929 1636 In
947 1581 1022 1636 omni
1038 1585 1117 1652 parte
1134 1597 1209 1638 error
1226 1583 1254 1638 in
1271 1583 1330 1639 iure
1348 1599 1402 1639 non
1419 1583 1517 1639 eodem
1535 1576 1656 1666 [ᾗῇ
1676 1584 1699 1638 S

220 1671 282 1727 loco
304 1686 359 1742 qno
382 1669 449 1726 scoti
473 1671 627 1742 ignorantia
644 1668 739 1725 hnberi
757 1668 883 1740 debebit,
908 1687 970 1725 cum
989 1671 1032 1725 ius
1050 1670 1157 1726 finitum
1174 1677 1203 1727 et
1219 1674 1309 1743 possit
1326 1688 1388 1728 esse
1405 1677 1435 1728 et
1451 1659 1657 1743 debeatsfacfi

220 1761 409 1830 interpretatio
427 1761 585 1830 plerumque
604 1759 686 1814 etism
704 1757 931 1829 prudentissimos
949 1759 1034 1815 fellat.

184 1847 202 1906 3
274 1849 446 1905 Postremus
463 1847 531 1904 libro
550 1848 632 1904 tertio
649 1847 685 1902 ad
703 1847 844 1904 Sabinum.
871 1849 1020 1904 Plurimum
1038 1849 1160 1921 interest,
1179 1857 1270 1906 utssnn
1284 1851 1346 1921 quis
1357 1849 1392 1905 de
1404 1850 1516 1906 ulterius
1535 1843 1656 1933 Q
1674 1853 1711 1907 S·

189 1948 202 1994 1
221 1954 306 1994 cause
328 1943 358 1993 et
379 1935 453 1993 fecto
478 1953 532 1992 non
556 1937 639 1992 sciret
657 1952 692 1991 nu
711 1936 746 1992 de
763 1939 821 1993 iure
840 1954 890 1994 suo
908 1939 1025 2008 ignoret.
1061 1937 1117 1994 Sed
1136 1939 1250 1995 Cestius
1266 1940 1449 2010 ignorantium
1467 1938 1598 1994 Sabinum
1616 1940 1658 1993 its

221 2027 407 2098 ecciplendsm
426 2026 599 2082 existimasse
616 2025 700 2082 refert
717 2043 773 2082 non
790 2026 924 2097 deperditi
943 2033 972 2082 et
989 2027 1101 2082 nimium
1120 2029 1210 2084 securi
1218 2029 1352 2084 ‘bominis
1676 2038 1706 2078 so

183 2115 203 2173 4
272 2117 352 2172 bars
368 2115 437 2172 libro
454 2115 536 2170 tertio
553 2115 661 2171 decimo
678 2115 715 2170 sd
732 2115 873 2172 Sabinum.
900 2115 970 2172 luris
986 2116 1168 2186 ignorantiam
1180 2119 1209 2173 in
1220 2118 1388 2188 usucapione
1400 2122 1517 2187 negetur
1535 2111 1657 2200 [Q
1675 2120 1732 2193 Ss·

220 2205 366 2276 prodesse:
384 2203 450 2260 fecti
468 2219 534 2260 uero
552 2205 733 2274 ignorantium
751 2204 883 2274 prodesse
901 2211 1017 2261 constet

184 2292 203 2352 b
274 2295 445 2350 sensimus
463 2293 603 2349 sununs
620 2292 690 2349 libro
708 2294 830 2350 seeundo
848 2295 885 2350 ad
903 2295 992 2365 legem
1010 2295 1107 2352 Iuliam
1126 2296 1287 2366 etPspiam.
1313 2295 1516 2366 Iniquissimum
1536 2289 1657 2378 Q
1675 2297 1704 2352 E

220 2384 330 2440 uidetur
340 2384 468 2454 cuiquam
480 2383 622 2438 scientiam
636 2384 747 2439 ulterius
759 2399 842 2454 quem
855 2399 933 2439 suam
945 2399 1043 2440 nocere
1056 2385 1100 2440 uel
1109 2385 1289 2454 gustantium
1300 2385 1411 2440 alterisu
1420 2385 1466 2439 alii
1475 2383 1655 2455 profuturam.
1676 2394 1708 2435 st

185 2471 203 2530 6
274 2472 425 2528 Uussasus
442 2471 511 2527 libro
529 2477 628 2528 octasm
646 2472 752 2528 decimo
770 2472 806 2528 ad
824 2473 913 2543 legem
931 2473 1028 2528 Iuliam
1046 2477 1076 2528 et
1093 2474 1214 2544 Papiam.
1248 2475 1305 2530 lieo
1323 2475 1423 2544 supina
1439 2473 1515 2544 igno·
1534 2471 1656 2558 Q
1675 2477 1724 2550 Es

221 2562 311 2618 rantis
333 2559 446 2618 ferenda
463 2567 507 2616 cst
523 2559 627 2616 factum
645 2562 809 2632 ignorantis,
830 2569 930 2618 utnon
948 2563 1109 2634 scrupulose
1125 2563 1265 2633 inquisitio
1283 2563 1432 2633 exigenda:
1451 2563 1565 2618 scientis
1582 2563 1655 2620 euim

221 2651 273 2708 boc
296 2649 378 2706 modo
397 2649 567 2704 aestimanda
585 2655 640 2720 est,
664 2656 695 2706 ut
713 2667 802 2722 neque
820 2652 995 2722 neglegentis
1012 2668 1105 2708 crassa
1123 2656 1172 2708 sut
1189 2653 1273 2708 nimie
1290 2653 1424 2708 securitas
1441 2653 1509 2708 setis
1527 2652 1657 2723 expedita

222 2741 259 2796 sit
275 2754 363 2810 neque
381 2738 514 2794 delatoria
530 2739 674 2796 nodositas
693 2741 827 2810 exigetur.

185 2827 203 2886 7
274 2829 454 2884 Pssnnasns
471 2827 540 2884 libro
559 2828 755 2884 nonodecimo
774 2829 973 2900 quaestionum.
1006 2829 1077 2886 Iuris
1094 2831 1250 2900 ignorantia
1266 2845 1321 2887 non
1338 2829 1452 2901 prodest
1468 2829 1516 2886 ed·
1535 2825 1657 2915 ffl
1674 2836 1705 2890 Ρ

220 2917 328 2988 quirere
346 2915 509 2987 uolentibus,
527 2933 607 2972 suum
625 2933 691 2974 uero
708 2917 866 2989 petentibus
884 2934 939 2974 non
957 2923 1047 2974 nocet
1676 2929 1708 2971 se

183 3006 203 3065 8
273 3007 352 3062 lnssss
370 3005 439 3062 libro
457 3007 545 3076 primo
563 3005 760 3064 definitionum.
796 3008 880 3063 Error
897 3005 962 3062 lacti
980 3023 1015 3063 ne
1033 3007 1154 3064 maribus
1171 3007 1282 3078 quidem
1300 3007 1329 3062 in
1347 3007 1454 3064 demnis
1471 3009 1516 3063 uel
1535 3003 1656 3091 [iss-sss
1674 3014 1704 3068 P
1802 3079 1805 3084 Ι

221 3095 390 3168 compendiis
407 3094 500 3166 obest,
524 3095 591 3151 iuris
609 3100 701 3151 antem
720 3111 794 3153 error
811 3111 862 3152 neo
879 3095 989 3152 feminis
1006 3097 1035 3152 in
1053 3097 1222 3166 compendiis
1239 3098 1364 3169 prodest:
1389 3103 1510 3154 osterum
1528 3083 1656 3154 omnibus

220 3185 287 3241 iuris
304 3201 379 3240 error
396 3185 425 3240 in
442 3184 550 3240 damnis
568 3185 734 3241 emittendae
752 3185 791 3241 rei
809 3200 876 3241 suae
894 3201 948 3240 non
967 3191 1056 3242 nocet

183 3275 202 3334 9
274 3273 393 3330 Psusus
409 3272 479 3329 libro
497 3273 628 3342 singulari
646 3273 681 3329 ds
699 3274 766 3330 iuris
784 3279 813 3330 et
830 3272 896 3330 fecti
914 3275 1077 3344 ignorantia.
1104 3275 1211 3345 Regula
1228 3279 1272 3332 est
1288 3275 1355 3332 iuris
1374 3271 1414 3359 {st
1674 3281 1705 3336 P

220 3362 330 3434 quidem
353 3363 545 3432 ignorantium,
557 3363 656 3432 cuique
679 3377 792 3434 nocere,
816 3361 882 3418 fsoti
905 3378 972 3420 uero
989 3364 1172 3434 ignorantiam
1190 3380 1245 3420 non
1262 3379 1370 3420 nocere.
1401 3365 1544 3420 uideamus
1562 3364 1655 3434 igilur,
1676 3375 1708 3417 ss

220 3453 249 3507 in
266 3451 366 3522 quibus
384 3451 529 3522 speciebus
546 3451 636 3506 locum
654 3451 755 3508 habere
772 3455 868 3523 possit,
887 3459 951 3508 ante
969 3453 1121 3523 praemisso
1133 3453 1207 3524 quod
1221 3452 1370 3510 minoribus
1382 3453 1481 3523 uiginti
1513 3441 1657 3529 'Portffsss

221 3541 340 3612 quinque
358 3542 436 3596 anuis
453 3541 497 3595 ius
514 3541 641 3610 ignorare
658 3541 821 3610 permissum
840 3547 891 3597 est.
919 3541 993 3612 quod
1010 3547 1040 3596 et
1056 3542 1085 3596 in
1103 3539 1211 3597 feminis
1224 3543 1253 3597 in
1265 3542 1429 3612 quibusdem
1442 3543 1533 3598 censis
1551 3538 1656 3625 [ᾗ]

220 3636 331 3702 propter
348 3645 431 3686 sexus
448 3627 633 3686 infirmitatem
651 3629 764 3686 dicitur:
788 3636 817 3685 et
833 3631 896 3686 ideo
914 3629 1002 3685 sicubi
1020 3646 1075 3686 non
1094 3637 1137 3686 est
1154 3631 1297 3700 delictum,
1322 3631 1389 3686 sed¹
1408 3632 1475 3686 iuris
1493 3632 1656 3702 ignorantis,

220 3735 275 3776 nou
298 3719 452 3774 laeduntur.
484 3719 537 3774 bac
560 3719 665 3774 ratione
690 3719 714 3773 ei
731 3720 825 3788 ‘minor
846 3720 944 3788 uiginti
963 3720 1083 3789 quinque
1101 3721 1179 3775 annis
1196 3718 1253 3776 lilio
1270 3717 1388 3775 familias
1406 3720 1559 3790 crediderit,
1579 3715 1658 3804 [φῖ]

189 3819 201 3863 1
221 3807 383 3864 subuenitur
400 3809 434 3878 ei,
456 3813 487 3862 ut
504 3823 559 3862 non
576 3807 704 3862 uideatur
721 3806 777 3864 lilio
794 3807 912 3864 familias
930 3807 1089 3863 credidisse.
1124 3807 1154 3864 Si
1172 3807 1243 3864 lilius
1261 3807 1377 3864 familias
1396 3809 1473 3864 miles
1491 3825 1509 3863 a
1525 3811 1656 3864 commili·
1676 3821 1707 3861 ao

219 3903 284 3953 tone
302 3897 381 3952 heres
400 3897 541 3952 institutus
559 3896 665 3951 nesciet
682 3895 734 3952 sibi
752 3897 835 3952 stiam
854 3899 912 3952 sine
929 3901 1008 3968 putre
1019 3897 1100 3952 licere
1113 3897 1188 3953 adire
1201 3913 1250 3968 per
1261 3898 1470 3953 constitutiones
1483 3897 1655 3968 principales,

188 3985 263 4042 sius
281 3987 406 4056 ignorare
424 3989 517 4056 potest
534 3991 563 4040 et
580 3985 643 4040 ideo
661 3985 687 4040 ei
705 3985 764 4040 dies
782 3985 927 4042 aditionis¹
945 3986 1026 4042 cedit.
1055 3985 1110 4042 Sed
1128 3985 1194 4042 fecti
1205 3987 1360 4056 ignorantie
1371 3987 1410 4041 ita
1422 3985 1531 4040 demum
1551 3973 1656 4062 Q

220 4075 319 4146 cuique
337 4091 392 4131 non
409 4078 504 4146 nocet,
524 4073 547 4130 si
565 4090 620 4131 non
638 4073 790 4146 eisumma
809 4073 820 4150 i
838 4077 1014 4148 neglegentia
1032 4075 1179 4133 obiciatur:
1202 4075 1269 4148 qnid
1287 4076 1360 4131 onim
1378 4075 1403 4131 si
1420 4089 1515 4132 omues
1532 4075 1561 4130 in
1593 4071 1656 4148 (s'pss)
1674 4082 1692 4130 s.
1705 4085 1751 4130 sss

219 4190 408 4262 smmum]

222 4371 231 4406 ¹
240 4372 354 4442 firman
373 4367 470 4424 crees
486 4369 521 4436 (e.
535 4369 577 4436 q:
595 4367 646 4424 sss
663 4370 710 4424 se.
781 4370 793 4406 ¹
811 4383 866 4424 non
884 4378 931 4424 se.
951 4371 987 4438 (s.
1000 4371 1029 4440 s.)

219 4534 307 4590 tneo
324 4535 394 4590 aciat
411 4535 451 4589 P·
504 4535 638 4594 bemont
654 4538 731 4592 ΡΨ
784 4539 844 4594 8si
861 4538 909 4609 qui
961 4537 1070 4594 feminis
1091 4539 1129 4608 in]
1153 4539 1182 4593 iu
1199 4537 1308 4594 feminis
1325 4538 1424 4603 P·LU,
1448 4535 1556 4593 feminis
1574 4537 1603 4594 in
1620 4537 1657 4592 V·

219 4607 290 4661 sciat
312 4607 357 4675 ΡΙ
378 4606 495 4662 deletam
518 4607 558 4660 P·
619 4609 694 4678 bei]
719 4609 857 4674 Fluvio,
882 4614 910 4664 et
962 4611 998 4665 38
1016 4609 1103 4665 sicubi
1120 4617 1236 4684 nonest
1247 4609 1376 4666 delictum
1388 4609 1437 4664 sed
1449 4610 1515 4664 iuris
1526 4611 1656 4678 ignoren-

220 4677 306 4743 P·V·,
325 4697 373 4732 ons
386 4679 411 4732 L
426 4681 431 4747 Ι
446 4679 629 4749 possessionis
640 4679 677 4750 in]
696 4682 862 4752 possessioni
874 4681 909 4736 ds
961 4681 1010 4750 tia]
1024 4681 1089 4737 ἓκθΑ
1100 4682 1134 4736 sss's
1148 4680 1217 4736 ὲετικ
1230 4680 1281 4735 ius
1297 4700 1373 4747 runs,
1392 4679 1456 4734 insi
1468 4681 1553 4744 κὸυογ
1564 4680 1657 4744 isson

220 4747 279 4803 P0?
323 4751 356 4804 11
374 4750 546 4820 tempusque]
566 4752 660 4806 Fenm
678 4753 704 4806 B
721 4753 845 4821 (Anonlz
869 4753 908 4807 sai
963 4753 989 4807 Β
1007 4755 1116 4820 (Aeon)
1169 4753 1205 4807 39
1225 4752 1277 4808 hac
1309 4752 1378 4808 haec
1400 4753 1440 4806 P·
1492 4753 1527 4808 41
1546 4753 1656 4807 iustitu-

219 4817 268 4874 sie
287 4819 376 4890 ssspb'n
394 4821 540 4891 nupsistis.
561 4827 671 4892 tempus
688 4823 762 4892 qnod
779 4824 823 4888 L',
840 4828 909 4878 tem·
962 4829 1008 4878 tus
1021 4824 1057 4877 l*
1101 4825 1138 4878 42
1150 4823 1268 4894 cedit1F
1296 4824 1657 4895 VL¹U'itoqneB(Anon.)t

219 4892 407 5017 sesi..
652 4901 770 5021 rus
962 4915 1350 5028 ...
