3516 5340
77 233 310 316 munsterus
332 233 493 282 morus
754 205 839 285 199
1329 214 1359 282 V
1378 217 1518 281 45-10

46 373 63 431 5
130 372 252 428 Paucos
272 370 345 427 bbro
369 369 486 440 septimo
510 367 617 424 decimo
640 366 676 424 sd
693 367 839 424 Plautium
874 368 945 426 illud
967 369 1109 426 sciendum
1132 373 1190 440 est,
1214 371 1238 424 si
1260 370 1357 426 mulier
1392 381 1518 454 Q
1536 380 1581 452 Ε]

79 475 234 531 praegnatus
252 475 310 516 non
328 460 372 529 sit
391 458 562 514 existimetur
579 459 671 512 autem
689 471 846 526 prsegnans
863 471 934 527 esse,
952 459 1060 516 interim
1078 456 1164 514 tilium
1181 457 1310 514 heredem
1325 473 1388 515 esse
1400 474 1435 514 ex
1447 475 1518 530 asse,

53 561 246 618 numquam
267 549 377 618 ignoret
400 563 430 602 se
453 561 489 602 er
506 560 569 601 asse
585 543 715 600 heredem
733 559 804 600 esse.
835 545 912 602 idem
930 551 974 602 est
991 546 1020 602 in
1036 549 1182 616 extraneo,
1206 546 1231 600 si
1249 561 1284 602 ex
1302 550 1378 602 certo
1394 547 1519 616 portione

80 639 159 693 beree
175 637 320 692 institutos
339 637 383 704 sit,
401 650 436 690 ex
452 634 558 703 reliqua
574 633 703 703 postumi.
717 698 723 708 ,
737 632 812 702 quod
829 633 854 688 si
870 632 941 690 torte
954 634 994 688 ita
1004 633 1142 690 institutio
1159 632 1234 690 iacta
1251 639 1308 692 est:
1328 634 1519 704 ‘quotcumque

81 724 152 780 'mdri
170 725 229 780 uati
247 728 328 780 erunt
345 729 375 778 et
385 723 487 778 Lucius
498 721 589 776 'litius
606 735 656 790 pro
673 718 797 776 uirilibus
814 720 984 790 portionibus
1002 721 1118 777 herodes
1132 721 1198 778 mihi
1216 720 1314 792 sunto',
1332 721 1445 778 hebebit
1455 721 1519 778 hae
1538 735 1552 776 e

81 813 246 881 citationem,
265 811 398 881 numquid
416 810 491 866 adire
509 824 564 866 non
581 809 677 879 possit,
695 811 778 878 atque
796 809 843 877 qui
860 810 889 864 in
905 813 1071 866 testamento
1088 810 1242 879 portionem
1255 825 1333 866 suam
1345 811 1441 866 nescit
1469 809 1520 866 sed

81 901 173 956 nuiins
191 905 236 956 est
251 914 334 971 posse
351 913 414 954 eum
432 898 508 953 adire
530 896 577 966 qui
599 896 688 952 nescit
704 895 872 967 portionem,
895 898 919 952 si
937 902 1043 966 cetera,
1066 911 1137 968 quae
1155 902 1264 968 oportet
1281 912 1348 980 eum·
1362 898 1445 968 scire,
1464 913 1519 954 non

49 1078 64 1135 6
134 1077 288 1132 Ummsns
305 1074 374 1130 hbro
391 1077 472 1130 sexto
489 1073 656 1142 opinionum.
687 1070 787 1141 sorori,
806 1085 888 1141 quam
906 1071 1068 1128 coheredem
1085 1070 1216 1130 fretibus
1233 1079 1362 1144 quotuor
1393 1086 1520 1142 ustus
1538 1079 1560 1134 d

82 1165 109 1220 in
126 1163 208 1220 bonis
225 1164 321 1219 matris
340 1177 401 1217 esse
418 1161 529 1231 placuit,
547 1161 643 1230 quinta
660 1159 749 1230 portio
766 1175 817 1230 pro
830 1159 1016 1230 portionibus¹
1031 1174 1101 1230 quae
1114 1159 1151 1216 ad
1168 1175 1215 1216 eos
1232 1162 1364 1231 pertinuit
1376 1163 1463 1233 cedet,
1482 1163 1521 1220 ita
1540 1173 1568 1214 ιι

81 1258 112 1308 ut
129 1253 231 1322 singuli
249 1252 278 1306 in
296 1255 401 1320 quarte,
419 1263 501 1318 quam
519 1247 635 1303 antehac
652 1246 753 1303 habere
771 1247 960 1317 credebantur,
979 1262 1034 1303 non
1051 1248 1168 1319 amplius
1185 1249 1211 1304 ei
1229 1250 1352 1319 quintsm
1370 1249 1519 1307 conserant

55 1351 66 1395 1
83 1340 230 1412 Sumptus,
253 1339 301 1409 qui
322 1343 435 1408 propter
452 1351 535 1392 onere
552 1336 637 1392 totius
655 1330 814 1394 hereditatis
831 1336 914 1392 iusti¹
932 1334 1014 1405 fiunt,
1039 1336 1077 1408 ei,
1102 1337 1151 1406 qni
1167 1338 1276 1408 patroni
1292 1337 1351 1394 iure
1368 1339 1520 1410 portionem

84 1427 204 1497 euicerit,
222 1443 272 1497 pro
291 1432 353 1480 rata
370 1429 567 1494 computentur.

52 1513 68 1571 7
132 1517 279 1572 lusurus
300 1512 370 1569 libro
393 1517 493 1568 octeno
515 1511 694 1596 digestorum.
730 1511 792 1566 Non
814 1525 961 1582 possumus
984 1511 1114 1581 consequi
1137 1525 1187 1581 per
1204 1511 1364 1568 hereditatis
1383 1507 1561 1597 [θῇ-’78

84 1605 244 1675 petitionem
261 1601 290 1658 id
308 1601 382 1671 quod
399 1599 518 1655 familiae
536 1599 713 1654 erciscundae
731 1599 832 1655 indicio
844 1600 1045 1670 consequimur,
1063 1604 1096 1654 ut
1108 1615 1125 1654 a
1136 1601 1326 1656 communione
1338 1601 1520 1672 discedamus,
1540 1610 1568 1653 rs

45 1697 48 1706 '
86 1707 144 1747 cum
170 1692 207 1746 ad
230 1689 352 1746 officium
375 1688 472 1744 iudicis
493 1687 558 1743 nihri
577 1689 693 1759 amplius
710 1688 859 1758 pertineat,
883 1702 967 1757 quam
985 1691 1018 1742 ut
1033 1692 1139 1757 partem
1157 1687 1317 1744 hereditatis
1334 1703 1385 1760 pro
1402 1689 1521 1746 indiuiso

85 1779 189 1836 reshtui
207 1779 274 1835 mibi
291 1777 393 1833 iubeat
905 1791 907 1794 ·

54 1864 71 1922 h
135 1869 215 1924 Iners
237 1866 307 1922 hbro
330 1863 559 1935 qusdrsgensimo
577 1867 677 1918 octauo
695 1862 874 1933 digestorum.
910 1863 1124 1918 Permittendum
1143 1863 1196 1918 erit
1212 1865 1365 1933 possessori
1383 1857 1562 1950 ΜΕ

87 1956 243 2012 hereditatis
260 1959 368 2024 partem
386 1953 496 2022 quidem
514 1951 674 2007 hereditatis
692 1950 848 2021 defendere,
865 1955 944 2020 parte
962 1965 1029 2006 uero
1047 1951 1154 2021 cedere,
1172 1965 1224 2007 nec
1242 1951 1314 2006 enim
1332 1951 1459 2024 prohihet
1474 1953 1521 2009 nli·

87 2060 164 2115 quem
189 2049 277 2098 tetam
301 2041 480 2096 hereditatem
504 2039 645 2109 possidere
668 2029 714 2094 et*
735 2043 841 2109 partem
861 2040 930 2095 scire
948 2039 1088 2095 dimidiam
1106 2039 1143 2095 ad
1161 2054 1191 2095 se
1208 2040 1358 2112 pertinere,
1383 2041 1418 2096 de
1436 2042 1523 2096 alters
1540 2049 1569 2090 so

87 2137 161 2202 parte
178 2130 394 2187 controuersiam
411 2143 467 2184 non
484 2126 584 2182 fecere.

61 2216 75 2274 b
135 2222 258 2278 Paucos
275 2217 344 2272 iibro
362 2216 444 2272 tertio
461 2217 643 2286 epitomarum
656 2213 747 2270 hiserd
765 2214 942 2284 digestorum.
973 2215 1042 2271 Cum
1060 2215 1138 2271 multi
1155 2215 1271 2272 heredes
1288 2216 1364 2272 insti·
1383 2209 1521 2302 Q
1539 2219 1580 2294 Ss

88 2309 135 2364 tuti
158 2311 267 2376 essent,
291 2320 326 2360 ex
343 2304 387 2359 his
403 2319 475 2359 unus
493 2304 521 2358 iu
539 2301 608 2358 Asia
625 2307 697 2358 erat:
722 2304 782 2359 eius
799 2309 960 2374 procurater
976 2303 1161 2359 uenditionem
1179 2303 1246 2360 iecit
1263 2309 1292 2359 et
1308 2305 1452 2374 pecuniam
1471 2320 1521 2376 pro

88 2403 161 2467 parte
183 2396 244 2450 eins
269 2393 433 2448 abstulerat:
456 2395 554 2462 postea
577 2391 752 2462 apparuerit⁴
769 2406 831 2446 eum
854 2393 901 2462 qui
919 2392 948 2447 in
964 2391 1034 2447 Asia
1050 2396 1110 2447 eret
1127 2395 1209 2446 snoea
1226 2389 1379 2448 decessisse
1396 2393 1522 2450 institute

88 2489 216 2554 exparte
234 2481 349 2538 dimidie
366 2480 466 2536 herede
483 2485 661 2550 procuratore
679 2495 730 2535 sno
748 2484 777 2534 et
794 2493 829 2534 ox
847 2483 924 2550 parte
943 2481 1004 2536 aiio.
1040 2481 1195 2551 quaesitum
1215 2483 1270 2548 est,
1291 2481 1522 2550 qoemedmodum
1541 2489 1571 2534 ts

87 2573 203 2643 pecunie
220 2586 256 2626 ex
273 2569 425 2625 hereditate
442 2569 563 2638 peteuda
580 2573 663 2624 esset.
691 2583 850 2638 responsum
869 2571 913 2624 est
929 2567 965 2624 ob
983 2583 1024 2639 eo,
1043 2569 1090 2638 qui
1108 2571 1268 2638 procurator
1286 2567 1345 2623 eius
1357 2567 1463 2640 fuisset,
1481 2575 1522 2628 to

87 2667 141 2718 tam
159 2659 341 2716 hereditatem
347 2661 367 2727 ⁸,
385 2658 502 2726 quises
520 2655 671 2712 hereditate
689 2673 723 2712 ea
736 2653 854 2728 pecunia
865 2655 964 2714 inisset
975 2673 1045 2727 quae
1057 2657 1093 2712 ad
1104 2659 1307 2727 procuratorem
1319 2671 1355 2712 ex
1365 2657 1522 2714 uenditioue

86 2749 264 2819 peruenisset,
281 2751 376 2816 petere
394 2760 443 2802 eos
461 2749 600 2816 oportere:
620 2750 648 2800 et
665 2745 748 2801 nihilo
766 2747 856 2802 minus
874 2751 979 2816 partem
992 2743 1132 2800 dimidiam
1143 2743 1303 2800 hereditatis
1315 2760 1333 2800 a
1344 2744 1523 2803 coheredibus

87 2837 153 2892 eins.
181 2837 223 2890 ita
240 2833 307 2904 sore,
326 2836 385 2890 sine
403 2833 491 2891 omnis
504 2848 538 2889 ea
548 2835 666 2904 pecnnia
678 2832 689 2905 i
701 2849 787 2904 penes
799 2849 861 2890 eum
874 2835 922 2905 qui
933 2837 1092 2904 procurator
1103 2831 1201 2888 fuisset
1212 2833 1353 2902 resideret,
1371 2839 1403 2888 nt
1414 2849 1523 2891 omnem
1541 2833 1561 2884 t.⁸
1570 2839 1615 2886 ιιι

86 2940 134 2994 per
149 2923 269 2979 iudicem
288 2921 323 2978 sb
335 2922 432 2978 eodem
444 2926 644 2992 recuperarent,
663 2923 722 2977 sice
734 2923 758 2977 is
770 2929 876 2993 partem
889 2923 1027 2978 dimidiam
1040 2921 1167 2978 coheredi
1180 2935 1231 2976 sno
1242 2921 1415 2994 reddidisset,
1433 2923 1522 2994 ipsum
1543 2929 1572 2971 ⁸⁰

87 3027 120 3067 ex
138 3011 254 3067 dimidia
270 3015 348 3081 parte
366 3016 447 3066 etex
465 3009 578 3065 dimidia
595 3009 743 3066 coheredes
762 3012 821 3067 eius
840 3011 1060 3067 condemnarent.
1411 3068 1412 3072 ,

33 3088 70 3149 10
138 3101 321 3156 Penurrsrrue
343 3098 413 3154 libro
437 3103 516 3153 sexto
539 3099 737 3168 quaestionum.
775 3098 844 3154 (ium
862 3099 970 3154 heredis
987 3113 1022 3154 ex
1040 3101 1118 3168 perte
1135 3097 1252 3153 instituti
1269 3096 1349 3169 iilius,
1368 3093 1525 3184 Q
1541 3100 1569 3154 P

87 3189 132 3258 qui
144 3193 257 3258 petrem
276 3203 355 3241 suurn
374 3185 520 3255 ignorabat
537 3187 602 3242 uiuo
620 3191 752 3242 testatore
771 3187 936 3256 decessisse,
959 3191 1066 3257 p'artem
1085 3185 1244 3241 hereditatis
1262 3188 1371 3242 nomine
1388 3187 1474 3258 patris
1492 3193 1524 3243 ut

87 3275 208 3330 absentis
231 3274 465 3329 administrauertt
487 3279 516 3329 et
538 3273 670 3342 pecunias
695 3275 833 3330 distractis
856 3273 939 3329 rebus
962 3273 1111 3344 acceperit,
1134 3273 1273 3328 hereditas
1290 3273 1326 3329 ab
1344 3290 1377 3330 eo
1394 3275 1452 3345 peti
1468 3289 1524 3332 nou

86 3369 190 3434 potest,
214 3363 280 3434 quis
301 3377 391 3432 nequo
415 3377 465 3431 pro
487 3361 587 3418 beredo
610 3377 699 3432 neque
723 3378 772 3433 pro
790 3377 948 3432 possessore
966 3363 1055 3433 pretio
1072 3359 1208 3432 possidet,
1232 3361 1282 3416 sed
1299 3365 1332 3416 ut
1347 3360 1420 3417 fidus
1437 3364 1524 3434 patris
1543 3370 1571 3412 es

87 3453 228 3520 negotium
253 3451 368 3506 tumuit.
401 3450 571 3518 negotiorum
595 3457 686 3505 autern
711 3455 850 3520 gestorum
869 3451 942 3506 actio
960 3451 1057 3505 ceteris
1075 3447 1268 3520 coheredibus,
1293 3449 1328 3504 ad
1347 3465 1417 3520 quos
1434 3451 1524 3522 portio

87 3537 208 3594 defuncti
225 3539 357 3608 pertinet,
381 3536 498 3593 dshitnr.
532 3537 598 3594 iilud
616 3539 687 3594 enim
706 3539 800 3608 utque
818 3554 873 3594 uon
892 3543 936 3593 est
954 3537 1142 3607 metuendum,
1161 3537 1296 3593 ucetiam
1315 3539 1414 3610 patris,
1434 3555 1451 3594 a
1468 3553 1523 3610 quo

85 3636 269 3707 nimiu]

87 3767 289 3840 ¹portionei.
366 3765 604 3834 ¹iuste‘?(a.r·.)
711 3767 722 3802 ¹
737 3767 1014 3840 jis-monemuth
1039 3769 1132 3822 etsist.
1238 3767 1525 3838 ⁴appsrutttdett.)?

86 3842 96 3876 ⁸
104 3844 220 3912 fimant
237 3839 276 3902 B,
300 3839 347 3893 red
367 3839 487 3892 uidentur
509 3837 541 3891 ab
565 3841 745 3909 interpolatore
765 3841 896 3910 perficitor·
919 3856 950 3893 ea
968 3855 1033 3910 quae
1054 3844 1123 3892 intro
1139 3839 1303 3910 parenthesss
1323 3847 1415 3911 posui:
1436 3843 1523 3894 totam

86 3909 296 3976 (hereditatem),
308 3908 374 3977 quia
385 3923 420 3962 ex
431 3907 583 3962 hereditate
597 3923 630 3962 ea
661 3909 759 3962 eeunis
770 3906 878 3973 (fuisset
890 3907 972 3978 quae)
985 3907 1019 3962 ad
1032 3913 1234 3978 procuratorem
1248 3923 1283 3964 ex
1294 3909 1451 3964 uenditione
1463 3925 1523 3980 per-

85 3981 216 4046 uenisset,
235 3983 329 4046 petere
342 3993 390 4033 eos
402 3983 528 4050 oportere
540 3983 569 4032 et
580 3977 635 4032 nih·
646 3993 662 4032 o
675 3979 765 4034 minos
776 3983 880 4048 partem
894 3977 1031 4033 dimidiam
1042 3978 1221 4046 (hereditatis)
1237 3995 1254 4034 a
1268 3979 1449 4035 coheredibus
1464 3981 1523 4034 eius

84 4103 300 4172 tpraegnsns
323 4100 363 4152 1³²
382 4101 387 4168 1
408 4113 469 4155 esse
491 4099 548 4156 her.
569 4099 648 4155 PLU
696 4101 786 4156 best
868 4101 1009 4156 storumL
1061 4101 1095 4156 19
1113 4099 1269 4172 defendere]
1282 4101 1430 4158 defendere
1447 4100 1523 4158 bere·

85 4172 200 4227 ornPV
231 4170 501 4241 4pcstumi‘post’F
533 4172 614 4226 deun
632 4175 662 4227 to
676 4171 783 4226 PVLU
853 4172 947 4226 'tatem
958 4171 999 4226 P·
1014 4172 1019 4240 Ι
1033 4175 1140 4242 partem
1151 4187 1218 4227 uero
1227 4173 1373 4248 sPVLUi
1388 4187 1440 4228 nec
1451 4173 1523 4228 euim

84 4241 305 4298 tactem·
359 4243 417 4297 tsi
436 4241 539 4295 em.P⁶
593 4189 632 4296 lg
645 4241 779 4296 cadetP⁰
832 4241 958 4312 prohibet
1038 4244 1073 4298 20
1096 4247 1246 4313 etpertem
1269 4244 1349 4313 scire]
1373 4242 1452 4306 οῨιὲκ
1477 4242 1523 4315 stp

85 4315 118 4369 ll
143 4313 266 4384 siugulis
284 4313 361 4368 ΡΨ
379 4314 534 4384 i'quuriam
557 4311 665 4366 PVLU
684 4314 690 4381 Ι
715 4316 779 4367 unte
833 4313 926 4376 κωλῨει
950 4311 1008 4367 rost
1031 4313 1114 4368 πᾶωκ
1140 4313 1259 4369 stercen
1281 4313 1329 4368 rr'ss
1349 4315 1523 4386 staposoar'es

84 4383 155 4440 binc
168 4383 301 4439 PVLU‘
316 4385 321 4452 Ι
336 4399 392 4439 uon
409 4384 525 4453 emplius
543 4383 568 4438 ei
580 4383 702 4452 quintam
715 4397 779 4438 ton·
833 4386 871 4438 sei
890 4383 923 4438 τὸ
940 4384 987 4438 ss'es
1002 4383 1078 4448 hstes
1094 4383 1175 4456 stpoe
1187 4385 1281 4438 sitisti
1295 4393 1340 4440 cet.
1353 4385 1401 4439 BS
1414 4385 1523 4457 (Scapt.)

84 4453 182 4525 branc]
203 4455 253 4508 sss
272 4456 390 4510 πὲιιπτοκ
409 4455 489 4524 adpoc
508 4453 538 4524 τῷ
558 4451 658 4516 thebes«
678 4473 778 4517 essers-
832 4455 868 4510 24
879 4455 939 4510 eius
952 4474 1000 4509 om.
1010 4455 1054 4522 ΡΙ
1070 4455 1197 4526 apparuit
1208 4455 1332 4523 PVLU!
1347 4454 1487 4511 dedetisse
1500 4457 1528 4511 P

84 4527 188 4591 tropum
199 4527 227 4580 B
236 4525 346 4593 (Anca.)
382 4528 416 4580 12
429 4525 523 4594 totius]
539 4524 635 4594 pocius
644 4507 777 4596 P⁶V·L·i
832 4527 868 4580 26
885 4525 1037 4581 hereditate
1054 4541 1082 4596 p.
1095 4541 1119 4580 e.
1133 4525 1351 4596 respond'it'sum
1363 4528 1421 4594 (sie)
1434 4531 1476 4582 est
1488 4527 1523 4584 ab

84 4598 290 4672 iusti]soriusse
308 4597 392 4652 iuste:
411 4596 442 4650 τὰ
461 4597 686 4650 heressiarces...
701 4595 778 4649 seis·
833 4609 867 4651 eo
885 4611 951 4665 (Μ).
965 4594 1120 4652 ebidiam
1134 4598 1245 4652 adm
1281 4597 1401 4666 2‘Iquie]
1415 4599 1523 4667 qualf,

85 4667 288 4734 tererestereres
310 4666 779 4738 Bs(8opt),rt...sretoess·
833 4667 962 4737 quoniam
977 4665 1094 4732 P’V‘U,
1113 4667 1253 4722 ineP⁶V⁸
1296 4668 1331 4722 29
1348 4665 1421 4722 fores
1435 4668 1524 4794 PVI!

84 4741 233 4795 nmaetsrs
260 4739 289 4792 B
315 4737 424 4804 (Aeon.)
487 4738 521 4792 15
547 4736 787 4814 herciscundaes
833 4751 914 4794 omne
932 4738 997 4791 Pu
1056 4738 1091 4792 30
1113 4735 1249 4793 reddisset
1266 4737 1303 4802 P,
1326 4737 1443 4793 redisset
1464 4738 1499 4792 V·

84 4809 256 4881 depertinet
273 4806 381 4862 PVLU
423 4808 456 4862 18
475 4807 721 4878 qmdrogensimo
735 4821 780 4864 oc·
834 4809 870 4864 34
888 4807 1146 4864 administrauerunt
1162 4809 1203 4877 Fi
1219 4808 1357 4864 distradis
1374 4807 1525 4864 reboet*

84 4887 147 4936 truc
164 4881 358 4950 *digestorum*
378 4878 425 4943 Ρ,
449 4881 549 4934 octauo
571 4878 780 4950 qmdregesimo
834 4879 870 4935 hb
887 4893 976 4948 neque
993 4895 1044 4951 pro
1055 4879 1156 4935 herede
1168 4893 1221 4935 nec
1237 4879 1265 4934 P
1305 4879 1341 4935 36
1352 4879 1489 4935 curauerit
1499 4879 1528 4935 P

83 4951 252 5022 digestorum
270 4951 304 5016 P,
326 4953 427 5005 octauo
445 4948 657 5018 quadragesimo
674 4951 723 5008 aiii
740 4951 780 5006 di·
834 4951 869 5006 37
888 4951 960 5006 enim
978 4951 1116 5020 em.PV{
1136 4952 1180 5023 ue]
1198 4965 1288 5022 neque
1301 4947 1387 5018 ΡΨ,
1409 4964 1445 5005 ne
1462 4979 1483 5004 ω
1501 4949 1529 5004 V
