3674 5362
147 184 295 234 secuero
743 211 751 222 r
826 159 915 241 445
1075 161 1076 166 ’
1347 163 1406 230 XV
1429 169 1444 230 1
1468 171 1583 228 32-3'1

147 323 254 394 peculii,
273 338 355 393 qnam
373 337 458 393 penes
476 327 576 392 esest,
594 321 770 379 eundemnari
782 321 891 378 debeat.
921 321 970 377 sed
982 324 1040 377 treet
1051 320 1103 376 hoe
1115 321 1173 376 iure
1185 321 1335 389 confingat,
1353 325 1446 376 tamen
1459 321 1584 390 amnites

148 412 234 468 dietat
250 412 382 468 iudicium
399 413 427 467 iu
445 427 494 468 eos
511 412 584 482 dari,
603 412 650 481 qui
668 412 812 466 oooasione
830 410 896 466 iuris
912 409 1076 480 liberantur,
1094 402 1126 464 ut
1143 409 1232 478 magis
1250 405 1355 492 [effla
1366 423 1389 478 t,
1399 423 1464 478 ter
1480 421 1528 468 seh
1538 421 1584 469 189

147 515 195 557 eos
212 501 352 572 perceptio
370 516 452 571 quem
470 499 712 556 intentioiiberst:
731 516 795 555 nam
813 499 858 568 qui
874 514 937 554 oum
949 513 1030 554 seruo
1042 497 1186 568 oonhahit,
1204 498 1362 553 uniuersum
1374 499 1512 569 peculium
1525 500 1584 555 eius

114 595 128 640 1
147 591 221 661 quod
239 590 404 659 ubieunque
422 595 466 645 est
482 590 569 646 ueluti
585 589 778 660 patrimonium
796 588 925 643 intuetur.
959 587 993 642 In
1009 587 1062 642 hoe
1080 593 1172 642 autem
1190 588 1229 642 iu·
1248 583 1395 671 [is's'rs‘o¹
1410 601 1447 656 11,
1464 599 1584 671 affl
1603 596 1617 638 ⁴

147 679 219 736 dioio
241 680 307 735 lieet
330 681 341 754 ΙΙ
363 683 533 734 restauretur
555 677 738 749 praeoedere,
761 682 855 732 tamen
878 681 907 731 et
931 676 1072 746 augmenti
1093 681 1123 730 et
1144 675 1312 732 detensionis
1335 678 1467 732 rationem
1490 677 1585 734 haberi
1601 681 1673 730 teet

147 773 269 838 oportet,
294 773 323 823 et
338 767 402 824 ideo
420 769 480 824 siue
498 767 578 825 hodie
597 767 663 822 nihil
681 766 717 821 sit
733 765 762 820 ir
779 765 887 835 psouiio
906 766 965 820 siue
984 765 1132 820 woeseerit
1149 765 1264 834 aliquid,
1282 781 1412 834 praesens
1431 769 1520 822 status
1537 779 1584 836 pe·

146 858 210 912 eulii
227 855 394 927 spectandus
412 861 463 912 eat.
491 871 575 938 quare
593 855 666 912 eirea
683 854 854 910 uenditorem
872 868 981 924 quoque
999 857 1028 909 st
1045 857 1195 923 emptorem
1207 852 1259 908 hoo
1271 853 1350 909 nobis
1362 854 1472 910 uidetm
1482 855 1584 925 uerius,

146 945 220 1015 quod
244 945 361 1000 aoomsit
381 947 489 1016 psoulio
510 959 666 1016 possemus
689 943 725 998 ab
743 948 866 1014 emptore
883 943 1026 1012 consequi,
1050 957 1102 997 neo
1119 945 1253 998 retrorsus
1271 943 1348 998 uelut
1363 943 1392 998 in
1409 957 1465 998 uno
1483 943 1584 1000 iuditio

147 1033 181 1088 sd
204 1033 233 1089 id
255 1038 366 1102 tempus
388 1035 599 1090 eonuentionem
617 1032 748 1088 reducere
771 1033 916 1103 emptoris,
940 1045 995 1101 quo
1017 1030 1144 1086 uenffitor
1161 1034 1313 1086 oonuentus
1331 1032 1375 1088 rit.
1394 1027 1584 1115 [Q

114 1127 128 1174 1
146 1122 280 1178 Uenditor
291 1122 365 1178 serui
377 1123 401 1178 ri
413 1137 475 1178 enm
487 1123 595 1192 peeuiio
607 1137 717 1178 seruum
730 1120 855 1177 uendidit
866 1125 895 1176 et
905 1119 1049 1174 tradiderit
1059 1119 1205 1204 pedulium,
1223 1134 1259 1174 ns
1272 1120 1345 1176 iutra
1359 1135 1460 1176 annum
1473 1121 1584 1190 quidem
1602 1131 1631 1172 ro

146 1211 181 1268 de
198 1211 306 1281 peculio
325 1211 516 1266 conueniatur:
535 1211 714 1282 nequeenim
733 1210 785 1267 hoe
802 1209 920 1280 pretium
939 1209 1011 1264 serui
1029 1208 1165 1278 peeutium
1185 1211 1235 1278 est,
1254 1213 1286 1263 ut
1302 1209 1430 1265 Neratius
1448 1211 1566 1280 scripsit

90 1293 128 1352 33
198 1301 370 1356 innotamus
385 1298 455 1355 libro
467 1298 630 1356 duodeoimu
642 1315 676 1355 ex
689 1299 794 1356 (iussio.
821 1298 876 1354 Sed
888 1299 912 1352 si
944 1295 970 1354 i.
981 1309 1017 1364 rs.
1029 1309 1051 1363 t,
1063 1309 1100 1353 se.
1123 1307 1165 1354 RS.
1175 1309 1212 1364 18,
1222 1309 1244 1364 t,
1258 1309 1318 1364 em
1335 1309 1383 1356 sm.
1393 1311 1446 1356 120.
1467 1309 1508 1368 Ep.
1520 1311 1543 1366 9,
1554 1312 1583 1358 ee
1603 1301 1644 1357 'E

146 1389 207 1458 quis
225 1403 339 1443 seruum.
352 1388 393 1442 ita
409 1387 548 1459 uendidit,
570 1395 602 1444 ut
618 1389 736 1459 pretinm
753 1403 803 1458 pro
820 1387 928 1458 peeuiio
946 1386 1091 1455 reciperet,
1109 1399 1196 1454 penes
1214 1401 1277 1440 eum
1295 1386 1405 1442 uidetur
1422 1402 1484 1442 esse
1501 1402 1583 1456 pseu·

146 1478 219 1546 lium,
239 1477 275 1532 ad
292 1491 373 1546 quem
391 1463 516 1547 pretium
528 1479 628 1548 peoulii
645 1478 778 1548 peruenit,
1602 1485 1632 1526 11

89 1558 127 1616 34
198 1567 370 1621 Pomorum
386 1565 456 1621 libro
474 1566 637 1623 duodeeimo
655 1582 690 1622 ex
707 1566 791 1621 uariis
809 1561 980 1620 tentionibus.
1008 1576 1064 1616 non
1082 1575 1167 1632 penes
1186 1577 1267 1631 quem
1300 1573 1326 1622 s.
1337 1576 1452 1632 renes
1471 1576 1584 1636 spere
1602 1567 1645 1624 'E

145 1667 190 1709 res
208 1654 354 1723 peculiaris
371 1655 415 1710 eit.

89 1736 127 1796 35
197 1743 368 1798 lrnomrns
391 1741 461 1798 libro
485 1741 648 1798 duodecimo
669 1742 827 1798 excessio.
864 1739 904 1796 At
921 1755 984 1795 eum
1002 1739 1082 1794 heres
1099 1739 1191 1796 iussus
1209 1743 1253 1794 est
1269 1741 1406 1810 pseuhum
1439 1739 1644 1810 e.1s,ffl'E

145 1829 211 1886 dare
229 1835 346 1901 aoeepta
362 1836 438 1887 oerta
455 1845 570 1900 summa,
588 1847 643 1887 non
660 1831 773 1887 uidetur
789 1844 875 1901 penes
892 1828 1021 1884 heredem
1040 1843 1101 1884 esee
1119 1828 1265 1898 peculium.
1383 1871 1384 1874 ,

89 1913 127 1974 36
198 1919 349 1976 Unrrsnus
372 1919 442 1976 libro
464 1919 585 1976 seeundo
610 1919 834 1990 disputationum.
870 1918 903 1973 In
926 1916 1016 1972 bonae
1038 1915 1103 1972 fidei
1121 1917 1306 1973 eontraetibus
1325 1933 1408 1988 quse·
1426 1914 1584 2003 [Qu
1615 1923 1637 1978 S

145 2008 241 2064 stionis
260 2013 315 2078 est,
340 2011 392 2064 an¹
412 2008 447 2063 ds
464 2009 572 2077 peoulio
590 2025 625 2063 an
643 2009 672 2064 iu
690 2008 807 2064 solidum
825 2010 904 2077 pater
920 2007 965 2062 nel
984 2007 1110 2062 dominus
1128 2009 1301 2060 tenerentur:
1320 2011 1353 2061 nt
1370 2011 1413 2063 est
1430 2007 1459 2064 iu
1477 2009 1584 2066 sotioue
1602 2018 1631 2058 ¹⁰

145 2095 180 2151 de
204 2095 269 2152 dote
287 2098 436 2166 agitatum,
461 2097 484 2152 si
502 2095 558 2152 filio
576 2095 627 2154 dos
645 2097 712 2152 data
730 2097 780 2166 sit,
805 2112 840 2151 en
857 2101 937 2165 pater
954 2096 1099 2150 dumtaxat
1116 2095 1152 2150 de
1169 2095 1276 2164 peculio
1294 2097 1494 2152 eonneniretur.
1530 2112 1583 2167 ego

145 2190 237 2240 autem
256 2185 374 2241 arbitror
390 2201 446 2241 nou
464 2186 551 2241 sotum
570 2187 605 2240 de
623 2186 739 2256 peculio,
758 2184 808 2239 sed
826 2189 855 2239 et
872 2185 897 2239 si
915 2184 981 2254 quid
999 2188 1143 2254 praeterea
1160 2182 1223 2238 dolo
1237 2185 1308 2240 maio
1321 2185 1406 2254 patris
1419 2191 1500 2256 oapta
1511 2184 1583 2242 irau-

145 2273 265 2344 dataque
291 2278 334 2330 ent
357 2276 466 2344 mulier,
491 2279 647 2344 competere
671 2273 820 2328 sotionem:
845 2289 908 2328 nam
933 2274 957 2328 si
980 2272 1081 2328 habeat
1101 2286 1146 2326 res
1169 2286 1220 2326 neo
1242 2273 1386 2329 restituere
1409 2275 1446 2330 sit
1462 2279 1583 2345 paratus,

146 2377 263 2432 aequum
282 2368 326 2418 eat
343 2378 406 2418 sum
424 2364 520 2432 quanti
538 2379 572 2418 ea
589 2379 633 2418 res
651 2368 694 2418 est
713 2362 897 2418 condemnari
930 2377 994 2416 nam
1012 2360 1087 2430 quod
1105 2361 1133 2414 in
1151 2375 1245 2430 seruo,
1268 2362 1313 2416 oui
1330 2378 1375 2418 ree
1392 2363 1501 2432 pignori
1518 2363 1584 2418 dats

145 2455 197 2521 est,
216 2467 376 2522 expressum
392 2457 442 2522 est,
461 2451 513 2508 hoe
525 2457 554 2508 et
565 2452 594 2507 in
606 2452 704 2506 oeterh
716 2450 806 2506 bonae
818 2449 882 2506 fidei
894 2450 1001 2505 indietis
1013 2448 1201 2518 recipiendum
1214 2465 1276 2505 esso
1287 2451 1455 2522 Pomponius
1467 2452 1584 2522 scripsit.
1602 2463 1630 2505 rs

145 2555 264 2611 namque
282 2541 305 2596 ri
324 2556 404 2596 seruo
423 2555 467 2596 res
485 2541 594 2611 pignori
612 2540 677 2595 data
696 2541 739 2610 sit,
757 2555 812 2595 non
831 2539 918 2594 solum
937 2537 972 2592 de
990 2537 1098 2608 peculio
1115 2542 1145 2592 et
1156 2538 1253 2594 iurem
1265 2555 1346 2596 uerso
1359 2541 1490 2611 eompetit
1502 2541 1582 2612 sudo,

145 2643 242 2684 uerum
265 2629 337 2685 hane
357 2645 466 2700 quoque
484 2630 567 2684 habet
584 2628 765 2684 adiectionem
790 2626 826 2706 ‘et
844 2628 867 2682 si
885 2627 951 2698 quid
969 2626 1122 2682 dolomate
1146 2625 1248 2682 domini
1271 2633 1369 2699 eaptus
1386 2627 1583 2700 fraudatosque

146 2717 230 2773 'sotor
252 2717 313 2774 est!
345 2719 456 2776 uidetur
478 2723 570 2774 autem
588 2717 652 2773 doio
669 2715 761 2772 faeere
778 2717 918 2787 dominus,
941 2717 1002 2786 qui,
1024 2729 1087 2770 eum
1104 2713 1218 2771 haberet
1235 2715 1397 2772 restituendi
1414 2715 1582 2789 hommem,

145 2823 200 2863 non
218 2809 279 2863 nult
295 2809 447 2864 restituere.
1601 2818 1630 2860 ss

91 2883 128 2942 37
199 2897 342 2952 lomentis
360 2895 429 2952 libro
447 2895 610 2951 duodeeimo
628 2893 807 2964 digestorum.
835 2892 865 2949 Si
883 2893 1002 2949 ereditur
1018 2892 1067 2948 iiiii
1081 2892 1302 2948 tuiheredemte
1321 2888 1583 2976 &Mt-af)
1614 2901 1636 2957 s

145 2984 294 3040 instituerit
316 2989 345 3040 et
367 2987 399 3040 tu
422 2983 602 3040 hereditatem
626 2984 685 3038 sius
707 2981 877 3053 uendideris,
900 2984 946 3038 illa
968 2985 1047 3052 parte
1071 2982 1254 3052 stipulationis
1277 2983 1388 3053 ‘quanta
1408 2984 1526 3052 peeuuia
1547 2999 1583 3040 ex
1704 2997 1705 3002 ’

115 3072 127 3116 1
147 3071 306 3128 'hereditate
324 3073 360 3128 ad
378 3077 407 3129 te
425 3072 588 3143 peruenerit
606 3071 743 3128 teneberis
761 3071 796 3126 de
814 3073 929 3141 peculio.
957 3072 987 3128 Si
1005 3087 1086 3127 seruo
1104 3077 1153 3126 tuo
1170 3071 1325 3141 permiseris
1343 3072 1474 3128 uicarium
1492 3087 1583 3130 emere

146 3161 236 3216 aureis
255 3165 326 3231 oum,
345 3163 390 3217 iiie
408 3162 503 3218 desem
522 3161 619 3216 emerit
636 3165 665 3215 et
681 3159 732 3216 tibi
750 3161 893 3231 scripserit
908 3176 939 3217 se
957 3165 1020 3218 otto
1038 3161 1138 3216 emisse
1155 3165 1241 3230 tuque
1256 3160 1281 3214 si
1292 3160 1448 3230 permiseris
1459 3176 1507 3217 eos
1519 3167 1582 3218 outo

145 3263 181 3304 er
198 3255 249 3305 trra
263 3251 381 3320 psuunia
398 3251 504 3306 soluere
528 3255 557 3305 et
580 3249 604 3306 is
622 3249 718 3304 desem
735 3250 861 3320 soluerit,
885 3250 937 3306 hoe
954 3250 1064 3306 nomine
1088 3249 1157 3306 duos
1176 3263 1275 3304 aureos
1293 3253 1400 3304 tantum
1420 3249 1581 3320 uindicabis‚

115 3337 196 3392 used
213 3338 242 3394 hi
259 3339 395 3394 uenditori
412 3338 625 3408 praestabuntur
642 3338 787 3393 dummsat
805 3337 840 3393 de
858 3339 965 3408 psonlio
984 3338 1067 3393 serui.
1094 3337 1210 3394 Seruum
1227 3352 1407 3408 communem,
1426 3353 1506 3408 quem
1520 3353 1581 3394 oum
1601 3347 1629 3390 tt

146 3425 219 3482 Titio
238 3425 373 3492 debebam,
396 3429 500 3483 nmdidt
519 3426 693 3497 Sempronio:
717 3427 871 3497 quaesitum
891 3431 948 3498 est,
966 3429 990 3484 si
1008 3428 1043 3484 de
1061 3428 1169 3498 peeulio
1187 3441 1248 3482 oum
1267 3427 1341 3482 Titio
1359 3431 1408 3482 aut
1426 3441 1487 3482 eum
1506 3425 1582 3484 Sem·

147 3523 306 3594 F[P(LU)]

147 3665 157 3700 ¹
175 3673 211 3719 u'n
229 3665 276 3720 del.
296 3663 379 3732 (Har)

147 3797 252 3868 liieet]
273 3795 444 3852 siliustrPs
459 3797 463 3865 i
480 3796 690 3867 continguatP⁰
730 3797 837 3868 bprae·
891 3799 1046 3870 sempronio
1059 3799 1154 3867 (uerbis
1164 3799 1582 3871 prortmssepnenttburttemnta

147 3868 258 3938 cedens]
286 3868 347 3923 FP*
373 3875 397 3922 st
423 3887 453 3922 es
479 3868 606 3937 Pistum)
637 3868 678 3934 U‘,
706 3869 837 3926 recedens
892 3879 997 3926 totmia
1011 3891 1061 3942 pro
1075 3879 1108 3926 iio
1125 3889 1190 3942 qaue
1202 3887 1283 3941 supro
1298 3879 1375 3941 posui
1387 3871 1523 3936 similibus)
1535 3870 1581 3940 ΕΙ,

146 3939 248 3994 P·LU·
264 3942 268 4006 Ι
284 3945 313 3994 et
330 3937 445 4007 decess]
464 3939 569 3994 deesse
588 3939 627 3993 P·
684 3941 748 3996 det
764 3941 835 4011 ideo]
890 3942 952 3997 titio
961 3946 1009 3998 aut
1018 3957 1080 3996 oum
1089 3940 1244 4010 sempronio
1253 3939 1387 3996 habebam
1399 3941 1460 3996 titio
1472 3940 1583 3996 uendidi

145 4010 207 4065 ideo
225 4011 274 4074 1²⁶,
295 4011 412 4079 ideoque
437 4008 485 4063 1³⁴·
530 4011 648 4066 'tuouis
665 4013 701 4064 F¹
756 4013 837 4083 8pe·
891 4019 1038 4084 antequam
1061 4014 1119 4067 eius
1143 4013 1253 4067 nomine
1275 4016 1402 4080 ageretur
1423 4028 1530 4067 meeum
1548 4011 1583 4066 de

146 4083 245 4136 eutium
258 4081 357 4136 PL·U⁶
402 4081 710 4136 teouuentionem⁴F²
755 4085 789 4138 10
803 4099 837 4138 ne
890 4085 1055 4154 peuuiioF³,
1070 4084 1131 4138 titio
1144 4099 1236 4138 aus.
1250 4082 1384 4137 habebam
1398 4087 1452 4147 (ret
1465 4085 1525 4151 ona.)
1541 4083 1582 4148 U·‚

145 4152 242 4208 i'intra
253 4151 296 4216 F‘,
315 4166 369 4207 nou
381 4152 453 4207 intra
464 4153 497 4218 L,
514 4153 586 4207 intra
602 4153 642 4218 δ”,
655 4169 706 4208 neo
717 4153 789 4208 iutra
804 4155 839 4209 U·
890 4157 952 4210 titio
961 4171 986 4210 a.
994 4171 1018 4209 e.
1026 4171 1048 4210 s.
1058 4159 1186 4224 ageretur
1194 4153 1328 4209 habebam
1338 4181 1529 4207 ..mm-m·-
1539 4154 1582 4219 ι’,

146 4225 178 4279 11
203 4223 299 4278 soribit
321 4223 375 4277 PU
435 4225 469 4278 13
496 4225 612 4294 peculio]
638 4226 774 4294 peculium
799 4226 837 4279 F¹
890 4228 952 4282 titio
970 4232 999 4281 et
1015 4241 1039 4280 e.
1057 4241 1080 4280 s.
1099 4225 1234 4280 habebam
1252 4223 1364 4280 uendidi
1383 4224 1448 4278 ticio
1471 4238 1506 4278 an
1525 4227 1583 4292 (etr)

147 4297 180 4350 13
197 4295 351 4364 peculiaria]
371 4295 521 4363 pecunialie
540 4296 579 4349 P⁶
632 4298 665 4352 l‘i
684 4296 721 4365 at]
740 4301 773 4351 ut
788 4297 838 4361 1³⁶,
891 4313 973 4369 quam
993 4301 1121 4366 ageretur
1138 4312 1201 4352 eum
1220 4311 1252 4352 eo
1265 4295 1304 4351 Ρ*
1317 4313 1393 4350 nunu
1406 4295 1582 4360 rentdbser-

146 4371 174 4421 et
191 4369 228 4421 L·
281 4367 315 4420 19
338 4363 408 4420 libro
426 4366 464 4420 xii
481 4366 509 4420 P
559 4367 595 4420 20
617 4367 733 4436 ardone]
753 4368 837 4424 aedo·
891 4385 956 4425 uum
970 4369 1175 4438 ...quaesitum
1188 4373 1230 4422 est
1243 4376 1270 4422 tn
1281 4370 1359 4422 ittera
1373 4371 1583 4438 conmanere»-

145 4436 226 4494 nibua
245 4437 323 4492 PLU
373 4437 407 4491 21
426 4436 617 4492 conueniretur
683 4439 838 4508 erpennio
891 4447 951 4495 narn
959 4439 1008 4504 Pt,
1020 4447 1048 4493 nt
1057 4441 1160 4511 deficiat
1168 4448 1195 4494 tn
1205 4439 1245 4494 tir
1253 4439 1313 4507 P·)‚
1323 4437 1383 4492 titio
1396 4451 1422 4490 a
1433 4451 1456 4490 e.
1467 4451 1489 4492 s.
1500 4435 1583 4494 hate·

146 4508 185 4563 tte
202 4509 259 4573 Γῆ
277 4523 330 4579 ego
348 4512 441 4562 autem
455 4550 461 4563 .
473 4549 498 4564 ..
513 4509 621 4578 peculio
639 4511 756 4579 (peeuiio
774 4525 837 4568 eon·
890 4510 954 4566 bam
964 4510 1076 4566 uendidi
1085 4511 1150 4566 tieio
1160 4517 1305 4580 remquam
1317 4523 1423 4564 meeum
1433 4507 1583 4578 depeouiio

146 4580 232 4634 ueniri
242 4578 346 4646 P‘LU)
359 4599 408 4633 om.
417 4579 458 4633 P·
493 4582 527 4634 23
539 4579 623 4635 habet
631 4581 684 4636 PU
716 4583 837 4636 donam·
891 4588 1019 4652 ageretur
1036 4579 1072 4635 L*
1088 4602 1166 4636 mana
1182 4601 1240 4646 rea,
1258 4581 1319 4636 titio
1336 4597 1361 4634 a.
1375 4594 1399 4634 o.
1413 4594 1434 4634 s.
1448 4577 1582 4636 habebam

146 4665 200 4719 que
217 4652 251 4720 si]
269 4665 387 4720 namque
405 4655 435 4704 et
452 4650 476 4705 si
494 4652 525 4714 P,
544 4667 607 4706 nam
624 4657 653 4707 et
664 4653 688 4706 si
704 4653 733 4717 U,
752 4654 838 4724 deficit
890 4653 1001 4708 nendidi
1011 4653 1076 4707 tioio
1085 4658 1231 4721 antequam
1239 4657 1368 4722 ageretur
1376 4650 1423 4706 Ut:
1433 4669 1480 4724 eqo
1488 4658 1583 4707 retem

147 4729 174 4776 io
190 4723 232 4777 hie
250 4723 286 4775 b·
338 4724 372 4776 27
391 4722 498 4790 uerum]
516 4736 626 4777 uersum
645 4725 669 4778 F
681 4725 686 4791 1
707 4723 836 4778 adieetio-
891 4727 1084 4795 interpolatione
1094 4726 1263 4779 numdetoris
1274 4743 1325 4778 non
1336 4724 1465 4778 ordinarit
1474 4723 1583 4795 quidem,

146 4800 226 4847 uem*
244 4794 283 4847 Ρ)
336 4794 372 4848 30
389 4795 417 4847 te
436 4793 562 4848 heredem
581 4795 609 4848 P
654 4793 836 4848 3216131114-
889 4797 936 4850 sed
947 4802 1030 4848 tumen
1042 4802 1141 4866 antiqui
1152 4795 1211 4848 dedi
1223 4796 1414 4866 praeceperunt
1426 4793 1584 4864 Graecique

146 4860 241 4919 risF³³
282 4865 317 4919 34
330 4864 373 4934 ex]
383 4865 458 4918 θῖΡυ
474 4867 479 4932 Ι
495 4863 692 4919 triuditeuieF⁷
728 4867 764 4920 36
775 4865 836 4920 titio
890 4867 1023 4921 ostendunt
1034 4865 1221 4937 Sernpronium,
1236 4869 1280 4937 qui
1292 4865 1581 4920 arnonemauttamts-

146 4931 280 4990 habebam
303 4935 415 4991 uendidi
432 4935 595 5005 sempronio]
621 4936 680 4991 titio
703 4941 752 4991 aut
773 4951 836 4991 oum
890 4937 948 4992 tent
956 4937 1080 4991 udaeam
1088 4937 1253 5002 uenditorem,
1264 4955 1317 4992 esse
1325 4943 1470 5008 ereptorem,
1479 4935 1582 5000 Titiam,
