3570 5362
192 128 372 261 vliilsu
866 184 956 264 284
1445 206 1636 255 sunnonis

194 349 205 422 fl
223 349 362 406 tenebitur
385 349 468 404 etiam
490 348 594 404 uieino:
618 361 673 402 non
696 347 787 402 minus
810 346 894 402 etiam
915 346 1053 415 inquilinis
1072 345 1226 402 tenebitnr¹
1245 343 1282 400 ob
1303 358 1349 400 res
1373 357 1468 400 eorum
1493 345 1636 401 exussiss’.
1652 353 1742 404 tttit

159 445 174 489 e
193 437 223 493 Si
245 436 423 493 fornicsrins⁸
442 451 539 492 seruus
558 436 648 492 colom
670 434 707 489 ad
729 433 868 490 fornscem
891 433 1074 509 obdormisset
1097 440 1127 489 et
1148 435 1215 490 uilla
1235 432 1319 488 faerit
1341 437 1448 502 exusta,
1466 427 1637 516 W

192 527 320 582 Neratius
338 524 433 580 scribit
451 540 486 579 ex
503 525 593 579 loeste
606 528 770 579 conuentum
786 527 927 592 praestare
939 523 1048 591 debere,
1067 523 1092 577 si
1109 523 1259 592 neglegens
1276 522 1306 576 in
1323 521 1457 591 eligendis
1475 509 1636 578 ministr-*riis

193 613 258 669 fuit:
282 618 403 668 ceterum
422 613 445 667 si
463 612 534 666 alius
551 613 644 681 ignem
662 611 809 666 subiecerit
826 610 944 679 fornaci,
962 611 1032 665 alius
1051 611 1232 680 neglegenter
1249 609 1422 679 custodierit,
1440 626 1476 665 sn
1493 610 1637 666 tenebitur

193 703 241 772 qui
258 699 422 756 subiecerit?
453 717 517 755 nam
535 701 599 770 qni‘
616 699 751 768 custodit,
774 697 937 768 nihilfecit,
962 698 1008 767 qui
1032 703 1117 753 recte
1129 699 1221 767 ignem
1245 696 1376 766 subiecit,
1399 713 1455 753 nou
1475 700 1668 768 peccauit⁸rs

193 789 260 858 quid
277 804 343 858 ergo
361 788 424 843 cst?
449 794 516 858 puto
533 789 627 844 utilem
646 789 820 857 competere⁸
836 787 972 842 audonem
989 770 1046 841 t'sm
1064 787 1094 841 in
1107 801 1170 841 eum
1189 786 1237 855 qui
1254 785 1291 840 ad
1308 784 1447 840 fornacem
1464 785 1637 843 obdormiuit

76 912 87 930 .
194 893 275 946 quam
293 877 322 931 in
340 891 403 931 cum
421 877 468 946 qui
486 877 663 946 neglegenter
681 875 825 944 emeriti,
849 891 900 930 neo
923 877 1066 944 quisquam
1089 873 1235 928 dixeritis
1257 889 1292 928 eo
1315 875 1362 943 qui
1385 873 1553 929 obdormiuit
1576 887 1636 928 rem

194 980 256 1020 eum
275 964 423 1021 humanam
441 971 470 1019 et
487 965 637 1019 usturalem
654 979 777 1034 passum,
797 979 860 1017 eum
872 962 987 1018 deberet
997 964 1042 1017 uel
1057 963 1149 1031 ignem
1167 961 1328 1030 extinguere
1345 962 1390 1017 uel
1407 962 1447 1016 ita
1463 961 1581 1030 munire,
1598 976 1636 1016 ne

148 1061 176 1105 lo
194 1056 352 1122 cuagcmrt
380 1051 409 1107 Si
427 1051 537 1108 furnum
549 1052 699 1108 secuudum
717 1052 851 1121 parietem
864 1065 1034 1106 communem
1047 1049 1171 1117 haberes,
1190 1064 1226 1103 an
1238 1048 1332 1104 damni
1349 1050 1448 1104 iniuris
1464 1044 1635 1133 Q

192 1141 332 1196 tenearw
364 1145 392 1194 et
414 1141 454 1195 ait
470 1140 602 1195 Proculus
623 1141 669 1208 agi
692 1154 747 1194 non
770 1141 878 1209 possei,
902 1139 968 1209 quia
990 1153 1042 1193 nec
1062 1152 1126 1192 cum
1145 1151 1179 1192 eo
1197 1137 1245 1206 qui
1262 1135 1354 1193 focum
1372 1136 1499 1193 baberet:
1523 1143 1553 1192 et
1570 1137 1634 1194 ideo
1654 1150 1682 1191 rs

194 1229 309 1298 aequius
327 1235 394 1298 puto
401 1230 423 1264 ¹⁰
440 1229 469 1282 iu
487 1226 589 1282 factum
608 1227 744 1282 actionem
763 1226 893 1295 dandam,
910 1227 1016 1281 seilicet
1027 1227 1052 1280 si
1062 1226 1154 1295 psries
1166 1229 1282 1279 exustus
1293 1227 1373 1280 situ:
1393 1227 1435 1280 sin
1454 1231 1547 1280 sutem
1566 1241 1634 1280 non·

194 1316 260 1371 dum
278 1315 344 1370 mibi
361 1315 491 1370 mmnum
509 1314 617 1369 dederis
625 1315 655 1384 ¹¹,
680 1314 729 1369 sed
749 1315 788 1368 ita
805 1314 898 1383 ignem
916 1313 1057 1383 habeas¹⁸,
1079 1319 1112 1368 ut
1129 1317 1263 1383 metuam,
1287 1327 1322 1368 ne
1340 1313 1407 1368 mihi
1424 1314 1555 1369 damnum
1574 1313 1634 1384 des,

146 1413 174 1457 11
194 1404 287 1459 damni
303 1402 396 1458 infecti
413 1408 481 1472 puto
493 1400 620 1458 sufficere
633 1402 825 1458 caudonem¹⁴.
858 1402 991 1457 Proculus
1009 1402 1056 1471 nit,
1074 1417 1136 1457 cum
1155 1401 1245 1456 coloni
1262 1402 1338 1456 serui
1353 1402 1444 1456 uillam
1478 1397 1635 1470 (1111ῆῖ5

194 1492 364 1548 exussissent
371 1494 401 1560 ¹⁸,
421 1491 548 1546 colonum
566 1492 612 1545 uel
630 1505 665 1545 ex
682 1491 772 1546 locato
789 1491 835 1545 uel
850 1491 912 1560 lege
925 1491 1035 1560 Aquilia
1052 1490 1148 1559 teneri,
1165 1489 1206 1544 ita
1223 1494 1254 1544 ut
1272 1491 1384 1545 colonus
1400 1491 1490 1560 possit
1507 1477 1635 1546 ser-uo‘s'-⁶

180 1564 282 1636 noxae
300 1579 409 1648 dedere,
428 1579 491 1634 etsi
502 1594 558 1635 uno
571 1579 671 1634 iudicio
683 1592 728 1633 res
740 1584 815 1632 emet
826 1578 955 1648 iudicem,
974 1579 1060 1634 altero
1078 1578 1196 1648 amplius
1213 1578 1433 1646 non-agendum.
1460 1579 1509 1634 sed
1528 1574 1634 1664 Q
1652 1589 1680 1632 ss

194 1668 262 1723 haec
280 1668 327 1736 ita,
346 1667 370 1721 si
388 1667 470 1736 culpa
487 1668 600 1723 colonus
618 1671 736 1721 esremt:
755 1671 877 1722 ceterum
892 1667 916 1722 si
934 1668 1031 1723 noxios
1048 1680 1144 1721 seruos
1162 1665 1265 1735 hebuit,
1284 1665 1378 1721 damni
1394 1681 1457 1722 eum
1475 1667 1577 1722 iniuria
1593 1673 1633 1724 te·

194 1756 261 1824 neri,
279 1770 329 1810 eur
346 1755 416 1810 tsles
435 1756 532 1810 tabait.
559 1754 631 1810 idem
644 1753 811 1810 seruandum
823 1761 852 1810 et
863 1755 936 1810 eirca
949 1755 1141 1824 inquilinorum
1160 1755 1265 1810 insulse
1281 1769 1415 1825 personas
1432 1754 1541 1810 scirbit:
1561 1770 1634 1826 quas

146 1854 175 1898 ie
195 1844 331 1900 sententia
342 1842 428 1898 habet
438 1844 581 1899 rstionem.
608 1841 638 1897 Si
656 1857 718 1896 oum
732 1857 799 1912 spes
811 1857 888 1898 mese
902 1842 937 1898 ad
950 1847 1014 1897 tuas
1026 1842 1211 1913 aduolassent,
1226 1848 1257 1899 tu
1268 1857 1317 1898 ess
1328 1857 1408 1898 cxus·
1420 1839 1633 1927 Q

88 2003 93 2008 ·
193 1963 380 2037 FleVLOE]

197 2165 205 2196 ¹
224 2161 307 2215 etiam
326 2159 429 2214 uicino:
449 2173 503 2212 non
522 2158 611 2212 minus
630 2161 666 2212 ct.
680 2159 735 2228 inq.
748 2157 894 2227 tenebitur]
912 2159 973 2227 lege
985 2159 1076 2214 uicino
1088 2159 1184 2216 etism:
1203 2174 1258 2217 nen
1269 2160 1359 2215 minus
1370 2164 1407 2215 et
1420 2159 1475 2228 inq.
1491 2158 1554 2214 dou
1566 2166 1634 2214 reris

195 2232 206 2266 ¹
225 2236 253 2285 et
271 2230 310 2284 its
327 2229 421 2284 Labeo
438 2227 506 2282 libro
524 2227 578 2284 XV
596 2243 787 2297 responsorum
806 2227 889 2283 refert
907 2229 1058 2293 addocti,
1080 2230 1124 2283 abi
1139 2233 1216 2301 plara
1233 2237 1370 2302 aequantur
1388 2250 1405 2284 a
1423 2231 1633 2300 compilatoribus

196 2309 292 2355 omissa
362 2298 558 2353 'fornscarius
577 2300 612 2363 (a.
626 2299 671 2366 i.)?
742 2301 890 2368 ‘namque
908 2298 955 2369 qui
973 2314 1027 2354 non
1047 2300 1110 2354 Ooll.
1176 2299 1435 2368 ‘quemadmodum
1452 2299 1476 2353 si
1494 2299 1632 2354 hominem

195 2371 318 2426 medicus
336 2374 411 2425 recte
429 2369 555 2438 secuerit,
574 2369 624 2423 sed
641 2370 819 2439 neglegenter
835 2371 880 2424 uel
898 2370 957 2439 ipse
975 2370 1020 2425 uel
1032 2370 1103 2424 slius
1115 2371 1259 2438 cursuerit,
1278 2370 1388 2439 Aquilia
1402 2375 1495 2425 cessat
1506 2379 1554 2424 ius.
1570 2371 1632 2426 Gall.

196 2444 293 2511 ·putc
312 2439 475 2510 competere]
495 2444 524 2495 et
540 2439 585 2494 hic
603 2445 670 2510 puto
688 2440 724 2495 sd
742 2440 896 2510 exemplum
916 2439 1041 2508 Aquiliae
1064 2440 1183 2496 &udam
1203 2442 1267 2497 Oolt
1337 2441 1449 2510 'quam
1470 2441 1499 2496 in
1522 2456 1632 2510 eumq.

195 2529 222 2567 n.
236 2511 269 2581 e]
288 2512 333 2566 uel
350 2512 527 2580 neglegenter
546 2510 676 2565 custodiit
692 2526 774 2595 quam
794 2511 822 2565 in
840 2511 976 2566 medicum
994 2511 1042 2580 qui
1060 2512 1237 2582 neglegenter
1254 2512 1368 2581 curauit,
1387 2512 1446 2565 siue
1457 2511 1539 2566 bomo
1551 2511 1634 2581 periit

196 2583 255 2637 siue
273 2581 431 2636 debilitatus
449 2585 493 2635 est
513 2581 575 2635 Oolt
594 2581 734 2647 (custodiit
747 2622 753 2635 .
765 2623 772 2636 .
784 2623 790 2636 .
803 2582 981 2651 neglegenter
998 2601 1047 2635 cm.
1063 2583 1161 2649 Berol.)
1224 2583 1235 2617 ⁸
1253 2586 1356 2637 utnon
1374 2586 1538 2650 euagaretur
1557 2585 1633 2646 (eus-

196 2657 271 2708 earet
288 2653 359 2718 libri)
376 2653 442 2706 item
460 2651 528 2706 libro
541 2651 580 2706 Vl
598 2665 633 2705 ex
645 2651 761 2706 Uiuiano
779 2653 893 2707 relatum
913 2652 1074 2720 (relegatum
1086 2653 1157 2718 iibri)
1176 2656 1219 2707 est
1238 2652 1301 2706 Geli.
1371 2655 1383 2687 ⁹
1401 2657 1430 2706 et
1447 2653 1486 2706 nit
1502 2652 1633 2722 proculus

196 2724 242 2792 agi
259 2738 314 2778 nou
331 2722 422 2792 posse]
446 2727 475 2776 et
495 2722 558 2791 ‘agit
580 2737 635 2776 non
651 2726 747 2791 posset
768 2722 797 2776 id
814 2722 926 2792 Aquilia
942 2723 1004 2790 lege
1025 2723 1087 2777 Geli.
1104 2723 1226 2789 (Berotb
1248 2740 1299 2776 scr.
1314 2725 1433 2798 sortasse
1456 2727 1485 2777 et
1508 2723 1556 2792 agi
1577 2737 1633 2778 non

195 2808 277 2864 posse
295 2795 335 2848 ait
352 2794 405 2863 Aq.
424 2793 485 2862 lege
540 2795 562 2828 ¹⁰
579 2797 660 2861 putat
679 2794 740 2847 Ocll
796 2796 816 2828 ¹¹
835 2793 940 2847 seilicet
957 2793 981 2847 si
999 2808 1026 2862 p.
1039 2798 1154 2848 exustus
1171 2794 1208 2848 sit
1236 2792 1352 2848 sednon
1382 2794 1493 2863 reponit
1502 2799 1633 2849 exustum

195 2864 337 2971 parietem.
357 2879 423 2920 sane
442 2864 514 2918 enim
532 2863 626 2932 quaeri
644 2867 736 2932 potest
755 2863 817 2918 Coit.
872 2864 894 2898 ¹¹
913 2863 1019 2917 dederit
1039 2864 1100 2918 Geli.
1117 2864 1226 2931 (Berol.)
1287 2865 1308 2899 ¹³
1381 2868 1427 2919 eat
1447 2864 1633 2932 Ooltfflcroi)

208 2937 272 2989 ‘ne
290 2934 356 2989 mihi
374 2933 503 2988 damnum
522 2933 571 2988 des
653 2933 816 3002 cautionem]
836 2949 870 2988 ne
888 2932 954 2988 mihi
972 2933 1052 2988 detur
1069 2934 1143 3002 (dete
1161 2935 1246 3004 libri),
1271 2950 1388 3004 aequum
1407 2935 1444 2989 sit
1460 2949 1505 2989 me
1522 2934 1633 2990 interim

196 3006 277 3071 (inter
295 3007 365 3071 libri)
384 3005 518 3059 actionem
537 3001 686 3058 infactum
705 3003 850 3072 impetrare
874 3004 1018 3074 (imperare
1032 3006 1137 3071 Berot).
1165 3002 1290 3060 fortassis
1302 3005 1374 3060 enim
1392 3005 1427 3060 ds
1444 3003 1497 3060 hoc
1515 3006 1634 3060 senserit

196 3075 336 3131 Proculus.
364 3076 417 3130 nisi
434 3076 496 3143 quis
514 3074 614 3129 dixerit
631 3074 723 3129 damni
741 3089 796 3128 nou
814 3072 879 3129 facti
903 3073 1029 3131 sufficere
1051 3076 1205 3131 caudunum
1226 3077 1301 3140 Uolt,
1325 3076 1370 3129 abi
1392 3076 1491 3130 lisere
1624 3097 1633 3130 .·

196 3147 293 3202 sedet
311 3146 335 3201 si
353 3147 400 3215 qui
418 3146 490 3214 (quis
508 3146 579 3211 libri)
603 3145 677 3199 serui
698 3145 821 3214 inquilini
843 3145 960 3200 insulam
978 3146 1134 3201 exusserint
1151 3147 1237 3211 (—rit
1254 3147 1367 3213 Burei),
1385 3145 1454 3201 libro
1471 3146 1499 3199 X
1542 3146 1633 3201 rseius

196 3214 280 3272 refert
297 3215 427 3272 Sabinum
445 3215 619 3284 respondisse
637 3217 699 3285 lege
716 3215 826 3284 Aquilia
849 3231 991 3272 seruorum
1015 3217 1124 3271 nomine
1146 3217 1285 3272 dominum
1303 3217 1394 3271 noxali
1411 3215 1514 3283 (noxab
1532 3218 1633 3283 Beret)

196 3287 297 3342 iudicio
316 3286 547 3342 conueniendum:
571 3301 606 3340 ex
629 3287 718 3341 locato
740 3287 852 3352 (tolosto
870 3287 968 3352 Berol.)
990 3292 1082 3342 autem
1106 3286 1245 3342 dominum
1267 3287 1354 3341 teneri
1371 3290 1462 3355 neget
1499 3287 1634 3343 Proculus

140 3346 151 3365 ⁶
197 3362 289 3414 sutem
301 3357 452 3427 respondit,
464 3372 526 3411 cum
539 3356 627 3411 coloni
640 3357 869 3429 etq.seq.iaDi9.
924 3359 946 3393 ¹⁸
959 3358 1113 3413 exusserint
1124 3359 1186 3413 Coit
1240 3358 1262 3392 ¹⁶
1273 3372 1369 3413 seruos
1380 3362 1475 3426 posset
1486 3358 1550 3414 Uolt
1559 3358 1595 3425 (a
1605 3360 1633 3425 i)

196 3465 621 3477 mnu-.—

197 3515 331 3584 luieinol
351 3514 434 3569 uicini
453 3514 515 3569 ceu
528 3514 638 3581 (Berot)
681 3515 699 3570 2
716 3512 885 3584 fornicarius]
940 3517 1061 3572 om.Oolt
1090 3514 1633 3584 laced10t00u1motaam00utiiae.)

195 3585 364 3643 fomacerius
385 3591 526 3656 requiritur
548 3591 577 3638 at
589 3603 641 3655 pro
664 3583 827 3640 fornicatore
844 3586 886 3650 33,
941 3588 975 3641 13
992 3584 1087 3641 infecti
1104 3586 1141 3638 1Ἲ
1158 3587 1163 3653 Ι
1179 3585 1226 3654 ait]
1245 3590 1294 3641 sut
1310 3586 1347 3638 F¹
1394 3586 1429 3641 14
1445 3587 1491 3641 uel
1507 3586 1581 3656 lege]
1593 3587 1632 3640 fi

195 3657 270 3722 7,14
286 3654 453 3711 fornscator:
472 3654 633 3725 oorpsiproc
651 3655 700 3709 BS
718 3663 742 3710 ei
758 3656 798 3722 B,
816 3653 887 3711 forte
941 3657 1004 3722 Geli
1018 3656 1108 3719 (Uind.
1123 3657 1204 3721 Uere,
1220 3656 1291 3724 lege,
1308 3674 1358 3710 om.
1370 3656 1416 3712 uel
1427 3671 1470 3725 ex,
1486 3657 1570 3725 Bm),
1587 3656 1632 3712 ud

198 3728 260 3782 Ooll.
276 3727 281 3793 Ι
296 3741 393 3781 seruus
411 3725 509 3794 coloni]
528 3740 627 3780 seruus
644 3740 715 3794 quae
732 3725 805 3780 idem
824 3741 887 3781 eon-
940 3727 1001 3782 exl
1037 3726 1198 3794 eF’PLUl
1213 3726 1301 3781 teneri
1319 3744 1367 3780 om.
1382 3727 1445 3782 0011.
1453 3728 1538 3794 (Ber.)
1555 3728 1560 3795 Ι
1576 3742 1632 3783 ser·

195 3797 325 3852 ductores
342 3796 430 3852 coloni
444 3797 505 3851 coit
521 3796 526 3862 1
542 3795 743 3851 obdormissent
752 3797 793 3850 P·
803 3795 885 3867 Ociti
940 3741 1123 3866 nosffiffcum
1134 3796 1184 3851 BS
1195 3797 1344 3863 (Dorotm
1361 3797 1404 3850 iss
1422 3794 1493 3864 istst
1511 3815 1554 3852 aur
1567 3797 1632 3860 reis

196 3866 353 3922 ex'i'ustsF
382 3868 400 3921 3
411 3866 541 3934 nerstius]
553 3866 673 3921 manens
684 3867 745 3921 Uolt
756 3867 867 3934 (Reos)
880 3871 886 3931 Ι
940 3867 1048 3933 oistrsc
1057 3882 1155 3923 seruus
1167 3867 1317 3934 Oelttiisr„
1327 3881 1437 3923 sernum
1448 3867 1523 3921 Uisd
1537 3868 1631 3937 Uere),

194 3938 256 3994 loca
267 3941 404 3993 conuentu
416 3936 596 4004 Goltwrrol)
612 3939 617 4004 Ι
632 3939 726 4005 istam
735 3938 780 4000 Ρ,
792 3943 887 4006 prae·
939 3952 1049 3993 seruum
1068 3937 1214 3992 FPVLU
1262 3937 1297 3992 15
1314 3937 1424 4007 dudm]
1442 3937 1550 3993 dederit
1568 3939 1632 3994 orit

196 4013 269 4064 stare
279 4008 317 4060 pa
332 4009 337 4075 Ι
353 4006 493 4077 elegendis
501 4007 546 4071 F',
559 4006 682 4076 legendis
693 4007 755 4062 Ocu.
764 4008 886 4074 (Bes-eiu
941 4009 1026 4074 (Ber.)
1047 4009 1053 4076 1
1072 4023 1128 4063 non
1145 4008 1282 4077 agendum
1299 4008 1350 4063 sed
1366 4007 1435 4063 haee
1451 4009 1492 4063 its
1508 4009 1533 4064 si
1550 4009 1632 4079 eulpa

195 4078 391 4133 eruemus
405 4078 467 4132 siB
482 4079 487 4143 Ι
502 4077 633 4132 ministris
642 4075 746 4149 sprUs
779 4077 886 4132 teste·
940 4079 1037 4134 cm.P·
1052 4081 1057 4147 Ι
1073 4078 1208 4148 agendam
1222 4079 1380 4145 Ooltfflsr.)
1414 4080 1447 4135 16
1459 4081 1613 4135 seruus?
1603 4079 1631 4205 ul

195 4149 264 4218 rum]
275 4153 427 4203 ceterorum
439 4148 626 4214 Oolt(tenetur
634 4152 786 4204 ceterorum
795 4147 886 4212 Ber.)l
939 4148 1100 4205 habuissent
1121 4150 1169 4214 P·,
1197 4147 1339 4205 bsbuissct
1364 4147 1488 4204 1³³an
1508 4153 1514 4216 Ι
1537 4149 1602 4205 dem

195 4219 326 4275 subicerit
342 4219 374 4283 P,
392 4217 509 4273 subiecit
523 4219 554 4282 V,
573 4218 688 4273 subierit
707 4219 769 4273 Geli.
782 4218 885 4287 (Beril
940 4235 1002 4274 enm
1011 4221 1110 4275 iniuria
1120 4220 1208 4274 teneri
1216 4234 1265 4274 eur
1272 4221 1343 4275 tsles
1351 4218 1447 4275 babuit
1458 4220 1596 4287 (bsbuerit
1595 4223 1632 4306 [l

194 4289 424 4359 neglegentemF,
437 4298 485 4342 inc.
496 4289 534 4341 P·
549 4291 554 4355 1
569 4305 606 4343 an
616 4288 754 4344 tenebitur
763 4288 809 4357 qui
821 4287 886 4342 sub·
930 4290 1061 4364 sPVLU
1083 4309 1132 4345 om.
1140 4292 1186 4355 ΡΙ,
1204 4289 1296 4345 damni
1309 4291 1434 4346 ...tsles
1452 4292 1512 4357 (ors
1524 4290 1631 4357 beburt)

195 4359 297 4429 iecerit]
316 4365 425 4414 wnetur
442 4361 486 4413 rel.
499 4378 547 4412 ora.
563 4360 625 4414 (icit
674 4361 691 4414 5
709 4374 765 4429 qus
781 4356 884 4413 subies.
938 4379 969 4415 su
1015 4331 1084 4415 ,τῤ
1104 4360 1156 4414 ἐπεὶ
1175 4358 1222 4414 tis
1241 4359 1386 4416 &mitescis
1404 4361 1506 4416 oisirsc
1518 4361 1588 4431 ἓχωκ
1601 4361 1630 4415 'es

196 4432 231 4483 Ρ
248 4433 253 4498 Ι
268 4430 344 4500 nihil]
364 4430 387 4484 si
405 4428 471 4483 nihil
489 4428 533 4483 hio
549 4430 610 4484 ooli.
623 4431 708 4496 (Ber.)
725 4431 729 4497 Ι
745 4428 800 4498 qui]
813 4443 885 4497 quse
939 4431 1041 4494 silures,
1060 4432 1121 4486 τότε
1140 4432 1179 4485 ssi
1198 4432 1237 4498 τῷ
1256 4429 1389 4499 Ἀκογῖλίῳ
1408 4432 1537 4501 κατἐχετιι
1557 4431 1630 4498 'ssu-

198 4500 261 4555 Oct.
277 4502 282 4567 Ι
297 4499 425 4569 peccabit
441 4499 490 4552 FP
531 4501 623 4555 (item
640 4500 678 4570 in]
696 4504 788 4554 lumen
803 4500 882 4566 Ociti
938 4502 1069 4563 loiseaco
1086 4501 1127 4555 ssi
1145 4503 1168 4555 ri
1186 4502 1324 4565 τοιοῨτογο
1342 4502 1443 4557 οἰκέτις
1461 4503 1530 4572 siges
1543 4501 1573 4556 'es
1592 4503 1631 4571 τῷ

196 4569 453 4637 mamertine.)
469 4571 474 4636 Ι
490 4569 664 4639 obdormiuit]
675 4570 885 4626 eidormiuitii
939 4572 1009 4643 irpdr
1028 4573 1077 4626 Rs
1089 4573 1233 4642 (Dorotb),
1251 4572 1336 4626 tibiis
1352 4572 1447 4627 silices
1462 4574 1532 4645 qood
1549 4581 1587 4629 cst
1604 4575 1633 4628 ul

196 4641 212 4694 7
230 4639 380 4694 custodi‘r't
397 4641 442 4707 Fi
462 4641 523 4710 nec]
545 4655 581 4694 ne
600 4641 663 4695 Geli
681 4641 765 4706 (Ber.)
786 4642 791 4704 l
811 4641 886 4709 quie·
938 4661 1018 4713 ssqae
1033 4642 1145 4714 Gyrillue
1162 4650 1278 4714 quescit
1294 4661 1373 4715 seque
1388 4641 1540 4714 Amyntas
1558 4645 1632 4700 aidr-

195 4725 278 4832 232111
292 4710 350 4764 FL:
364 4710 402 4763 ssi
419 4712 510 4764 sabeis
524 4711 622 4774 serisso
637 4710 686 4765 Rs
726 4712 887 4767 Ἰ8111111019
939 4720 1030 4784 tesquis
1053 4713 1254 4767 additamentum
1277 4731 1331 4768 sese
1346 4713 1477 4768 Dorothei
1531 4715 1567 4768 18
1584 4713 1631 4769 hs·

286 4780 497 4848 surgent?-
550 4780 703 4837 loteneris
723 4782 784 4836 (loli
806 4783 811 4848 1
832 4796 887 4838 non
939 4781 1136 4849 beatP·itu
1158 4783 1215 4851 ess]
1238 4787 1311 4838 totns
1337 4784 1632 4850 Ooll.lexuserisi’²‚

194 4849 286 4920 posse]
304 4864 387 4920 posse
405 4864 460 4905 non
476 4851 525 4904 Ρ
545 4853 550 4918 Ι
570 4856 600 4906 ct
619 4871 667 4905 cra
688 4852 751 4906 Ooll.
775 4852 886 4918 (Boot)
939 4852 1061 4908 exuserit
1076 4854 1115 4906 1Ἶ
1136 4853 1198 4909 Geli
1217 4854 1301 4920 (Ber.)

196 4921 230 4976 11
249 4920 373 4990 sequius]
396 4920 524 4990 sequium
544 4923 606 4976 Uolt.
628 4923 633 4990 Ι
653 4922 714 4977 sim⁴
731 4926 823 4977 autem
841 4923 886 4986 Ρ,
