3698 5364
247 163 350 232 XXVI
372 166 390 230 l
410 169 490 226 3-5
916 155 940 232 'i
947 153 1004 235 60
1292 181 1339 227 na
1362 180 1685 228 aurnumranrrorrre

246 338 310 379 eum
328 321 485 377 conuersari
503 319 647 388 uidebant,
671 323 829 390 suspectum
848 331 910 373 enm
928 331 983 372 non
1002 315 1134 372 feceruut.
1161 317 1276 375 adsidue
1294 320 1378 390 igitur
1396 319 1574 376 strationem
1593 318 1629 375 ab
1648 335 1684 375 co

247 413 357 481 exigere
375 426 424 466 eos
441 415 549 480 oportet
567 415 595 463 ot
613 409 727 464 sollicite
746 422 850 476 curare,
869 407 985 476 qualiter
1003 413 1188 477 conuersetur,
1207 413 1235 463 et
1253 409 1277 464 si
1294 409 1412 480 pecnnia
1429 410 1473 480 sit,
1491 425 1562 480 quae
1579 409 1685 480 deponi
1768 422 1769 426 ’

241 501 348 572 possit,
373 515 482 568 curare,
507 505 538 553 ut
562 498 714 567 deponatur
738 497 773 551 ad
791 495 965 567 praediorum
982 497 1228 566 comparationem:
1251 497 1428 554 blandiuntur
1450 500 1521 554 enim
1544 498 1610 569 sibi,
1635 500 1685 569 qui

246 595 345 660 putant
367 589 525 644 honorantes
549 593 654 642 tutores
679 587 788 642 omnino
812 601 867 640 non
889 585 989 640 teneri:
1018 590 1146 641 tenentur
1174 589 1247 642 enim
1271 588 1420 644 seeundum
1443 603 1478 644 ea
1500 603 1571 658 qnae
1598 603 1686 658 supra

214 685 228 730 t
247 677 425 744 ostendimus.
463 677 593 743 Quamuis
611 681 704 730 autern
728 675 753 730 ei
771 675 943 746 potissimum
967 689 997 729 se
1021 676 1134 730 tutelam
1160 678 1367 734 commissurum
1392 682 1501 748 praetor
1524 678 1611 747 dicat,
1638 678 1721 732 cuia

246 757 362 823 testator
380 768 531 836 delegauit,
557 771 678 821 ettamen
697 779 900 834 nonnumquam
924 761 959 818 ab
982 762 1034 818 hoc
1046 765 1181 834 recedet,
1207 771 1237 821 ut
1258 771 1327 837 puta
1349 769 1373 822 si
1391 773 1470 838 pater
1487 767 1577 822 minus
1595 781 1684 836 penso

247 858 359 914 consilio
377 857 429 912 hoc
447 856 520 926 feeit,
539 854 609 910 forte
628 855 715 909 minor
732 854 831 924 uiginti
850 853 970 922 quinque
988 853 1080 923 annis,
1105 854 1149 908 uel
1171 869 1204 909 eo
1221 859 1344 926 tempore
1363 855 1442 928 iecit,
1464 870 1519 927 quo
1536 855 1589 910 iste
1606 859 1685 909 tutor

246 946 335 1002 bonae
353 947 426 1002 uitae
444 947 489 1001 uel
507 944 580 1014 frugi
598 942 751 1012 uidebatur,
771 942 869 997 deinde
887 946 986 1012 postea
1003 942 1074 997 idem
1088 943 1179 1013 coepit
1191 944 1261 998 male
1274 945 1431 1000 conuersari
1442 946 1585 1015 ignorante
1596 948 1682 998 testa·

247 1042 313 1104 tore,
332 1037 377 1090 uel
396 1036 418 1090 si
438 1033 666 1105 contemplatione
684 1031 856 1087 facultatium
874 1031 933 1085 eius
951 1047 995 1086 res
1014 1032 1040 1086 ei
1057 1034 1204 1088 commissa
1221 1039 1272 1102 est,
1290 1033 1389 1104 quibus
1402 1041 1499 1104 postea
1511 1037 1610 1089 exutus
1630 1035 1684 1088 est.

214 1132 229 1178 4
247 1125 315 1180 Nam
334 1130 362 1178 et
380 1125 403 1178 si
422 1139 505 1178 unum
521 1128 600 1193 pater
612 1122 719 1177 dederit
735 1126 863 1192 tutorem,
882 1135 1086 1190 nonnumquam
1105 1122 1130 1176 ei
1145 1122 1331 1192 adiunguntur
1342 1130 1496 1179 curatores:
1514 1139 1577 1178 nam
1596 1123 1684 1192 impe·
1709 1137 1740 1176 ro

184 1225 189 1236 ¹
246 1219 321 1268 rator
336 1216 429 1268 noster
447 1229 509 1267 cum
527 1218 605 1282 patre
623 1212 770 1282 rescripsit,
789 1227 851 1266 cum
870 1207 939 1265 duos
957 1211 1018 1279 quis
1030 1210 1141 1266 libertos
1153 1227 1218 1266 suos
1229 1217 1334 1268 tutores
1346 1203 1476 1282 dedisset,
1494 1228 1577 1267 unum
1590 1227 1684 1266 rerum

247 1303 416 1372 Italicarum,
440 1303 523 1356 alium
542 1317 632 1356 rerum
650 1299 853 1369 Africanarum,
877 1305 1016 1354 curatores
1040 1299 1080 1354 eis
1103 1299 1305 1371 adiungendos,
1330 1315 1380 1358 nec
1402 1302 1489 1372 patris
1512 1301 1599 1356 secuti
1617 1304 1687 1355 sunt

215 1401 229 1447 o
247 1392 425 1448 uoluntatem.
454 1390 532 1455 Quod
550 1391 578 1444 in
596 1389 733 1446 tutoribus
751 1389 881 1458 seriptum
900 1393 950 1458 est,
969 1392 997 1442 et
1013 1388 1040 1442 in
1052 1389 1237 1460 cultratoribns
1249 1390 1301 1445 erit
1312 1389 1523 1458 obseruandum,
1541 1405 1612 1460 quos
1631 1385 1685 1473 [(ἰζ)
1707 1401 1727 1447 ί.
1739 1402 1788 1448 sss

216 1490 229 1536 s
247 1487 326 1550 pater
342 1485 508 1536 testamento
526 1479 674 1534 destinauit
692 1495 709 1532 a
726 1482 852 1548 praetore
870 1475 1078 1532 confirmandos.
1099 1533 1100 1536 ,
1114 1478 1241 1549 Apparet
1257 1479 1342 1549 igitur
1358 1481 1477 1548 praetori
1493 1495 1574 1535 curae
1586 1477 1686 1551 fuisse,

248 1585 282 1624 ne
300 1571 387 1624 tutela
404 1585 453 1639 per
470 1570 563 1640 plures
581 1569 798 1636 administretur,
822 1567 923 1636 quippe
944 1567 997 1622 etsi
1015 1571 1094 1637 pater
1111 1583 1165 1626 non
1184 1567 1365 1624 destinauerit
1381 1569 1442 1639 quis
1460 1583 1554 1638 gerere
1573 1567 1687 1638 debeat,
1711 1583 1743 1624 ra

248 1663 368 1714 attamen
392 1659 419 1713 id
443 1659 514 1728 agit,
538 1663 570 1736 ut
589 1673 640 1729 per
663 1673 747 1712 unum
772 1656 990 1712 administretur:
1011 1672 1078 1712 sane
1102 1658 1173 1712 enim
1197 1656 1304 1714 facilius
1327 1674 1399 1714 unus
1420 1664 1494 1714 tutor
1514 1663 1542 1714 et
1559 1657 1689 1712 actiones

216 1756 230 1802 7
249 1755 358 1804 exercet
376 1753 405 1803 et
423 1749 532 1818 excipit.
560 1748 600 1803 Ne
618 1761 668 1818 por
685 1747 785 1801 multos
796 1747 883 1800 tutela
895 1751 1048 1816 spargatur,
1068 1747 1091 1802 si
1107 1763 1161 1802 non
1179 1749 1231 1802 erit
1249 1751 1409 1803 stastatore
1421 1749 1524 1803 electus
1543 1735 1688 1823 [Q

249 1843 323 1892 tutor
342 1841 390 1892 aut
401 1853 497 1906 gerere
509 1837 591 1905 uolet,
610 1841 668 1890 tum
681 1836 705 1890 is
717 1839 803 1904 gerat,
823 1835 866 1890 cui
879 1835 965 1890 maior
976 1851 1040 1905 pars
1052 1839 1172 1892 tutorum
1189 1837 1303 1892 tutelam
1318 1837 1484 1892 decreuerit:
1502 1842 1614 1907 praetor
1633 1834 1689 1922 [qap

249 1928 333 1997 igitur
350 1926 455 1982 iubebit
472 1942 520 1981 eos
539 1925 683 1980 conuocari
702 1929 764 1993 ant,
788 1924 812 1978 si
834 1941 889 1980 non
906 1924 1020 1980 coibunt
1037 1929 1086 1979 aut
1103 1926 1192 1980 coacti
1210 1940 1265 1982 non
1284 1926 1443 1994 decernent,
1469 1943 1553 1982 causa
1571 1929 1691 2002 cognita

217 2017 309 2087 sipse
327 2021 444 2084 statuet,
468 2016 529 2084 quis
553 2016 666 2070 tutelam
691 2019 776 2083 geret.
813 2014 897 2070 Plane
921 2015 945 2068 si
969 2029 1023 2070 non
1046 2016 1219 2071 consentiant
1241 2021 1346 2071 tutores
1369 2016 1501 2086 praetori,
1525 2015 1574 2070 sed
1597 2017 1691 2072 uelint
1712 2031 1745 2071 ao

250 2121 345 2161 omnes
363 2121 466 2175 gerere,
486 2104 550 2174 quia
567 2102 650 2158 iidem
668 2119 723 2158 non
740 2102 860 2158 babeant
877 2103 964 2159 alecto
982 2118 1034 2158 nec
1051 2103 1193 2173 patiuntur
1210 2106 1374 2162 succedanei
1391 2121 1452 2161 esse
1469 2105 1549 2160 alieni
1560 2107 1691 2177 periculi,

216 2203 231 2250 9
250 2195 396 2250 dicendum
421 2197 464 2248 eet
488 2198 640 2263 praetorem
664 2193 822 2262 permittere
846 2193 886 2248 eis
908 2191 1034 2248 omnibus
1052 2207 1156 2262 gerere.
1193 2194 1262 2248 item
1287 2196 1311 2250 si
1328 2194 1414 2250 diuidi
1432 2195 1503 2250 inter
1520 2209 1550 2250 se
1568 2195 1692 2251 tutelam

251 2285 337 2340 uelint
354 2288 468 2353 tutores,
488 2281 617 2338 audiendi
634 2286 707 2351 sunt,
726 2287 758 2336 ut
775 2281 954 2337 distribuatur
971 2283 1042 2336 inter
1060 2297 1107 2337 eos
1126 2282 1324 2339 administratio

213 2372 233 2429 4
304 2374 382 2428 Inus:
405 2373 473 2428 libro
496 2387 569 2426 nono
592 2371 627 2426 ad
651 2371 779 2426 edictum.
817 2372 861 2426 nel
884 2372 1085 2441 inpartesuel
1108 2372 1136 2426 in
1159 2373 1300 2441 regiones,
1323 2373 1397 2428 etsi
1421 2373 1460 2428 ita
1480 2371 1563 2428 inerit
1585 2371 1692 2446 diuisa,
1716 2374 1762 2428 'E

253 2463 438 2532 unusquisqne
457 2463 617 2532 exceptione
635 2461 852 2516 summouebitur
869 2475 919 2529 pro
937 2475 971 2515 ea
987 2466 1066 2530 parte
1084 2461 1129 2516 uel
1146 2462 1267 2531 regiam,
1285 2455 1367 2531 qnam
1385 2478 1441 2518 non
1458 2463 1643 2518 administrat.
1715 2477 1747 2518 as

215 2549 233 2608 ὁ
305 2552 383 2606 lnam
404 2551 473 2606 libro
496 2552 636 2620 trigesimo
659 2551 755 2620 quinto
779 2550 815 2604 ad
833 2550 961 2606 edictum.
997 2551 1040 2614 lta
1058 2556 1149 2606 autem
1168 2551 1333 2621 depositioni
1350 2552 1526 2622 pecuniarum
1545 2549 1695 2636 [ᾗῇ
1730 2560 1755 2615 s

252 2643 328 2698 locus
347 2645 403 2708 est,
428 2642 451 2695 si
470 2656 504 2696 ea
521 2657 629 2696 summa
646 2639 766 2709 corradi,
789 2639 879 2695 idest
902 2641 991 2709 colligi
1010 2641 1109 2710 possit,
1134 2645 1165 2695 ut
1188 2643 1339 2711 comparari
1357 2657 1424 2712 ager
1441 2642 1541 2713 pessit:
1564 2643 1588 2696 si
1613 2644 1693 2699 euim

252 2737 308 2788 tam
328 2732 455 2800 exiguam
475 2745 536 2785 esse
554 2731 667 2786 nitelam
686 2728 765 2784 facile
783 2728 923 2798 probatur,
940 2735 973 2784 ιιι
990 2743 1024 2784 ex
1042 2744 1153 2785 nummo
1165 2729 1268 2786 refecto
1280 2732 1421 2800 praedium
1436 2747 1521 2802 puero
1533 2735 1694 2802 comparari

253 2836 307 2876 non
325 2821 420 2890 possit,
439 2819 574 2888 depositio
593 2823 692 2874 cessat.
720 2834 790 2888 quae
809 2833 875 2888 ergo
893 2819 995 2874 tutelae
1014 2820 1153 2888 quantitas
1171 2819 1369 2890 depositionem
1388 2822 1513 2891 inducat,
1532 2821 1693 2879 uideamus.

253 2915 281 2964 et
300 2926 361 2964 cum
380 2925 464 2964 carisa
482 2908 659 2976 depositionis
677 2908 852 2978 exprimatur,
871 2913 902 2962 ut
919 2907 1032 2978 praedia
1048 2910 1160 2979 pupillis
1179 2917 1378 2980 comparentur,
1396 2908 1570 2966 manifestum
1584 2916 1639 2981 est,
1658 2918 1695 2968 ut
1716 2923 1747 2965 sc

252 2999 289 3054 ad
307 2998 432 3053 minimas
450 3013 571 3052 summas
589 3013 644 3052 non
662 2998 789 3052 uideatur
805 2997 954 3068 pertinere:
972 2996 1072 3066 quibus
1087 2998 1184 3054 modus
1196 2997 1333 3069 praefiniri
1344 2991 1507 3068 generaliter
1518 3013 1573 3054 non
1584 3005 1694 3072 potest,

253 3104 316 3143 oum
334 3087 441 3142 facilins
463 3103 548 3141 causa
569 3087 680 3156 cognita
701 3103 751 3158 per
773 3087 896 3155 singulos
917 3088 1006 3156 possit
1028 3089 1185 3144 examinari·
1213 3103 1264 3144 nec
1287 3093 1380 3143 mmen
1403 3087 1552 3144 auferenda
1569 3087 1695 3146 facultas

253 3183 297 3232 est
314 3178 397 3231 etiam
417 3177 534 3231 minores
553 3192 673 3231 summas
696 3175 833 3232 interdum
852 3175 952 3244 deponi
969 3177 1122 3247 postulare,
1147 3178 1170 3232 si
1189 3179 1310 3248 suspecti
1328 3181 1433 3233 tutores
1452 3193 1513 3232 esse
1531 3177 1694 3235 uideantur.

220 3267 379 3322 1Gessisse
402 3269 495 3320 antem
519 3265 628 3320 uidetur
651 3271 737 3336 tutor,
750 3256 809 3336 ‘qui
832 3266 898 3335 quid
921 3267 1031 3321 omnino
1053 3267 1186 3336 pupillare
1209 3267 1302 3337 attigit
1323 3267 1430 3322 etiamsi
1454 3265 1604 3337 modicum,
1630 3283 1695 3323 ces-

220 3365 234 3410 2
253 3363 368 3426 eantque
387 3360 480 3425 partes
498 3369 600 3425 eornm,
620 3357 666 3426 qui
683 3356 772 3410 solent
785 3360 924 3410 cessantes
937 3370 1036 3424 cogere
1048 3355 1246 3412 administrare.
1273 3354 1353 3421 Quod
1365 3356 1388 3410 si
1400 3361 1577 3425 posteaquam
1591 3358 1695 3428 gessit,
1716 3371 1747 3413 ss

220 3454 234 3498 ι
253 3451 318 3500 tunc
337 3461 367 3500 se
385 3451 466 3514 gestu
485 3443 629 3514 abstinuit,
651 3445 733 3500 ctiam
752 3435 874 3515 suspecti
891 3445 1039 3515 postulatio
1058 3445 1188 3500 succedit.
1225 3445 1304 3511 Quod
1321 3445 1345 3498 si
1363 3445 1424 3513 quis
1441 3445 1555 3500 tutelam
1573 3446 1695 3502 manda·

252 3535 324 3589 uerit
341 3534 490 3603 gerendam
509 3537 641 3604 gestaque
660 3533 742 3590 suerit
759 3534 794 3589 ab
813 3549 846 3590 eo
864 3535 908 3589 cui
927 3534 1086 3590 mandatnm
1105 3541 1155 3604 est,
1173 3535 1249 3590 loeus
1267 3535 1319 3589 erit
1330 3535 1433 3590 tutelae
1446 3534 1557 3590 audoni:
1576 3535 1697 3592 uidetur

253 3625 324 3678 enim
349 3623 469 3692 gessisse
497 3625 543 3693 qui
566 3639 616 3694 per
643 3625 726 3680 aliurn
756 3625 850 3694 gessit.
878 3623 951 3693 quod
975 3625 998 3678 ei
1022 3639 1077 3678 non
1101 3625 1219 3680 accessit
1240 3624 1268 3678 is
1289 3624 1333 3678 cui
1358 3623 1515 3680 mandatum
1545 3629 1601 3693 est,
1630 3626 1697 3683 utili

220 3720 235 3766 4
253 3714 359 3768 actions
379 3714 547 3768 conuenitur.
584 3713 698 3769 Debitor
715 3714 809 3782 patris,
827 3713 874 3782 qni
892 3713 1006 3770 tutelam
1025 3713 1226 3768 administrauit
1242 3711 1299 3782 tilii,
1317 3713 1420 3768 tutelae
1437 3713 1538 3768 iudicio
1549 3712 1697 3771 tenebitur

221 3803 335 3856 tetiam
354 3801 389 3856 ob
408 3803 436 3856 id
455 3803 528 3872 quod
546 3804 618 3872 patri
636 3801 738 3857 debuit.
775 3801 804 3860 Si
823 3807 897 3857 tutor
914 3803 1046 3871 pupillum
1064 3817 1143 3857 sunm
1162 3801 1292 3872 puberem
1311 3800 1413 3857 iactum
1436 3817 1490 3857 non
1508 3802 1696 3876 admonuerit,
1716 3819 1747 3860 ac

254 3897 285 3946 ut
303 3891 354 3946 sibi
373 3897 512 3948 curatores
530 3899 637 3961 peteret
660 3891 755 3956 (saeris
778 3892 851 3946 enim
874 3891 1114 3947 constitutionibus
1137 3892 1189 3948 hoc
1209 3891 1299 3947 iacere
1317 3890 1427 3946 iubetur
1444 3891 1491 3962 qui
1507 3892 1623 3946 tutelam
1642 3893 1697 3949 ad-

254 3981 441 4051 ministrauit),
466 3997 502 4036 an
518 3982 624 4038 tutelae
640 3981 740 4036 indicio
758 3981 904 4036 teneatur?
931 3987 959 4036 et
976 3982 1065 4050 magis
1086 3987 1153 4051 puto
1176 3979 1302 4036 sufficere
1319 3983 1423 4037 tutelae
1440 3981 1585 4049 iudicium,
1609 3985 1697 4051 quasi

221 4077 235 4124 t
253 4086 388 4125 conexum
406 4071 442 4125 sit
459 4070 511 4125 hoe
528 4072 632 4125 tutelae
649 4068 748 4140 officio,
767 4071 893 4140 quamuis
912 4075 976 4140 post
992 4069 1163 4140 pubertatem
1182 4070 1350 4127 admittatur.
1380 4072 1447 4127 Post
1464 4071 1630 4139 completum
1649 4073 1697 4128 ui·

254 4160 385 4214 cesimum
404 4161 528 4228 quintum
547 4175 647 4214 annum
667 4159 765 4214 aetatis
783 4161 806 4214 si
824 4159 944 4214 nondum
964 4160 1082 4214 rationes
1100 4159 1223 4214 redditae
1248 4164 1313 4216 sunt
1336 4175 1387 4218 nec
1405 4160 1441 4215 ad
1459 4175 1569 4215 causam
1589 4160 1696 4218 instru-

254 4255 347 4304 menta
363 4249 535 4319 pertinentia,
554 4247 617 4303 fidei
636 4265 669 4304 nc
686 4249 868 4306 uerecundiae
887 4254 1041 4304 curatorum
1061 4249 1202 4318 conuenit,
1219 4255 1251 4304 ut
1268 4250 1381 4305 consilio
1399 4263 1450 4306 sno
1468 4253 1594 4319 coeptam
1612 4251 1696 4308 litem
1718 4268 1748 4309 es

253 4337 404 4409 perficiant.
432 4338 455 4392 si
472 4339 557 4406 igitur
575 4340 729 4394 cessantia
748 4339 790 4394 his
808 4354 879 4409 quaa
897 4339 1047 4394 consutum
1064 4343 1129 4394 sunt
1146 4337 1286 4408 faciendis,
1305 4340 1393 4410 magis
1410 4345 1478 4410 puto
1496 4337 1625 4394 sufficere
1641 4357 1697 4398 ne·

253 4427 388 4497 gottorum
402 4430 541 4497 gestorum
553 4428 683 4483 iudicium
701 4430 784 4485 etiam
801 4439 825 4484 er·
842 4437 894 4485 tam
906 4433 998 4484 aetum
1011 4432 1061 4497 est,
1081 4427 1104 4482 si
1115 4433 1207 4483 tamen
1220 4427 1300 4484 huius
1312 4430 1351 4483 rel
1369 4429 1438 4484 ratio
1449 4427 1558 4484 reddita
1569 4443 1626 4485 non
1638 4437 1697 4490 est.

221 4517 374 4572 'llnliannr
392 4516 460 4572 libro
479 4517 609 4572 uicesimo
627 4519 715 4588 primo
737 4519 905 4588 digestorum
929 4517 1085 4572 huiusmodi
1108 4517 1227 4587 speciem
1251 4519 1392 4588 proponit:
1415 4518 1525 4589 qnidam
1550 4519 1698 4580 decedens

253 4604 316 4660 filiis
339 4607 396 4660 suis
419 4605 534 4661 dederat
557 4611 662 4663 tutores
686 4613 715 4663 et
737 4607 889 4663 adiecerat:
914 4605 1024 4676 ‘eosque
1051 4607 1233 4677 aneclogistos
1257 4622 1319 4662 esse
1342 4606 1422 4664 nolo'.
1455 4613 1484 4663 et
1505 4608 1546 4663 ait
1567 4609 1699 4669 lulianus

252 4721 448 4790 munero)

171 4859 177 4868 ’
253 4889 500 4946 2οοιιιιιιιι“ιι“οιιιι
517 4892 554 4945 F*
610 4893 644 4948 14
661 4897 787 4962 praetore
861 4893 945 4962 igitur
998 4898 1027 4949 at
1043 4893 1067 4950 si
1085 4893 1138 4949 iam
1158 4894 1191 4959 E,
1209 4894 1292 4950 edam
1310 4893 1399 4948 FWD

253 4961 292 5015 tis
312 4962 348 5014 Ρ
404 4965 438 5020 18
456 4964 541 5020 nollet
558 4965 582 5018 F
630 4966 664 5021 4:
684 4965 766 5020 etiam
780 4965 879 5034 eiiam]
898 4967 944 5030 10,
