3698 5364
168 219 674 268 nsuuroa.srcuaar.nsr1s
846 193 932 275 755
1257 199 1361 266 XXVI
1380 202 1402 266 4
1422 208 1455 262 10
1475 237 1508 246 -
1527 200 1548 267 5
1568 207 1600 262 11
1711 197 1714 204 '

168 355 260 414 fratris
278 355 326 412 filii
344 358 482 428 legitimus
500 359 553 414 erit
568 363 652 428 tutor,
670 372 722 413 uec
740 356 824 412 amita
840 362 939 427 patruo
957 372 1058 427 magno
1076 357 1121 412 nel
1138 361 1287 413 matertera
1299 356 1391 413 fratris
1402 356 1481 412 filiis¹
1495 371 1530 412 ne
1548 356 1603 412 sint

137 457 148 500 1
167 453 274 502 tutores
296 446 397 504 obstat.
439 448 544 504 Surdus
567 455 596 503 st
617 452 710 502 mutus
734 461 786 502 nec
808 447 922 516 legitimi
944 451 1049 502 tutores
1073 461 1135 502 esse
1156 453 1286 518 possunt,
1310 463 1372 502 oum
1395 462 1447 502 neo
1466 442 1602 530 [Q

168 541 334 592 testamento
351 551 404 592 nac
421 537 474 592 alio
493 536 574 592 modo
592 537 696 592 utiliter
713 535 772 591 dari
789 537 905 606 possint.

114 623 150 681 11
221 625 341 682 Faunus
366 625 435 682 libro
463 625 675 682 sextodecimo
704 625 740 681 ad
765 625 911 682 Plautium.
958 625 1047 681 Minus
1075 629 1167 680 autem
1194 625 1309 680 audiens
1335 628 1436 696 potest
1465 617 1603 708 Q
1633 633 1660 689 Ε

901 864 909 880 ,
1621 819 1635 862 s

169 933 206 1012 R
244 931 308 1010 DE
337 921 603 1012 TUTORIBUS
630 931 693 1010 ET
723 798 1051 1011 uuanibltlssus
1078 929 1221 1010 DATIS
1246 933 1309 1009 AB
1335 931 1411 1010 HIS
1432 931 1511 1023 QUI
1528 931 1602 1009 IUS
1638 954 1712 1010 aar

169 1058 318 1135 DANDI
344 1057 550 1153 HABENT,
578 1059 640 1135 ET
661 1055 758 1150 QUI²
771 1058 833 1136 ET
859 1059 906 1136 IN
926 1059 1095 1151 QUIBUS
1116 1058 1278 1136 clusis
1299 1057 1604 1136 SPECLlLITER

670 1183 786 1261 DARI
812 1183 1025 1262 POSSUNT
1066 1185 1103 1262 it

132 1343 148 1398 1
221 1341 371 1397 Unernuus
394 1339 463 1396 libro
486 1340 628 1410 trigesimo
651 1355 724 1397 nono
751 1341 787 1397 ad
810 1339 951 1396 Sabinum.
993 1339 1058 1397 Siue
1079 1340 1226 1412 proconsul
1249 1339 1309 1394 siue
1330 1353 1444 1409 praeses
1463 1331 1602 1421 [fil-[5]
1633 1343 1668 1398 S'

168 1430 227 1486 sius
246 1431 328 1485 edam
347 1427 504 1500 praefectus
515 1427 638 1501 Aegypti
656 1431 716 1485 siue
733 1431 955 1501 proconsulatum
973 1432 1097 1502 optineat
1113 1428 1288 1500 prouinciae³
1306 1428 1351 1482 uel
1368 1427 1500 1496 temporis
1519 1443 1604 1484 causa
1623 1439 1650 1480 ro

168 1515 295 1590 praeiide
318 1518 448 1574 defuncto
471 1519 515 1574 uel
538 1519 603 1588 quia
625 1520 677 1590 ipsi
699 1521 841 1589 prouincia
862 1520 984 1590 regenda
1007 1521 1154 1576 commissa
1177 1522 1233 1588 est,
1260 1521 1378 1572 tutorem
1403 1516 1469 1571 dare
1493 1517 1603 1586 poterit

106 1615 118 1660 1
136 1615 150 1660 t
169 1610 290 1677 Legatus
308 1623 417 1678 quoque
435 1609 606 1678 proconsulis
624 1624 659 1664 ex
677 1610 800 1664 orations
818 1607 875 1664 diui
892 1609 976 1665 liarci
994 1614 1113 1666 tutorem
1132 1609 1197 1663 cars
1214 1611 1315 1678 potest.
1347 1605 1425 1672 Quod
1440 1611 1530 1660 autem
1543 1621 1603 1676 per·

169 1699 286 1752 mittitur
302 1701 421 1752 tutorem
440 1696 506 1752 dare
523 1699 680 1766 prouinciae
698 1698 827 1770 praesidi,
846 1697 886 1755 eis
904 1703 1011 1754 tautum
1028 1698 1202 1770 permittitur,
1220 1697 1267 1766 qui
1282 1701 1347 1751 sunt
1358 1693 1481 1750 ciusdem
1494 1695 1603 1765 prouin-

169 1788 228 1841 ciae
246 1788 291 1842 uel
308 1785 410 1841 ibidem
429 1785 594 1842 domicilium
612 1786 723 1843 habent
1622 1795 1653 1836 ¹⁴

132 1870 150 1928 2
220 1875 298 1930 Inest
316 1873 384 1930 libro
402 1875 543 1944 trigesimo
561 1877 656 1945 quinto
675 1876 710 1931 ad
729 1877 857 1932 edietum.
894 1875 963 1933 Cum
981 1875 1092 1946 qnidam
1112 1879 1217 1931 tutores
1238 1874 1296 1930 dati
1314 1873 1447 1944 appellas·
1465 1867 1603 1956 [lt—effi
1638 1879 1660 1934 S

168 1969 238 2033 sent,
256 1963 367 2033 quidam
386 1968 478 2020 autem
497 1979 552 2020 nou
571 1965 708 2037 adessent,
727 1965 808 2022 diuus
820 1966 885 2021 Pius
902 1966 1043 2037 rescripsit
1059 1965 1181 2020 dandum
1199 1963 1393 2033 temporarium
1410 1967 1538 2033 tutorem,
1557 1963 1604 2032 qui

167 2054 255 2108 tutela
272 2052 411 2124 iungatur.

132 2139 151 2198 3
221 2143 298 2198 lusu
315 2143 384 2198 libro
401 2142 543 2212 trigesimo
561 2147 641 2198 sexto
659 2142 694 2197 sd
712 2142 842 2200 edictum.
878 2145 925 2200 lus
942 2143 1027 2199 dandi
1044 2144 1168 2199 tutores⁴
1186 2141 1281 2197 datum
1299 2147 1342 2198 est
1359 2140 1444 2197 omni·
1478 2151 1602 2223 Q
1636 2147 1657 2202 s

168 2230 221 2286 bus
239 2231 446 2302 magistratibus
464 2231 674 2302 municipalibus
692 2247 780 2302 eoquo
794 2233 975 2304 iureutimur,
995 2232 1145 2302 sedilium,
1164 2233 1211 2303 qui
1229 2232 1264 2288 ab
1282 2231 1379 2288 eodem
1392 2230 1539 2300 municipio
1558 2230 1603 2284 uel
1650 2302 1656 2316 Ι

168 2335 235 2390 agro
254 2321 375 2376 eiusdem
394 2321 535 2392 municipii
553 2325 604 2376 est.
1621 2332 1651 2373 ro

129 2409 150 2465 4
221 2411 297 2465 lours
315 2411 383 2465 libro
402 2426 474 2466 nono
493 2410 528 2464 ad
546 2412 636 2480 legem
655 2411 751 2467 Iuliam
770 2415 799 2466 et
816 2412 938 2482 Papiam.
974 2411 1087 2467 Praetor
1104 2411 1164 2482 ipss
1187 2425 1217 2466 so
1240 2414 1358 2464 tutorem
1377 2409 1443 2464 dare
1463 2402 1602 2490 [aar]
1621 2413 1663 2470 *E

167 2513 222 2554 non
240 2505 339 2570 potest,
359 2501 430 2554 sicut
447 2515 498 2554 neo
516 2499 656 2570 pedaneus
674 2500 756 2555 iudex
775 2516 826 2555 nec
844 2500 1098 2571 compromissarius
1116 2513 1151 2554 sx
1169 2513 1220 2554 sua
1238 2499 1374 2554 sententia
1391 2497 1450 2552 lieri
1468 2501 1568 2566 potest.

131 2587 149 2645 b
220 2587 314 2644 Gaius
331 2588 398 2644 libro
417 2588 579 2644 duodecimo
598 2589 634 2644 ad
651 2589 771 2644 edictum
789 2591 964 2660 prouincials.
1000 2588 1071 2644 lllud
1093 2602 1202 2657 semper
1225 2589 1349 2643 constitit
1365 2601 1444 2657 prae-
1463 2581 1601 2669 [Q
1634 2595 1656 2650 S

168 2676 254 2732 sidem
273 2693 357 2746 posse
372 2683 490 2732 tutorem
509 2677 575 2733 dare
592 2683 649 2734 tam
668 2679 810 2734 absentem
829 2695 910 2750 qnam
930 2682 1102 2750 praesentem
1121 2681 1149 2731 et
1166 2681 1224 2732 tam
1242 2677 1380 2747 praesenti
1398 2691 1480 2746 quarn
1493 2676 1600 2730 absenti
1621 2689 1650 2730 sa

130 2766 148 2823 6
220 2765 371 2822 Uuemrrus
389 2765 457 2821 libro
476 2772 575 2822 octauo
593 2768 628 2822 de
646 2767 772 2824 omnibns
790 2767 978 2824 tribunalibus.
1004 2783 1056 2824 neo
1073 2782 1129 2822 non
1146 2767 1283 2836 ignoranti
1302 2773 1330 2821 et
1347 2766 1441 2820 inuito.
1461 2752 1600 2840 [BT—iisd]
1633 2763 1668 2818 S'

130 2855 148 2912 t
219 2857 296 2910 Iucu
320 2855 390 2910 libro
413 2857 500 2925 primo
523 2855 558 2911 ds
582 2857 708 2912 omnibns
730 2857 920 2914 tribunalibus.
957 2858 1017 2912 Non
1034 2861 1140 2912 tantum
1160 2855 1196 2910 ad
1214 2856 1306 2912 dotem
1325 2855 1443 2910 dandam
1462 2850 1600 2937 [Q
1632 2861 1654 2916 s

166 2950 301 3014 nupturae
320 2951 472 3001 curatorem
491 2944 550 3000 dari
568 2952 688 3016 oportet,
708 2963 803 3002 uerum
822 2948 904 3002 etiam
922 2947 948 3002 ei
966 2961 1089 3016 quoque,
1108 2959 1178 3016 qnae
1196 2946 1251 3000 iam
1269 2951 1355 3014 nupta
1372 2948 1423 2999 est.
1450 2943 1500 2998 ssd
1518 2951 1547 2998 et
1564 2943 1600 2998 ad

166 3023 258 3088 dotem
277 3033 431 3104 aagendam
450 3033 532 3089 datur
551 3036 560 3106 ΙΙ
580 3042 608 3090 et
626 3036 773 3090 mutandae
791 3051 900 3106 quoque
918 3036 991 3091 dotis
1009 3036 1098 3105 gratia
1116 3039 1225 3090 curratur
1242 3034 1301 3088 dari
1318 3038 1419 3102 potest.
1618 3041 1634 3088 l.
1645 3042 1698 3089 ttt'

127 3117 146 3177 8
218 3124 296 3178 lusu
318 3123 387 3178 libro
411 3129 510 3179 octauo
534 3124 568 3178 de
591 3124 718 3180 omnibus
740 3125 929 3181 tribunalibus.
971 3125 1028 3181 Nec
1052 3123 1199 3180 mandante
1222 3122 1349 3193 praeside
1373 3122 1443 3176 alins
1474 3131 1599 3203 ssffl
1634 3129 1655 3183 S

133 3220 144 3264 1
165 3216 283 3268 tutorem
307 3212 374 3267 dare
396 3213 505 3282 poterit.
542 3213 571 3269 Si
595 3220 704 3284 praetor
727 3215 772 3268 uel
794 3229 906 3281 praeses
929 3215 1087 3286 prouincias
1110 3213 1138 3268 in
1160 3211 1250 3268 lurore
1273 3217 1322 3266 aut
1344 3198 1599 3266 dementiaconsti-
1619 3222 1648 3264 co

165 3305 241 3356 tutus
260 3301 367 3356 dederit
383 3307 516 3371 tutorem,
539 3318 593 3358 non
616 3309 684 3373 puto
708 3305 813 3359 ualere:
836 3306 962 3374 quamuis
985 3305 1056 3360 enim
1080 3307 1190 3372 praetor
1211 3301 1256 3356 nel
1274 3315 1385 3370 praeses
1403 3300 1440 3354 sit
1457 3314 1508 3354 neo
1526 3298 1601 3354 furor

132 3397 147 3442 2
165 3389 190 3442 ei
209 3391 398 3459 magistratum
416 3392 545 3463 abroget,
564 3397 686 3448 attamen
704 3392 780 3448 datio
797 3393 897 3448 auibus
915 3395 967 3449 erit
985 3394 1124 3450 momenti.
1160 3391 1227 3446 Dari
1244 3395 1318 3446 tutor
1336 3389 1409 3444 omui
1427 3387 1471 3442 die
1490 3389 1598 3458 poterit.

132 3485 146 3530 t
164 3477 279 3534 Furioso
297 3486 326 3535 et
344 3478 462 3537 furiosas
480 3487 509 3537 st
526 3487 602 3537 muto
625 3490 654 3538 st
671 3483 754 3538 surdo
777 3488 852 3538 tutor
874 3484 919 3538 nol
942 3489 1051 3539 curator
1075 3499 1092 3537 a
1112 3487 1237 3552 praetore
1256 3481 1301 3535 uel
1318 3477 1444 3550 praeside
1462 3473 1600 3561 Q

164 3567 223 3622 dari
242 3569 351 3637 poterit.
632 3633 636 3642 ‚
1618 3581 1649 3622 aa

128 3651 146 3709 9
217 3657 392 3714 Msaornuus
414 3658 483 3714 libro
506 3675 578 3715 nono
602 3645 813 3716 institutionum.
855 3659 993 3730 Impuberi
1020 3659 1056 3714 ad
1083 3658 1262 3715 hereditatem
1290 3656 1443 3712 adeundam
1470 3661 1502 3712 ut
1524 3662 1600 3714 tutor
1632 3656 1653 3711 S

164 3743 252 3815 detur,
271 3761 306 3802 ex
324 3763 409 3802 eausa
426 3749 588 3818 permissum
608 3755 658 3804 est.

108 3828 147 3887 10
216 3836 294 3890 Insss
311 3835 380 3891 libro
398 3839 493 3906 quinto
512 3839 675 3907 regularum.
706 3839 794 3894 Tutor
806 3839 829 3894 si
841 3839 944 3909 petitus
956 3836 1039 3894 fuerit
1053 3837 1172 3906 babenti,
1190 3836 1239 3891 sed
1257 3834 1371 3890 absente
1389 3849 1422 3888 so
1441 3828 1598 3916 [ffl
1629 3845 1651 3900 s

163 3925 242 3996 quasi
260 3941 314 3980 non
333 3925 443 3982 habenti
462 3927 544 3982 datus
562 3928 610 3997 sit,
635 3927 710 3982 datio
728 3929 802 3982 nulla
820 3933 875 3982 eat:
901 3943 964 3983 nam
989 3933 1017 3982 et
1034 3941 1144 3996 quoquo
1162 3925 1243 3980 modo
1261 3925 1290 3980 in
1308 3924 1440 3994 petitione
1458 3925 1556 3979 tutoris
1574 3925 1598 3979 si

163 4021 282 4070 erratum
305 4013 387 4070 fuerit
410 4017 438 4072 in
461 4014 528 4072 facti
553 4031 650 4087 causa,
679 4017 797 4072 maximo
819 4021 884 4088 post
908 4018 1129 4073 constitutionem
1156 4015 1281 4070 diuorum
1305 4011 1418 4068 fratrum
1446 4027 1501 4068 nou
1523 4013 1599 4068 ualet

162 4105 261 4160 tutoris
279 4105 362 4160 datio.
1615 4117 1644 4159 so

106 4188 143 4244 11
216 4193 329 4249 Caesus
347 4192 416 4248 libro
434 4193 579 4250 undecimo
597 4195 776 4266 digestorum.
809 4193 925 4251 Curatur
941 4195 1045 4268 pupillo
1062 4196 1107 4251 uel
1124 4193 1243 4266 pupillae
1260 4207 1315 4248 non
1333 4191 1421 4261 datur,
1441 4185 1597 4274 Q
1614 4201 1656 4256 *E

163 4282 186 4337 si
203 4287 278 4338 tutor
295 4298 389 4338 eornm
408 4281 515 4338 afuerit

162 4379 353 4449 WDElO)

163 4515 172 4548 ¹
192 4514 236 4568 uel
255 4519 402 4568 matertera
420 4511 511 4570 fratris
528 4514 599 4584 filiis]
618 4515 663 4570 uel
681 4515 772 4585 patrui
789 4513 851 4570 filiis
870 4517 904 4582 (u.
918 4515 966 4582 il?
1037 4513 1049 4549 ¹
1057 4517 1170 4586 firmant
1182 4513 1223 4566 B:
1241 4515 1269 4567 et
1281 4511 1380 4582 quibus
1392 4519 1439 4564 tna.
1451 4511 1596 4578 (Galeotae)

162 4581 250 4710 ἓὶὲἰθιιῗο
268 4585 490 4712 procoffiglffi
507 4587 630 4658 optineat
645 4587 813 4658 prouinciae]
830 4587 889 4642 siue
905 4589 1066 4658 procurator
1083 4583 1131 4655 qni
1146 4583 1331 4654 praesidatum
1349 4583 1471 4654 optineat
1486 4582 1595 4652 prouin-

163 4780 178 4834 1
197 4780 241 4834 uel
253 4780 503 4837 materterairatris
520 4781 591 4852 filiis]
612 4791 714 4836 omnino
732 4790 854 4854 compta
908 4783 943 4836 10
952 4781 1011 4836 siue
1020 4780 1240 4850 proconsulatum
1248 4775 1544 4848 optineatprouinciae]
1555 4777 1593 4831 asi

162 4851 233 4915 baec,
252 4871 307 4906 cam
326 4855 395 4925 quod
412 4861 549 4908 matertera
567 4861 782 4926 nonestapauta
800 4861 852 4908 tam
908 4850 1417 4922 b...'enrrpaueic'euapxiactroiascrsB
1457 4851 1491 4904 12
1503 4853 1595 4918 potest

162 4924 301 4996 quodam
332 4932 368 4978 cst
393 4933 502 4995 propior
515 4927 585 4994 filiis
603 4928 717 4996 fratris:
741 4934 852 4996 requiri·
959 4925 993 4979 13
1004 4924 1070 4978 duro
1083 4923 1177 4976 omns
1212 4919 1596 4985 dbsituioreorumafueritl

160 5001 204 5049 tur
225 4994 270 5049 uel
291 4995 381 5064 patrui
403 4994 466 5050 filiis
488 5006 543 5052 rinc
567 4997 613 5052 uel
635 4997 752 5068 patrueli
775 4995 852 5052 fratri
906 4995 1150 5058 &coarctarentur
1168 4993 1216 5056 τοῨ
1233 4992 1382 5063 terrascea
1396 4994 1426 5042 n
1441 4991 1569 5053 Quaen

1354 5073 1415 5128 ag*
