3652 5362
285 185 418 254 xxviii
439 189 459 253 6
477 193 577 248 4-10
962 179 1049 262 852
1434 205 1481 253 ns
1506 203 1680 254 uomens
1702 203 1749 251 er

285 349 372 401 tatem
390 343 552 413 decesserit,
573 340 662 414 pubes
679 340 764 398 irater
781 342 809 397 in
826 342 979 412 portionem
997 341 1140 400 eoheredis
1157 341 1351 400 substituatur:
1374 359 1430 414 qno
1447 359 1518 400 essu
1536 344 1568 399 in
1590 347 1746 414 utrumque

286 439 414 490 euentum
433 431 598 490 substitutus
616 431 762 501 uidebitur,
780 445 824 501 ne,
848 432 872 487 si
889 431 996 502 uulgari
1015 431 1096 489 modo
1114 430 1249 502 impuberi
1267 447 1375 503 quoque
1393 432 1555 502 substituat,
1582 433 1744 488 uoluntatis

286 523 474 595 quaestionem
498 522 646 591 relinquat,
671 525 762 576 utrum
786 519 821 576 de
838 535 896 576 una
911 521 1020 590 uulgari
1036 521 1227 577 tantummodo
1245 520 1441 578 substitutione
1457 522 1487 577 in
1504 523 1662 592 uniusque
1680 537 1742 592 per·

286 627 355 669 sona
376 611 495 668 sensisse
518 611 704 685 intellegatpr:
727 610 767 665 ita
789 609 861 665 enim
885 611 914 665 in
936 610 1023 665 altero
1041 615 1156 680 unaque
1175 609 1334 668 substitutio
1351 611 1532 681 intellegitur,
1559 612 1587 668 si
1607 611 1741 666 uoluntas

285 702 407 773 perentis
433 715 487 758 non
514 698 676 770 refragetur.
708 699 754 754 uel
777 703 851 754 oerte
877 699 1023 756 euitandas
1047 699 1215 769 quaestionis
1238 701 1328 771 gretie
1349 703 1505 773 speoialiter
1529 702 1561 756 in
1585 705 1768 770 utrumques

286 807 380 847 ossum
398 787 532 860 impuberi
550 785 843 846 mosumattrsnem:
862 787 928 844 'siue
946 787 1025 844 heres
1042 803 1098 844 nou
1116 788 1169 844 erit
1185 789 1245 845 siue
1262 791 1315 846 erit
1332 795 1361 846 et
1377 791 1448 848 intra
1464 789 1630 862 pubertatis
1648 804 1739 846 anuos

285 877 458 936 'decesserit'.

249 969 267 1029 ὅ
339 969 433 1025 Gsms
453 965 523 1023 libro
547 966 629 1022 tertio
643 965 689 1020 ‘sd
711 966 800 1036 legem
823 967 920 1022 luliam
943 970 972 1022 et
989 967 1112 1037 Papiam.
1149 966 1179 1022 Si
1196 967 1225 1022 iu
1248 973 1413 1026 momento
1431 969 1550 1026 heredes
1570 961 1738 1053 Q
1767 971 1789 1027 ll

286 1059 380 1130 soripti
398 1058 438 1112 ita
455 1055 536 1112 alieni
554 1054 696 1111 substituti
712 1053 822 1126 inerint,
840 1061 879 1127 ut,
898 1056 922 1111 si
940 1056 965 1111 is
982 1055 1061 1112 heres
1079 1069 1134 1112 non
1152 1061 1234 1127 esset,
1253 1058 1376 1128 ququs
1395 1057 1447 1114 sibi
1463 1058 1547 1114 heres
1568 1063 1651 1114 esset
1669 1058 1696 1112 is
1710 1057 1737 1112 in

285 1154 364 1220 parte
382 1160 490 1216 quoque
509 1143 662 1200 detioientis
681 1149 756 1200 esset
771 1144 866 1201 heros:
884 1161 934 1216 pro
952 1161 1007 1216 qua
1024 1151 1103 1216 perte
1120 1145 1236 1216 quisque
1254 1137 1333 1202 beres
1351 1148 1511 1216 exstitisset,
1530 1162 1587 1218 pro
1607 1161 1645 1202 ea
1656 1151 1737 1217 parte
1755 1158 1778 1197 τε

286 1253 350 1294 enm
367 1237 396 1292 in
412 1235 538 1306 portione
555 1247 665 1304 quoque
682 1231 834 1290 deficientis
851 1236 944 1292 uooari
961 1236 1053 1305 plaoet
1069 1249 1159 1305 neque
1175 1234 1316 1306 interesse,
1333 1237 1392 1292 iure
1409 1237 1596 1292 institutionis
1613 1237 1737 1306 quisque

286 1341 321 1383 ex
338 1326 441 1381 maiore
457 1327 536 1396 parte
553 1322 633 1378 heres
650 1321 740 1378 iaetus
759 1329 833 1379 esset
850 1340 885 1380 sn
903 1324 977 1396 quod
993 1339 1044 1395 per
1060 1325 1149 1394 legem
1169 1325 1282 1381 niteram
1299 1333 1404 1396 pentem
1417 1327 1534 1382 adonius
1547 1325 1736 1380 uindicassst

249 1414 267 1474 6
339 1415 512 1469 Ττεεττῐεο
531 1411 672 1467 Genusus
694 1411 763 1468 libro
787 1416 885 1483 quarto
909 1414 945 1469 ad
963 1415 1052 1484 legem
1071 1413 1167 1470 lullam
1185 1419 1215 1469 et
1230 1415 1352 1486 Papiam.
1389 1414 1419 1471 Si
1437 1416 1475 1484 ls,
1499 1415 1550 1484 quui
1570 1411 1737 1499 Q
1765 1417 1799 1490 lis

286 1519 321 1560 ex
337 1503 418 1582 bonis
436 1501 576 1558 testatoris
595 1500 711 1556 solidum
730 1516 829 1573 εεροτε
847 1517 901 1560 non
919 1504 1015 1574 possit,
1033 1501 1199 1558 substitutus
1217 1504 1253 1558 sit
1270 1503 1306 1560 ab
1324 1519 1357 1560 eo
1374 1503 1509 1575 impuberi
1521 1502 1584 1560 tilio
1598 1505 1674 1575 eius,
1693 1521 1736 1561 so

285 1593 371 1649 lidum
391 1607 425 1647 ex
443 1606 477 1646 ea
495 1605 581 1646 oauss
598 1589 697 1661 oapiet,
716 1592 795 1660 quael
813 1607 830 1647 e
847 1592 949 1663 pupillo
968 1592 1066 1662 sapiat.
1094 1591 1144 1647 ssd
1162 1591 1214 1648 hoe
1238 1593 1277 1648 its
1294 1593 1467 1663 interpretari
1485 1593 1617 1649 lulianus
1641 1600 1737 1650 noster
1754 1601 1777 1643 ¹⁵

286 1682 408 1750 uidetur,
427 1683 458 1734 ut
475 1694 511 1735 ex
528 1679 622 1750 bonis,
640 1695 712 1750 quae
729 1681 869 1737 testatoris
886 1679 1008 1750 inerant,
1032 1679 1148 1750 amplius
1172 1695 1270 1752 oapere
1288 1697 1343 1738 nou
1359 1682 1459 1752 possit:
1484 1681 1564 1754 quod
1583 1683 1609 1737 si
1628 1685 1736 1754 pupillo

287 1769 388 1842 aliquid
405 1773 548 1840 praetores
565 1768 732 1838 adquisitum
750 1774 826 1825 esset
843 1775 892 1826 aut
914 1770 938 1825 si
962 1769 1128 1825 exheredato
1146 1773 1221 1826 esset
1238 1770 1417 1841 substitutus,
1440 1785 1495 1826 nou
1513 1771 1654 1842 impediri
1673 1789 1735 1829 eum

286 1873 393 1931 oepere,
412 1857 491 1929 qussi
508 1873 526 1913 a
543 1858 645 1928 pupillo
663 1858 763 1928 eapiat

250 1945 268 2004 7
339 1949 519 2004 Psrnsrsnns
542 1946 610 2002 libro
634 1951 713 2003 sexto
737 1961 938 2018 responsorum.
975 1945 1073 2003 Uerbis
1096 1945 1222 2004 sinilibus
1242 1946 1464 2006 substitutionem
1481 1956 1550 2019 post
1569 1947 1735 2038 Q
1721 1953 1785 2012 ΓΡ

238 2043 413 2110 questum
431 2036 567 2092 deoimum
586 2051 686 2092 annum
706 2037 806 2092 setsds
823 2035 925 2092 frustra
940 2034 999 2091 lieri
1018 2037 1159 2093 conuenit:
1182 2037 1233 2092 sed
1255 2039 1303 2108 qui
1326 2053 1380 2095 non
1401 2039 1560 2096 admittitur
1577 2049 1613 2097 ut
1632 2043 1735 2099 substi-
1751 2048 1774 2088 ²⁰

285 2132 371 2197 tutus,
389 2129 421 2181 ut
439 2125 563 2181 sdieotus
580 2124 660 2181 heres
678 2125 843 2196 quandoque
860 2141 915 2182 non
934 2127 992 2196 erit,
1011 2142 1045 2182 ns
1063 2125 1112 2182 list
1129 2131 1225 2182 eontra
1238 2128 1416 2198 uoluntatem,
1434 2129 1458 2184 si
1469 2126 1545 2185 lilius
1558 2146 1619 2187 non
1632 2131 1735 2189 habeat

208 2237 209 2240 ¹
286 2221 374 2272 totum
392 2215 510 2284 interim,
529 2214 602 2284 quod
621 2215 647 2271 ei
663 2219 831 2272 testamento
848 2219 927 2284 pater
945 2213 1029 2270 dedit

248 2302 268 2362 8
340 2304 522 2378 llUnrrsrsus
545 2304 614 2360 libro
638 2311 735 2374 questo
759 2304 796 2360 sd
818 2303 958 2360 Sabinum.
996 2304 1047 2370 Qui
1070 2303 1162 2360 liberie
1184 2303 1371 2376 impuberibus
1396 2304 1605 2373 substituitn
1568 2305 1732 2395 [tt—155
1760 2311 1821 2365 did

287 2398 336 2451 aut
353 2409 420 2466 pure
443 2398 491 2450 aut
513 2392 565 2449 sub
589 2393 748 2450 oondieione
770 2394 841 2449 solet
864 2393 1039 2450 substituere.
1065 2409 1133 2463 pure
1151 2393 1233 2449 slo:
1232 2395 1256 2449 si
1274 2393 1345 2451 lilios
1363 2409 1440 2450 mens
1459 2395 1533 2451 intre
1550 2399 1731 2468 pubertatem

287 2483 456 2554 ',deoesserlt
480 2481 560 2539 Seius
582 2482 661 2538 heres
685 2480 766 2538 ssto'r
789 2483 849 2538 siue
867 2481 946 2538 Seius
964 2483 1018 2538 iste
1035 2481 1115 2538 heres
1135 2482 1278 2539 institutus
1295 2483 1332 2540 sit
1348 2487 1377 2540 et
1394 2483 1531 2554 impuberi
1549 2487 1770 2559 substituisset

286 2575 388 2630 nullam
406 2571 491 2628 habet
512 2571 712 2641 oondleionem,
736 2571 797 2627 siue
820 2572 907 2628 solum
930 2570 1121 2628 substitutus¹.
1148 2571 1201 2628 sub
1223 2573 1383 2629 eondioione
1405 2580 1498 2629 autem
1521 2575 1687 2634 institutum
1708 2578 1730 2632 si

288 2661 449 2733 substituat,
471 2659 585 2717 idest
586 2661 610 2716 si
628 2660 693 2716 mihi
711 2659 790 2716 heres
808 2659 874 2731 erit’,
900 2675 955 2716 non
978 2660 1046 2716 alias
1069 2661 1170 2716 existet
1186 2660 1266 2718 heres
1284 2677 1319 2718 ex
1336 2661 1548 2734 substitutione,
1574 2667 1632 2722 n'mi
1652 2673 1680 2722 et
1697 2681 1731 2722 ex

287 2753 459 2808 institutione
476 2749 556 2806 heres
573 2748 663 2806 fuerit
691 2749 735 2806 oui
753 2749 849 2806 simiis
867 2755 956 2806 estet
972 2749 1041 2806 boso
1057 2749 1230 2806 substitutio:
1249 2749 1379 2821 'quisquis
1391 2750 1457 2806 mihi
1470 2767 1505 2808 ex
1518 2769 1609 2824 supra
1621 2756 1731 2826 seriptis

255 2849 268 2894 1
289 2840 376 2896 'beses
403 2839 475 2896 erit':
502 2837 586 2895 babet
612 2840 684 2895 enirn
711 2840 739 2893 iu
766 2853 796 2894 se
818 2839 933 2894 eandem
961 2839 1148 2895 oondieionom
1172 2839 1287 2894 similem
1308 2840 1473 2910 superlori¹.
1520 2843 1603 2900 Haec
1631 2845 1730 2901 uerbo:

290 2929 424 3001 'quisquis
442 2928 507 2984 mihi
530 2927 609 2984 heres
633 2928 696 2998 erit,
719 2928 790 2984 idem
814 2927 949 3000 impuberi
970 2927 1027 2986 lilio
1049 2927 1129 2984 heres
1155 2926 1223 2984 esto'
1244 2928 1316 2984 buno
1339 2929 1441 2985 babent
1463 2945 1595 3003 sensum,
1621 2939 1655 2989 ut
1678 2949 1731 2989 uon
1746 2943 1769 2984 ss

291 3020 381 3076 omnis
399 3017 447 3088 qui
464 3017 536 3088 petri
553 3015 632 3072 heres
650 3017 764 3088 exstitit,
782 3015 874 3073 sedis
891 3019 939 3089 qui
956 3033 991 3073 ex
1008 3021 1173 3074 testamento
1190 3017 1270 3074 heres
1287 3019 1393 3074 exstitit
1404 3017 1575 3078 substitutus
1587 3023 1731 3078 uideatur:

290 3113 318 3164 et
335 3107 398 3164 ideo
416 3121 505 3176 neque
523 3110 609 3177 pater,
629 3107 675 3176 qui
692 3121 742 3176 per
758 3104 856 3177 filium,
874 3121 964 3177 neque
982 3105 1122 3177 dominus,
1141 3108 1187 3177 qui
1206 3123 1254 3178 per
1272 3123 1381 3164 seruum
1398 3109 1519 3178 exstitit,
1539 3110 1579 3165 ad
1598 3111 1731 3168 substitu-

289 3198 392 3254 tionem
411 3196 578 3264 admittetur,
596 3208 685 3265 neque
703 3194 811 3251 heredis
823 3195 910 3266 beree,
929 3197 993 3266 quis
1004 3211 1060 3252 non
1071 3211 1106 3252 ex
1118 3195 1219 3252 iudloio
1230 3197 1352 3253 ueniunt
1378 3202 1471 3268 psrtes
1488 3213 1606 3270 quoqne
1618 3201 1731 3258 easdem

290 3287 325 3342 ad
343 3286 508 3342 substitutos
526 3284 671 3356 pertinent,
690 3299 760 3354 ques
777 3285 806 3340 in
823 3285 909 3356 ipsius
927 3286 1013 3356 patris
1030 3283 1147 3342 familias
1165 3285 1319 3342 lrsbuerunt
1335 3286 1497 3344 hereditate.
1746 3303 1769 3342 ss

252 3372 271 3431 9
342 3376 445 3431 Lmen
462 3372 532 3430 libro
549 3374 637 3444 primo
654 3374 835 3444 posteriorum
854 3391 872 3430 a
888 3374 1017 3430 Iauoleno
1035 3375 1252 3445 epitomatorum.
1288 3374 1318 3431 Si
1335 3381 1413 3446 pater
1430 3374 1486 3432 tilio
1498 3377 1548 3431 im·
1570 3372 1731 3462 [Urio]
1747 3384 1775 3440 'A

289 3463 385 3535 puberi
404 3463 515 3519 eosdem
534 3477 604 3532 quos
622 3461 674 3517 sibi
692 3466 767 3518 etto
785 3479 869 3519 uuum
887 3468 1030 3534 praeterea
1042 3463 1169 3520 heredem
1182 3465 1307 3536 instituit,
1325 3465 1458 3521 bouorm
1470 3463 1521 3521 filii
1533 3470 1564 3520 te
1576 3455 1730 3538 dim-iffi

290 3557 396 3608 eeteros
419 3552 504 3623 patris
526 3549 642 3606 heredes
666 3553 846 3608 communiter
867 3553 1010 3608 dimidium
1034 3553 1073 3608 ita
1089 3551 1204 3624 bebere,
1227 3559 1259 3610 ut
1276 3569 1347 3610 nnus
1365 3555 1448 3610 semis
1465 3553 1543 3625 apud
1563 3560 1594 3611 te
1614 3563 1731 3632 maneat,

290 3641 401 3697 alterius
423 3641 544 3696 semissis
565 3655 615 3711 pro
637 3639 680 3695 his
703 3639 828 3711 partibus
850 3641 920 3697 inter
943 3641 1057 3698 heredes
1079 3647 1209 3712 paternos
1228 3641 1326 3699 diuisio
1342 3641 1404 3714 liat,
1428 3641 1531 3714 quibus
1550 3659 1590 3701 ex
1608 3647 1732 3717 pertibus

290 3729 469 3786 hereditatem
486 3735 628 3800 paternam
647 3727 787 3785 baberent.
1746 3747 1768 3790 ee

235 3819 274 3878 10
343 3819 494 3876 Uue1srsus
510 3819 579 3875 libro
597 3822 694 3888 quarto
713 3818 749 3873 ed
767 3817 907 3874 Sabinum.
938 3818 993 3876 Sed
1012 3820 1035 3874 si
1052 3819 1144 3890 plures
1158 3819 1264 3876 sintita
1276 3819 1430 3876 substituti:
1448 3819 1530 3891 'quis-
1551 3818 1731 3906 [tn—sffi'so
1757 3831 1773 3886 s

290 3907 360 3977 ‘quis
381 3907 448 3962 mihi
470 3923 506 3963 ex
529 3923 613 3978 supra
635 3908 744 3978 seriptis
766 3907 847 3963 heres
870 3907 936 3978 erit',
960 3907 1059 3963 deinde
1081 3909 1191 3977 quidam
1210 3924 1246 3964 ex
1262 3910 1327 3980 illis,
1344 3915 1526 3980 posteaquam
1546 3899 1731 3969 hor‘sdeex·

291 3998 409 4052 stiterint
426 3997 506 4066 patri,
524 3995 657 4067 obierunt,
676 3997 727 4052 soli
744 3997 907 4067 superstites
925 4011 960 4051 ex
977 3995 1171 4052 substitutione
1188 3997 1302 4054 heredes
1320 3997 1439 4054 existent
1455 4014 1506 4068 pro
1524 4007 1593 4057 reta
1604 4003 1731 4073 partium,

259 4093 272 4138 1
291 4101 326 4142 ex
343 4084 443 4156 quibus
460 4086 577 4141 instituti
595 4087 662 4156 sint,
682 4100 733 4141 neo
750 4086 895 4156 quiequam
914 4083 1017 4140 ualebit
1034 4100 1068 4140 ex
1084 4101 1203 4156 persona
1220 4085 1418 4142 detunctorum.
1454 4087 1531 4153 Quos
1550 4107 1672 4160 possum
1689 4091 1732 4146 be

290 4174 370 4230 redes
388 4174 454 4229 mibi
471 4172 562 4230 lesere
579 4175 757 4244 necessarios,
775 4189 888 4244 possum
906 4180 935 4230 et
951 4173 1015 4245 filio,
1034 4181 1066 4230 ut
1083 4191 1193 4230 seruum
1212 4191 1303 4230 meum
1321 4181 1350 4231 et
1366 4174 1477 4232 fratrem
1490 4192 1586 4247 suum,
1606 4180 1732 4250 quamuis

258 4264 320 4320 sin
337 4261 419 4320 rebus
438 4262 562 4320 humanis
580 4263 701 4320 nondum
719 4264 768 4319 sit:
786 4267 932 4334 postumus
949 4263 1032 4336 igitur
1050 4265 1102 4319 erit
1113 4261 1190 4322 irsni
1201 4263 1281 4322 heres
1292 4265 1471 4322 nemmsrius.
1507 4265 1586 4325 litio
1598 4269 1732 4342 impuberi
1746 4277 1768 4318 ⁴⁵

291 4369 515 4439 munusue)

293 4533 301 4565 ¹
321 4529 380 4586 siue
398 4529 486 4586 solum
504 4527 677 4602 substitutus,
696 4531 796 4588 nullam
814 4529 899 4588 habet
916 4531 1125 4592 eondieionem?
1194 4533 1206 4568 ¹
1224 4531 1340 4588 similem
1358 4529 1492 4602 superiori
1510 4533 1564 4590 del.
1583 4535 1670 4606 (list)

292 4688 528 4746 lsubstituatur
545 4690 583 4743 Ρ
622 4689 843 4746 2ιιί6οείεετΡ
888 4691 981 4747 4οεε-
1035 4691 1083 4760 Ρ)
1102 4690 1201 4746 deul
1154 4691 1201 4746 nul
1222 4693 1261 4746 sri
1279 4697 1308 4747 et
1324 4691 1449 4761 nprllsrr
1461 4689 1687 4753 substitutione
1703 4695 1732 4760 (ti

292 4759 442 4816 stitutio'ns
443 4759 495 4814 Ρ
540 4761 633 4817 dsiue
649 4761 738 4832 heres]
758 4777 835 4817 suam
853 4762 981 4818 heresF'
1034 4781 1065 4817 su
1049 4765 1150 4889 appi.3⁴1
1110 4761 1186 4829 .F⁸¹)
1237 4765 1266 4829 F,
1278 4764 1324 4817 det
1335 4764 1373 4816 Ρ
1400 4763 1571 4820 attolere
1601 4770 1636 4824 nt
1650 4769 1731 4824 sliat

293 4831 328 4886 10
355 4832 526 4887 exstitisset
551 4833 589 4886 Ρ
652 4835 687 4888 16
713 4763 917 4904 interpr''setari
945 4835 982 4888 Ρ
1036 4835 1061 4887 F
1114 4834 1252 4904 idpstris
1270 4833 1341 4888 lillae
1359 4834 1396 4886 Ρ
1440 4835 1478 4890 36
1496 4843 1527 4891 te
1540 4837 1730 4897 dimidisni‘

293 4903 327 4955 16
339 4899 465 4956 sueretu
478 4905 535 4969 (ste)
549 4903 588 4956 Ρ
623 4905 657 4960 17
674 4905 845 4975 impederiF
875 4905 982 4961 23bute
1034 4850 1252 4960 40substituti‘'s
1259 4905 1296 4958 Ρ
1338 4905 1373 4960 41
1386 4907 1569 4966 exstiterint
1582 4913 1620 4966 Ρ
1661 4914 1732 4970 liet

292 4972 450 5043 lepidorum
466 4975 750 5045 praemittis-ebrinum
766 4977 796 5031 R
807 4977 878 5032 Vll
889 4979 981 5049 (suppl.
1034 4973 1099 5046 filio]
1118 4981 1149 5032 ut
1165 4975 1221 5032 ilio
1239 4977 1275 5030 F¹
1328 4976 1364 5032 45
1382 4975 1533 5036 humanis
1553 4984 1595 5038 Ρ
