3698 5364
170 183 274 251 XXVI
294 185 315 250 5
337 190 450 244 12-21
843 173 868 252 7
874 171 931 254 56
1343 195 1390 241 on
1412 191 1621 242 romanens

114 344 152 402 12
224 341 374 397 Ururanus
391 338 460 394 libro
479 337 560 392 ieriio
579 336 614 391 de
632 333 722 391 officio
740 335 918 404 proconsulis.
955 333 1005 388 His
1028 333 1076 402 qui
1098 335 1126 389 in
1147 349 1181 388 ea
1198 348 1284 388 cauea
1301 337 1378 403 sunt,
1401 340 1433 388 ut
1464 324 1621 413 ᾗῖῃῖιι
1655 338 1692 413 Ss

138 445 151 490 1
172 444 316 500 superesse
337 427 420 483 rebus
438 427 496 481 suis
519 441 574 481 non
597 425 715 495 possint,
739 424 806 478 dare
830 427 983 478 curatorem
1006 422 1196 492 proconsulem
1220 421 1364 492 oportebit
1392 421 1450 478 Nec
1472 420 1623 476 dubitabit

171 517 256 574 lilium
275 532 384 587 quoque
402 516 473 586 patri
492 521 644 570 curatorem
663 513 743 568 dare:
767 513 893 582 quamuis
917 511 989 567 enim
1014 517 1110 566 contra
1127 511 1164 567 sii
1181 511 1255 581 apud
1273 511 1383 566 Oclsum
1401 515 1430 565 et
1448 509 1527 581 apud
1545 511 1621 564 alios

171 609 316 677 plerosque
340 606 470 672 relatum,
494 605 574 674 quasi
596 603 754 658 indecorum
778 602 814 657 sit
838 605 943 671 patrem
968 618 986 656 a
1007 599 1063 656 filio
1081 601 1152 670 regi,
1176 604 1299 656 atamen
1322 600 1403 656 diuus
1421 600 1489 655 Pius
1507 600 1618 654 ΙιιειίοΙ

172 696 274 764 celeri,
297 695 362 749 item
386 694 442 748 diui
467 692 565 748 iratres
588 692 787 762 rescripserunt
809 689 908 759 filium,
936 690 960 744 si
983 689 1073 745 sobrie
1099 691 1188 760 uiuat,
1215 691 1287 760 patri
1311 695 1462 744 curatorem
1488 688 1621 744 dandum
1641 699 1655 738 ⁵

139 785 261 853 imagis
284 799 366 852 quam
389 789 558 838 extraneum.
595 781 684 836 Diuus
701 781 767 836 Pius
791 780 886 834 matris
909 780 1054 848 querellam
1081 779 1116 833 de
1138 778 1201 834 filiis
1224 778 1346 850 prodigis
1370 779 1490 846 admisit,
1511 782 1543 832 ut
1564 773 1622 862 [qil]

172 879 324 928 curatorem
344 873 487 942 accipiant,
506 873 534 926 in
552 869 620 925 haec
637 869 735 925 uerba:
755 869 824 926 ‘Non
842 874 884 924 set
903 883 1006 924 nouum
1024 867 1167 938 quosdam,
1186 869 1239 924 etsi
1252 869 1352 922 mentis
1364 883 1430 923 suae
1442 867 1623 923 uidebuntur

173 963 216 1017 'ex
233 960 404 1016 sermonibus
423 964 564 1029 compotes
582 973 657 1028 csse,
680 963 774 1013 tamen
792 959 832 1013 sic
849 961 968 1012 tractare
985 955 1059 1012 bona
1076 956 1112 1012 ad
1130 973 1160 1012 sc
1178 957 1354 1026 pertinentia,
1373 962 1416 1027 ui,
1439 957 1494 1012 nisi
1513 956 1622 1011 subue-

173 1051 271 1106 'niatur
288 1051 325 1120 is,
350 1049 521 1104 deducantur
543 1049 571 1103 iu
596 1055 757 1118 egestatem.
785 1047 927 1116 eligendus
949 1047 1042 1116 itaque
1065 1047 1130 1116 erit,
1153 1047 1201 1116 qui
1223 1062 1271 1102 eos
1294 1046 1407 1102 consilio
1430 1051 1525 1116 regat:
1550 1063 1622 1102 nam

173 1140 297 1209 'aequum
316 1144 359 1194 est
375 1139 531 1209 prospicere
550 1153 600 1193 nos
619 1138 702 1194 etiam
720 1138 769 1208 eia,
788 1137 836 1206 qui
853 1135 929 1206 quod
947 1136 983 1192 ad
995 1136 1068 1194 bona
1079 1137 1200 1207 ipsorum
1215 1137 1342 1208 pertinet,
1360 1134 1494 1191 furiosum
1507 1133 1623 1190 iaciunt
1643 1147 1670 1187 ro

173 1227 301 1284 exitum.
1271 1270 1274 1277 .

117 1321 155 1380 13
225 1318 406 1372 Formianos
423 1313 493 1370 libro
510 1313 656 1370 undecimo
674 1315 874 1384 quaestionum.
911 1312 940 1369 si
959 1313 1094 1384 impuberi
1112 1312 1225 1370 libertas
1249 1319 1278 1368 et
1295 1312 1432 1368 hereditas
1452 1307 1622 1396 [ζει-’,ἰῇ
1643 1319 1683 1374 Ῥ

172 1421 221 1476 per
239 1405 479 1461 fideicommissum
498 1403 564 1458 daia
582 1405 618 1458 sit
635 1408 664 1458 et
682 1404 823 1482 institutus
843 1403 920 1458 adire
943 1403 1025 1472 nolit,
1049 1409 1162 1458 senatus
1185 1403 1293 1458 censuit
1314 1417 1390 1473 eum,
1413 1403 1437 1456 si
1459 1401 1623 1473 impuberis

173 1496 282 1551 nomine
300 1494 479 1563 desideretur,
497 1493 573 1548 adire
591 1493 758 1564 cogendum,
779 1499 810 1548 ιιι
827 1498 920 1548 tamen
937 1492 1041 1562 pupillo
1058 1492 1178 1562 pupillas
1196 1497 1271 1548 tutor
1289 1491 1325 1547 ab
1342 1506 1384 1561 eo,
1403 1490 1448 1546 cui
1465 1491 1511 1546 iua
1530 1491 1623 1552 dandi

173 1585 233 1654 erit,
252 1584 339 1653 detur,
358 1583 405 1653 qui
423 1582 537 1636 tutelam
556 1583 681 1652 retineat,
699 1582 790 1652 quoad
807 1583 968 1638 taediosior
985 1580 1123 1636 hereditas
1141 1585 1170 1636 ei
1187 1597 1244 1636 rem
1263 1582 1367 1636 saluam
1385 1578 1443 1636 iore
1461 1579 1499 1636 ab
1512 1580 1623 1636 herede
1643 1596 1671 1636 ss

174 1679 313 1728 caueatur.
341 1677 440 1742 postea
457 1671 537 1726 diuus
549 1671 714 1741 Hadrianus,
732 1677 764 1726 nt
781 1671 854 1726 idem
872 1672 901 1726 in
918 1686 951 1726 eo
970 1677 1103 1740 seruetur,
1122 1671 1166 1726 oui
1184 1670 1289 1726 directa
1306 1669 1417 1725 libertas
1436 1669 1505 1724 data
1521 1668 1623 1741 fuerit,

141 1775 154 1820 ι
174 1762 323 1831 rescripsit.
359 1760 490 1826 Quamuis
508 1765 600 1816 autem
618 1777 635 1815 a
652 1767 767 1831 patrorm
786 1775 843 1815 rem
862 1760 967 1816 saluam
985 1760 1089 1830 pupillo
1113 1757 1171 1816 sore
1189 1775 1244 1815 non
1267 1757 1348 1814 facile
1366 1758 1457 1814 cautio
1477 1759 1624 1830 exigatur,

173 1855 267 1906 mmen
286 1855 398 1906 senatus
417 1865 466 1920 pro
484 1854 615 1905 extraneo
633 1849 728 1905 haberi
746 1850 834 1905 noluit
851 1864 922 1920 cum,
945 1849 1001 1918 qui,
1019 1848 1093 1919 quod
1111 1849 1139 1904 in
1157 1849 1217 1919 ipso
1235 1846 1295 1918 fuit,
1314 1849 1396 1903 etiam
1414 1847 1544 1902 libertate
1566 1848 1625 1919 pri-

174 1941 252 1996 uauit
269 1938 452 2010 impuberem:
476 1945 505 1994 et
522 1939 566 1994 ius
583 1939 694 2008 quidem
712 1937 817 2009 liberti,
835 1937 909 2008 quod
934 1937 1030 2007 habet,
1056 1938 1121 2007 quia
1141 1952 1176 1992 ex
1194 1953 1279 1993 causa
1296 1936 1502 1992 fideicommissi
1520 1953 1626 1994 manu·

169 2029 271 2098 -mittii,
290 2043 345 2083 non
363 2034 406 2082 esi
423 2028 449 2083 ei
467 2027 602 2098 ablatum,
628 2029 715 2084 tutela
732 2043 799 2083 uero
817 2028 876 2082 sine
894 2027 1003 2082 uinculo
1022 2027 1155 2082 cautionis
1173 2041 1228 2082 non
1246 2027 1432 2083 committitur.
1460 2026 1532 2095 quid
1551 2042 1626 2097 ergo
1647 2044 1677 2083 ac

142 2119 199 2176 asi
222 2135 277 2174 non
299 2117 417 2174 causat?
442 2131 496 2172 non
520 2117 602 2172 dubie
627 2118 714 2172 tutela
736 2133 791 2172 non
813 2117 866 2171 erit
888 2115 963 2186 apud
986 2121 1141 2187 patronum.
1178 2115 1234 2174 Sed
1258 2117 1283 2171 si
1304 2116 1395 2185 puella
1419 2115 1626 2172 duodecimum

175 2224 277 2264 annum
295 2207 462 2277 impleuerii,
486 2211 560 2262 tutor
578 2205 678 2262 desinit
696 2221 770 2262 esse:
795 2206 923 2276 quoniam
947 2210 1041 2261 tamen
1063 2205 1212 2262 minoribus
1235 2221 1368 2262 annorum
1392 2203 1628 2261 desiderantibus

176 2303 316 2354 curatores
339 2296 398 2352 dari
420 2296 522 2366 solent,
546 2296 570 2351 si
591 2299 701 2351 curator
723 2299 856 2366 patronus
879 2301 1002 2366 petatur,
1029 2294 1099 2352 fides
1122 2295 1304 2367 inquisitionis
1325 2309 1375 2364 pro
1399 2294 1512 2349 uinculo
1538 2295 1629 2351 cedet

176 2387 321 2442 cautionis.
1651 2404 1681 2445 ιι

118 2477 159 2554 Ι14
230 2477 307 2532 lusu
324 2473 393 2530 libro
412 2472 574 2530 duodecimo
591 2474 792 2543 quaestionum.
827 2471 957 2528 Libertus
980 2487 1035 2528 non
1057 2473 1118 2530 aliis
1139 2474 1249 2543 patroni
1265 2489 1313 2544 pa·
1332 2469 1458 2556 [datast
1475 2483 1631 2540 baioli
1652 2487 1693 2541 ‘P

177 2571 308 2621 oonaeue
326 2563 418 2619 liberis
435 2567 510 2618 tutor
528 2577 589 2618 esse
608 2564 723 2634 cogitur,
742 2578 823 2633 quam
842 2563 890 2632 qui
907 2562 966 2617 iura
983 2567 1145 2632 patronatus
1163 2577 1273 2632 sperare
1290 2563 1431 2636 possuntt

123 2657 159 2716 15
230 2655 349 2708 Paucos
366 2651 435 2707 libro
453 2651 574 2707 secundo
593 2652 629 2707 ad
647 2652 776 2708 edictum.
812 2651 845 2706 In
867 2665 976 2706 omnem
998 2666 1056 2706 rem
1080 2657 1191 2707 curator
1214 2651 1321 2708 dandum
1343 2656 1388 2707 est
1408 2646 1632 2734 Mssa-751]
1666 2667 1693 2722 g

179 2743 238 2804 eius
255 2742 353 2797 tutoris
370 2742 469 2811 locum,
487 2741 535 2810 qui
553 2741 592 2796 rei
609 2741 736 2811 publicae
755 2757 840 2797 carisa
857 2737 958 2796 astrit⁸r

5 2877 9 2884 .
123 2835 160 2894 16
232 2831 310 2886 lusu
332 2829 401 2885 libro
424 2831 628 2900 septuagesimo
650 2832 732 2887 tertio
755 2830 791 2886 ad
814 2829 942 2886 edictum.
980 2828 1060 2899 linea
1082 2829 1127 2885 ille
1150 2829 1252 2886 desinit
1274 2833 1349 2885 tutor
1366 2845 1437 2886 esse.
1456 2822 1633 2915 Q
1664 2845 1702 2900 Ε·
1719 2844 1770 2892 titt

179 2921 253 2991 quod
272 2925 301 2974 oi
318 2921 345 2974 io
364 2918 499 2989 omnibus,
518 2920 565 2988 qui
582 2919 619 2974 ad
636 2924 745 2990 tempus
763 2923 938 2988 excusantur,
956 2918 1022 2974 iuris
1040 2921 1091 2973 est.
1654 2942 1682 2982 ,ο

124 3013 161 3072 17
232 3009 383 3064 Uarianos
401 3007 469 3064 libro
488 3023 560 3063 nouo
578 3007 614 3064 ad
633 3008 761 3064 edictum.
797 3008 840 3078 Ei,
858 3008 905 3078 qui
923 3007 958 3062 de
976 3013 1051 3062 statu
1064 3023 1114 3062 suo
1126 3007 1224 3079 litigat,
1241 3012 1360 3064 tutorem
1378 3007 1437 3062 dari
1456 3002 1633 3090 [istm-7
1665 3025 1693 3079 Ε

179 3112 262 3168 posse
279 3097 446 3167 Pomponius
465 3096 560 3152 scribit
577 3103 605 3152 et
622 3112 717 3152 uerum
737 3102 788 3168 esi,
807 3103 838 3152 ιιι
855 3098 895 3152 iia
912 3097 1022 3152 demum
1041 3102 1135 3152 teneat
1153 3097 1236 3168 datio,
1255 3098 1277 3152 si
1295 3096 1363 3152 liber
1381 3101 1432 3151 esi.

124 3191 161 3250 18
233 3188 310 3242 Iucu
327 3186 396 3242 libro
414 3187 588 3256 sexagesimo
605 3188 693 3256 primo
711 3186 894 3252 adedictum.
930 3187 962 3243 ln
981 3185 1072 3242 dando
1090 3191 1181 3242 tutore
1198 3201 1233 3242 ex
1251 3187 1425 3257 inquisitione
1448 3189 1479 3240 et
1502 3187 1532 3242 in
1560 3203 1633 3244 eum
1664 3193 1692 3250 Ε

179 3276 332 3346 inquiritur,
351 3276 398 3346 qui
416 3281 527 3330 senator
544 3281 601 3330 esi:
620 3282 649 3331 et
665 3277 705 3330 ita
723 3274 842 3332 Seuerus
860 3277 1009 3348 rescripsit.
1653 3300 1684 3340 aa

125 3371 161 3429 19
233 3367 353 3420 Pronus
374 3363 443 3420 libro
466 3371 545 3420 sexto
568 3364 674 3420 decimo
697 3365 732 3421 ad
750 3367 895 3422 Plautium.
935 3365 985 3422 Ubi
1004 3365 1105 3422 absunt
1121 3365 1163 3434 hi,
1186 3365 1233 3434 qui
1251 3369 1355 3420 tutores
1373 3363 1439 3419 dare
1457 3359 1632 3451 [ε’-ᾗῇ
1664 3371 1691 3428 13

180 3459 308 3524 possunt,
332 3455 494 3510 decuriones
512 3453 641 3510 iubentur
658 3454 724 3510 dare
742 3461 861 3524 tutores,
885 3454 1033 3511 dummodo
1057 3455 1142 3510 maior
1164 3471 1229 3524 pars
1251 3454 1409 3510 conueniat:
1435 3452 1483 3508 ubi
1502 3471 1564 3511 non
1585 3463 1633 3512 est

147 3549 160 3594 t
181 3542 303 3613 dubium,
321 3543 387 3614 quin
406 3559 489 3598 unum
508 3559 543 3598 ex
562 3559 592 3599 se
611 3544 676 3599 dare
694 3545 809 3615 possint.
836 3544 1014 3614 Magistratus
1032 3544 1203 3614 municipalis
1221 3543 1352 3613 collegam
1371 3557 1451 3598 suum
1464 3543 1534 3612 quin
1556 3545 1631 3602 dare

179 3636 299 3688 tutorem
316 3639 413 3704 possit,
430 3647 486 3688 non
504 3638 547 3688 est
565 3633 687 3690 dubium.

124 3715 164 3772 20
233 3722 426 3806 liounsrnsss
443 3721 511 3778 libro
530 3723 646 3793 septimo
664 3722 887 3778 differentiarum.
924 3722 1020 3778 Uentri
1043 3727 1118 3779 tutor
1138 3739 1156 3778 a
1174 3723 1315 3792 magistra·
1336 3717 1419 3804 [aab
1428 3733 1451 3786 t.
1461 3733 1499 3778 19.
1520 3719 1629 3793 11ρῖῑῇ
1661 3731 1690 3788 Ε

180 3807 253 3866 tibus
271 3813 364 3880 populi
382 3812 499 3867 Romam
516 3811 575 3866 dari
593 3827 648 3868 non
666 3815 766 3882 potest,
785 3817 894 3868 curator
911 3815 1017 3881 potest:
1036 3827 1099 3867 nam
1118 3811 1153 3867 de
1171 3817 1296 3866 curatore
1314 3810 1508 3866 constituendo
1526 3814 1629 3870 edicto
1648 3828 1680 3868 ao

149 3905 161 3950 1
181 3901 406 3970 comprehensum
425 3906 476 3957 esi.
514 3901 674 3957 Curatorem
691 3899 802 3956 habenti
820 3916 874 3971 quo
899 3901 988 3956 minus
1011 3901 1081 3956 alius
1105 3905 1214 3957 curator
1237 3901 1330 3972 detur,
1352 3901 1448 3970 regula
1471 3901 1542 3956 iuris
1569 3919 1628 3960 non

181 3993 225 4044 set
241 3989 445 4058 impedimento.

125 4073 162 4130 ai
234 4077 312 4132 lonas
332 4079 401 4134 libro
423 4079 512 4149 primo
536 4078 752 4134 excusationum.
789 4078 890 4134 tinias.
915 4079 957 4134 tei
975 4078 1039 4141 mic
1057 4079 1199 4151 ipxoarac,
1222 4077 1259 4133 ὃτι
1280 4077 1441 4149 «espicopatu
1460 4073 1627 4161 [[ΒἯ
1662 4090 1690 4145 Β

150 4171 162 4218 1
181 4162 280 4228 dedisti
301 4168 421 4232 [γιιιιῖκεε
439 4166 472 4230 oi
489 4167 723 4239 χειροτοκὴιογειιι.
754 4165 814 4222 'eis
834 4169 918 4240 stirap
936 4167 975 4224 ’sni
994 4169 1073 4240 rairp
1087 4169 1119 4240 τῷ
1132 4168 1225 4241 tipice!
1245 4167 1325 4239 spica
1344 4167 1418 4230 rioio
1436 4156 1628 4240 aspendio}
1648 4185 1680 4228 tt

181 4281 373 4352 mironio)

183 4445 191 4477 ¹
211 4441 333 4496 Insteio?
403 4443 415 4479 ¹
433 4443 599 4513 Papinianus
616 4443 685 4499 libro
703 4444 744 4499 Xl
761 4444 952 4514 quaestionum
971 4443 1113 4514 respondit
1136 4443 1227 4499 uerbis
1251 4443 1381 4500 orationis
1398 4441 1513 4498 irsoum
1533 4445 1625 4518 imps-

180 4517 301 4568 ratorum
320 4513 460 4584 libertum,
480 4516 532 4570 etsi
551 4516 586 4570 ob
605 4515 715 4586 aliquod
733 4517 905 4586 priuilegium
924 4531 941 4570 a
958 4515 1052 4571 tutelis
1070 4521 1163 4586 uacet,
1182 4517 1290 4585 patroni
1313 4521 1406 4570 tamen
1430 4521 1625 4588 patronaeque

180 4584 326 4640 liberorum
345 4591 421 4642 tutor
438 4593 468 4642 ut
487 4587 624 4656 deligatur
641 4587 866 4656 comprehensum
881 4587 986 4643 ...sed
1004 4590 1096 4656 potest
1114 4587 1167 4642 dici
1185 4603 1240 4643 non
1258 4587 1318 4642 aliis
1330 4587 1437 4657 patroni
1449 4593 1626 4656 patronaeue

182 4655 359 4726 [patronaeue
378 4677 427 4711 om.
440 4657 505 4727 eod]
524 4659 616 4714 liberis
633 4658 761 4714 libertum
779 4659 831 4715 hoc
849 4658 948 4715 debere
971 4675 1052 4729 quani
1075 4660 1123 4730 qui
1145 4659 1203 4714 iure
1225 4659 1333 4730 patroni
1357 4657 1540 4716 hereditatem
1561 4661 1628 4732 [hoo

182 4727 248 4796 cod]
267 4743 377 4798 sperare
395 4733 512 4800 possunt
533 4729 599 4796 Uei,
618 4731 663 4784 udi
679 4737 817 4804 sequamm
834 4733 889 4786 clia
960 4731 971 4766 ⁸
990 4729 1078 4786 abiit?

182 4891 316 4963 dinatio]
345 4896 371 4948 F
385 4905 585 4968 necquicquam
607 4905 767 4968 expensatum,
791 4895 874 4954 iustio
927 4897 1033 4968 norum]
1054 4898 1098 4964 F1,
1122 4898 1201 4954 annis
1223 4897 1400 4952 F’WDEIO
1469 4900 1506 4954 38
1523 4905 1629 4976 possit]

183 4963 273 5030 DE‘I,
291 4967 420 5032 iusi0E⁰,
438 4968 578 5024 insonae
620 4967 696 5024 aba
709 4969 735 5022 F
773 4970 808 5024 22
826 4985 872 5024 au·
927 4969 1012 5035 Etlo,
1029 4969 1137 5041 possint
1154 4970 1242 5025 illle
1294 4969 1330 5026 44
1346 4987 1590 5040 χειροτοιιειεογοιιι
1609 4979 1635 5032 F
