3584 5326
940 137 1039 206 LVIII

272 312 420 384 scriptores
444 317 472 368 st
490 313 680 370 emendatores
703 313 767 369 iude
785 313 896 370 uidetur
919 312 1104 383 comprobari,
1127 312 1201 383 quod
1225 311 1253 368 hi
1273 327 1336 368 cum
1355 311 1501 383 diligenter
1518 311 1610 369 cilicio
1627 312 1712 369 iuncti
1763 301 1769 356 3

273 420 342 489 siut,
365 423 458 476 tamen
476 419 568 476 hiatus
586 421 740 490 complures
759 421 876 476 maiores
894 435 949 476 nou
967 420 1160 490 expleueruut,
1181 420 1209 474 in
1227 418 1269 476 his
1287 425 1344 475 tres
1362 420 1458 490 spatiis
1476 421 1573 476 uacuis
1591 421 1713 490 aprime

272 525 382 582 librario
401 527 503 582 relictis
521 527 561 582 ita
579 527 727 596 indicatos,
746 531 777 582 ut
795 526 937 597 praeteriri
954 527 1028 582 nullo
1046 526 1129 582 modo
1147 526 1299 596 potuerint:
1322 541 1412 596 nsque
1430 526 1571 596 praeteriit
1588 541 1638 583 eos
1656 541 1714 582 cor·

204 649 206 654 ·
273 621 371 700 rector,
390 632 440 688 sed
458 648 520 688 cum
539 633 649 703 explere
666 648 720 689 nou
733 636 836 704 posset,
855 631 1002 703 adscripsit
1013 632 1083 688 κήτει
1097 635 1135 710 (u.
1148 650 1175 703 p.
1188 631 1317 700 XXXX).
1345 631 1420 703 quod
1438 637 1632 702 argumentum
1650 647 1714 688 curn

271 737 466 808 grauissimum
485 739 535 808 sit,
555 745 648 794 tamen
665 739 694 794 in
712 739 876 795 contrariam
893 743 1000 808 partem
1018 743 1120 794 uocant
1136 739 1190 794 alia
1208 753 1262 796 non
1279 738 1391 794 leuiora.
1421 739 1461 794 ita
1478 753 1528 794 sex
1545 739 1640 808 legum
1659 754 1715 794 uuo

271 843 366 900 ordine
385 845 546 914 scriptarum
566 846 603 900 D.
617 846 660 916 32,
674 846 789 902 15-20
806 861 869 902 cum
887 849 1029 901 auctorum
1048 845 1159 902 nomina
1176 845 1204 900 iu
1221 844 1379 900 Florentino
1401 845 1470 901 lihrc
1493 845 1534 900 sic
1552 859 1716 915 repraesen-

271 953 364 1006 tentur
382 951 485 1021 scripta
502 965 654 1022 perperam,
673 957 747 1008 recte
766 957 858 1008 autem
876 951 1034 1008 emendata:

367 1102 380 1135 ε
559 1097 729 1140 rooronrus
851 1105 865 1138 e
1288 1095 1348 1138 usu
1507 1096 1566 1137 uus

318 1149 490 1206 mameranus
508 1169 539 1178 -
558 1152 736 1209 i’el’ltiltlltli
755 1169 788 1178 -
806 1149 978 1206 capotenus
993 1167 1024 1176 -
1041 1149 1211 1194 economus
1230 1166 1262 1178 -
1282 1149 1411 1206 quamtus
1430 1166 1462 1177 -
1484 1149 1667 1208 qpqpqsuuus

271 1269 340 1325 haec
357 1269 485 1326 uidentur
502 1271 640 1344 descripta
658 1287 720 1328 esse
738 1286 774 1328 ex
791 1269 942 1342 archetypo
959 1269 1013 1326 hoc
1030 1270 1090 1326 loco
1109 1271 1136 1326 in
1156 1269 1276 1325 miniatis
1288 1269 1417 1326 damnum
1431 1285 1522 1340 passo,
1540 1275 1572 1326 ut
1583 1268 1718 1327 librarius

271 1375 372 1432 ductus
390 1377 522 1434 suanidos
541 1394 595 1434 non
614 1379 682 1435 satis
700 1381 907 1448 assequeretur,
930 1375 1077 1432 emendata
1097 1381 1190 1432 summ
1209 1392 1244 1432 ex
1261 1375 1330 1432 libro
1348 1377 1455 1446 integro
1472 1377 1566 1446 itaque
1590 1375 1717 1433 diuerso.

271 1497 438 1553 quamquam
456 1485 538 1540 etiam
558 1485 640 1541 docta
658 1485 775 1542 lectione
792 1483 941 1554 adsumpta
964 1483 1123 1546 coniectura
1144 1497 1199 1537 nou
1223 1481 1372 1538 admodum
1390 1479 1494 1538 difficili
1517 1497 1615 1538 uerum
1634 1497 1717 1539 recu·

271 1590 361 1659 parari
378 1590 478 1659 potuit.
511 1591 599 1660 magis
617 1595 731 1646 mouent
753 1591 806 1646 loci
829 1606 913 1660 supra
931 1592 968 1659 (p.
982 1589 1056 1656 LVI)
1077 1587 1223 1658 propositi,
1247 1587 1295 1644 uhi
1318 1587 1479 1644 emendator
1501 1593 1576 1644 recte
1599 1590 1718 1645 sustulit

271 1695 360 1750 aliena
382 1696 553 1766 mutauitqus
574 1697 740 1767 interpolata
763 1698 792 1752 in
818 1697 905 1766 ipsam
932 1695 1098 1766 primitiuam
1119 1695 1282 1766 scripturam
1304 1694 1439 1764 admissa:
1467 1695 1507 1750 ita
1533 1693 1581 1750 ubi
1607 1695 1717 1752 deleuit

272 1801 432 1857 emendator
450 1801 668 1858 additamentum
687 1804 828 1874 antiquum
847 1803 875 1858 iu
893 1800 947 1858 hue
964 1801 1038 1856 tituli
1058 1801 1094 1856 de
1113 1800 1333 1872 probationibus,
1354 1801 1403 1857 ubi
1425 1801 1545 1858 restituit
1566 1815 1641 1872 quae
1665 1817 1715 1857 ex·

271 1907 394 1962 ciderant
416 1907 494 1963 iuter
509 1905 527 1962 1.
541 1910 576 1964 50
594 1915 623 1964 et
640 1911 675 1964 53
698 1909 770 1965 tituli
789 1909 824 1964 ad
842 1910 932 1978 legem
950 1907 1101 1962 Falcidiam
1119 1912 1148 1962 et
1165 1912 1311 1978 eapropter
1328 1907 1356 1962 in
1374 1908 1551 1978 inscriptione
1574 1907 1643 1963 153
1660 1923 1715 1978 pro

270 2014 434 2084 interpolata
450 2015 567 2070 lectione
586 2017 652 2070 idem
669 2016 818 2084 genuinam
837 2014 993 2084 reuocauit,
1017 2017 1151 2084 quaeest
1171 2014 1269 2078 Ochae,
1294 2012 1508 2084 confugiendum
1530 2019 1573 2068 est
1590 2013 1628 2069 ad
1647 2014 1716 2070 arti·

271 2119 334 2176 hcia
351 2127 380 2176 st
396 2136 485 2191 paene
507 2121 623 2177 dixerim
646 2122 790 2192 miracula,
814 2126 846 2176 ut
867 2121 943 2176 hisce
966 2121 1033 2176 locis
1055 2125 1112 2176 tam
1130 2119 1296 2189 primitiuam
1314 2121 1459 2176 lectionem
1480 2118 1541 2175 libri
1559 2119 1715 2176 Florentiui

270 2243 353 2298 quam
381 2227 554 2284 emendatam
582 2227 619 2284 ad
645 2243 730 2284 uuum
758 2227 885 2297 idemque
912 2226 1092 2298 archetypum
1118 2240 1241 2282 reuoccs.
1278 2225 1343 2296 quid
1371 2225 1445 2297 quod
1472 2241 1527 2282 uuo
1550 2231 1626 2282 certe
1650 2227 1714 2284 ioco

270 2333 425 2389 differentia
447 2334 518 2389 inter
536 2334 720 2390 Florentiuam
737 2334 855 2404 priorem
877 2339 907 2388 et
924 2332 1102 2404 posteriorem
1120 2337 1349 2388 commemoratur
1366 2333 1449 2388 etiam
1467 2331 1541 2404 apud
1558 2331 1715 2402 prudentes

270 2440 421 2511 Byzantios
444 2441 544 2495 aetatis
567 2441 740 2511 recentioris,
762 2439 791 2494 id
815 2444 858 2495 est
881 2439 984 2494 saeculi
1007 2439 1106 2494 decimi
1124 2439 1310 2495 undecimiue:
1334 2439 1439 2494 scilicet
1460 2453 1494 2494 ec
1511 2439 1572 2509 ipso
1594 2438 1632 2494 de
1655 2455 1714 2510 quo

271 2545 353 2602 modo
372 2546 429 2602 dixi
452 2547 513 2602 loeo
531 2545 558 2601 hi
577 2545 711 2602 adnotant
732 2547 821 2616 legem
840 2547 874 2600 51
899 2546 970 2601 tituli
994 2545 1031 2600 ad
1048 2546 1138 2615 legem
1156 2545 1305 2600 Falcidiam
1324 2542 1442 2601 deficere
1459 2545 1489 2601 iu
1506 2545 1598 2602 multis
1617 2561 1713 2603 exem-

270 2639 406 2724 plaribus,
430 2657 461 2707 ut
478 2667 544 2708 uere
562 2650 656 2708 deficit
672 2653 700 2708 in
719 2653 869 2708 Florentini
886 2652 1022 2721 scriptura
1041 2651 1189 2722 primitius.
1220 2651 1311 2708 hiatus
1335 2652 1419 2722 igitur
1442 2652 1649 2722 antiquissimus
1667 2659 1715 2710 est

270 2773 359 2828 neque
376 2759 494 2829 primum
512 2758 650 2814 admissus
668 2759 749 2830 culpa
766 2757 869 2814 librarii
886 2758 1049 2828 Florentini,
1073 2758 1123 2813 sed
1147 2755 1235 2814 adfuit
1258 2759 1312 2814 iarn
1336 2763 1411 2815 certe
1433 2759 1462 2814 iu
1480 2757 1631 2830 archetypo
1650 2759 1714 2816 eius

269 2863 331 2919 libri
349 2865 443 2935 itaqua
465 2864 529 2920 inde
550 2865 690 2920 emendari
713 2880 767 2921 nou
790 2865 891 2934 potuit.
924 2879 1008 2934 quare
1031 2865 1158 2935 quamuis
1179 2865 1316 2935 explicare
1333 2879 1482 2935 nequeam,
1507 2879 1556 2920 cur
1573 2864 1622 2934 qui
1639 2863 1714 2921 haec

210 3009 212 3014 .
270 2972 380 3041 explere
397 2971 495 3041 potuit,
514 2986 569 3028 nou
587 2971 702 3042 explerit
720 2971 774 3026 alia
792 2985 847 3027 uon
864 2971 955 3026 minus
972 2969 1085 3040 hiantia,
1104 2975 1196 3028 umen
1215 2972 1303 3042 magis
1322 2971 1483 3027 crediderim
1502 2969 1712 3028 emendatorem

165 3065 167 3072 ⁴
270 3075 428 3133 adhibuisse
446 3077 586 3148 exemplar
603 3093 621 3132 a
638 3077 786 3132 hicrsntini
805 3076 955 3148 archetypo
973 3075 1120 3132 diuersum.

106 3198 251 3246 Emendatio.
323 3183 384 3240 Non
408 3199 470 3240 raro
487 3184 516 3238 iu
534 3183 604 3240 libro
621 3183 778 3240 Florentino
796 3183 1002 3239 emendationes
1020 3183 1192 3253 reperiuntur
1209 3187 1283 3239 recte
1301 3189 1429 3254 coeptae,
1452 3182 1502 3239 sed
1520 3180 1712 3253 imperfectae.

118 3261 243 3369 ffielffii
270 3289 309 3345 ita
332 3289 497 3359 1,103,20
519 3297 543 3345 et
565 3299 590 3344 si
610 3298 700 3362 postea
724 3290 835 3360 [budait,
863 3291 914 3345 eidi
935 3290 1034 3362 postea]
1061 3289 1222 3346 emendator
1244 3305 1299 3345 non
1322 3305 1357 3346 ea
1383 3289 1502 3360 addidit,
1530 3303 1601 3359 quae
1628 3290 1712 3345 uncis

105 3385 251 3445 inperfectae
269 3394 540 3466 comprehendimus,
558 3395 608 3450 sed
626 3406 650 3452 es·
668 3401 774 3452 tentum
794 3396 913 3452 mumuit
930 3397 958 3451 in
976 3397 1040 3452 sili:
1064 3397 1103 3451 ita
1121 3397 1141 3465 1,
1155 3398 1198 3466 61,
1211 3397 1245 3452 33
1263 3405 1287 3452 er·
1305 3417 1322 3451 a
1340 3404 1423 3469 eapite
1441 3396 1543 3466 [edatur
1559 3414 1621 3450 nem
1638 3402 1712 3452 ratic

268 3509 320 3557 nter·
343 3523 359 3557 a
383 3501 476 3573 capite]
504 3481 658 3572 inspectator
680 3503 841 3558 emendator
864 3517 898 3558 ex
920 3503 955 3558 iis
975 3517 1046 3571 quae
1070 3503 1147 3557 uncis
1170 3501 1425 3573 comprehendimus
1448 3517 1502 3557 uon
1524 3500 1633 3556 addidit
1656 3502 1712 3558 uisi

268 3607 360 3678 priora
383 3609 474 3663 edatur
496 3627 555 3662 nam
579 3615 648 3664 rullo
671 3618 699 3663 m·
721 3609 831 3664 omissis
848 3607 962 3676 uerbis,
989 3622 1060 3677 quae
1085 3623 1170 3663 eausa
1196 3609 1294 3664 erroris
1322 3606 1432 3664 luerunt
1453 3617 1477 3663 er·
1500 3629 1518 3663 a
1541 3614 1641 3686 capite:
1669 3609 1712 3664 ita

269 3714 303 3784 11,
322 3715 366 3784 46,
386 3715 421 3768 22
444 3716 549 3768 allerias
575 3714 653 3783 [serui
673 3735 722 3786 per
741 3697 851 3770 ¹alteram
875 3734 977 3769 seruam
1002 3715 1112 3786 adquiro
1134 3717 1242 3785 perinde
1265 3734 1296 3770 cc
1319 3723 1343 3769 si
1365 3733 1420 3770 mec
1443 3722 1466 3769 et
1489 3713 1602 3782 1111111111]
1631 3733 1712 3770 seruc

268 3821 328 3891 ipsc
347 3819 473 3875 librarius
492 3823 567 3884 (nam
585 3821 747 3876 emendator
764 3821 853 3876 locum
872 3836 927 3876 uon
945 3820 1048 3890 attigit)
1066 3820 1169 3875 omissa
1187 3819 1297 3890 quidem
1316 3835 1371 3875 uon
1388 3820 1539 3890 suppleuit,
1563 3818 1613 3874 sed
1631 3839 1712 3876 seruc

269 3926 387 3982 mutauit
410 3926 438 3981 in
461 3935 538 3981 sent.
575 3927 674 3982 similia
698 3941 781 3997 saepe
805 3926 1013 3995 obseruautur1,
1041 3929 1073 3980 ut
1099 3926 1126 3981 iu
1153 3925 1215 3995 ipsa
1241 3927 1339 3982 erroris
1361 3925 1552 3982 emendatione
1578 3923 1713 3984 facillime

267 4031 358 4086 denuo
376 4036 491 4088 erratur.

147 4157 209 4203 Libri
321 4137 378 4192 lam
404 4136 439 4192 ab
463 4137 700 4194 emendationibus
724 4139 797 4194 ueris
819 4137 867 4194 ubi
890 4153 940 4193 nos
962 4138 1148 4193 conuertimus
1166 4137 1202 4193 ad
1220 4138 1457 4209 interpolationes,
1479 4119 1532 4193 hae
1549 4152 1662 4208 quoque
1681 4139 1713 4196 iu

104 4219 249 4340 ,5333310
267 4243 464 4315 posterioribus
483 4244 656 4300 Florentinae
674 4243 838 4300 lectionibus
855 4249 959 4314 quanto
978 4259 1091 4300 numero
1109 4249 1138 4300 et
1155 4244 1243 4314 qualis
1255 4244 1417 4300 temeritatis
1429 4244 1606 4315 reperiantur,
1624 4243 1713 4302 huius

109 4341 246 4389 scholastica
268 4351 396 4407 editionis
414 4355 564 4421 apparatus
583 4351 716 4424 sescentis
733 4351 801 4406 locis
819 4351 1003 4407 demonstrat:
1022 4366 1085 4406 nam
1098 4351 1272 4406 Taurelliaua
1288 4351 1354 4406 item
1373 4366 1427 4406 uon
1443 4365 1533 4421 pauca
1544 4353 1713 4424 suppressit,

269 4457 387 4512 maxime
411 4456 553 4512 euidenter
575 4455 658 4526 salsa,
683 4455 733 4512 sed
751 4457 786 4512 ad
805 4457 1004 4514 emendationis
1023 4458 1155 4513 rationem
1174 4461 1248 4512 recte
1267 4445 1465 4513 aestimandam
1483 4457 1594 4514 omnino
1611 4471 1712 4516 neees-

325 4706 331 4739 ¹
357 4703 399 4756 Sic
417 4705 438 4767 1,
459 4704 517 4767 158,
536 4705 584 4769 35,
611 4706 654 4757 ubi
678 4706 812 4772 requiritur
835 4709 940 4761 alterius
963 4725 1037 4760 mora
1060 4709 1148 4772 alleri,
1175 4707 1291 4758 librarius
1314 4708 1398 4760 omisit
1420 4708 1499 4760 uerba
1525 4725 1599 4763 marc
1623 4711 1712 4778 alteri,

269 4794 416 4845 emendator
434 4793 494 4844 fecit
511 4796 617 4848 allerias
629 4799 711 4849 *mora
723 4797 845 4850 alterium.
871 4796 932 4847 item
953 4795 1011 4857 160,
1024 4795 1056 4846 21
1078 4811 1108 4846 ex
1118 4798 1216 4870 fecerit
1233 4795 1381 4850 emendator
1398 4796 1458 4850 fecit
1466 4797 1603 4868 streperet,
1621 4796 1713 4854 fucere

267 4881 346 4934 noluit
363 4889 494 4953 receperit.
521 4882 571 4934 alia
589 4883 642 4934 eius
661 4885 761 4950 generis
779 4885 893 4938 inuenies
910 4884 931 4947 1,
944 4884 1005 4947 259,
1019 4883 1044 4937 8.
1060 4883 1092 4935 14
1110 4892 1136 4934 et
1154 4884 1256 4951 passim.
