<?xml version="1.0" encoding="UTF-8"?>
<!DOCTYPE html PUBLIC "-//W3C//DTD XHTML 1.0 Transitional//EN"
    "http://www.w3.org/TR/xhtml1/DTD/xhtml1-transitional.dtd">
<html xmlns="http://www.w3.org/1999/xhtml" xml:lang="en" lang="en">
 <head>
  <title>
</title>
<meta http-equiv="Content-Type" content="text/html;charset=utf-8" />
  <meta name='ocr-system' content='tesseract 3.04.00' />
  <meta name='ocr-capabilities' content='ocr_page ocr_carea ocr_par ocr_line ocrx_word'/>
</head>
<body>
  <div class='ocr_page' id='page_1' title='image "./digestaiustinia01kruegoog_0054.png"; bbox 0 0 3584 5326; ppageno 0'>
   <div class='ocr_carea' id='block_1_1' title="bbox 744 173 923 242">
    <p class='ocr_par' dir='ltr' id='par_1_1' title="bbox 744 173 923 242">
     <span class='ocr_line' id='line_1_1' title="bbox 744 173 923 242; baseline 0 0"><span class='ocrx_word' id='word_1_1' title='bbox 744 173 923 242; x_wconf 83' lang='lat' dir='ltr'>XXXXVII</span> 
     </span>
    </p>
   </div>
   <div class='ocr_carea' id='block_1_2' title="bbox 51 341 1550 3740">
    <p class='ocr_par' dir='ltr' id='par_1_2' title="bbox 51 341 1550 3740">
     <span class='ocr_line' id='line_1_2' title="bbox 139 341 1545 421; baseline -0.001 -13"><span class='ocrx_word' id='word_1_2' title='bbox 139 341 324 410; x_wconf 67' lang='lat' dir='ltr'><strong>dffieentssime</strong></span> <span class='ocrx_word' id='word_1_3' title='bbox 345 351 457 421; x_wconf 75' lang='lat' dir='ltr'>collegit</span> <span class='ocrx_word' id='word_1_4' title='bbox 479 348 608 406; x_wconf 82' lang='lat' dir='ltr'><strong>defuneto</strong></span> <span class='ocrx_word' id='word_1_5' title='bbox 631 364 665 405; x_wconf 91' lang='lat' dir='ltr'><strong>co</strong></span> <span class='ocrx_word' id='word_1_6' title='bbox 688 349 742 404; x_wconf 89' lang='lat' dir='ltr'><strong>aliu</strong></span> <span class='ocrx_word' id='word_1_7' title='bbox 764 350 856 405; x_wconf 86' lang='lat' dir='ltr'><strong>delata</strong></span> <span class='ocrx_word' id='word_1_8' title='bbox 877 350 912 405; x_wconf 88' lang='lat' dir='ltr'><strong>ad</strong></span> <span class='ocrx_word' id='word_1_9' title='bbox 930 349 1073 405; x_wconf 85' lang='lat' dir='ltr'><strong>Schraderi</strong></span> <span class='ocrx_word' id='word_1_10' title='bbox 1092 348 1201 404; x_wconf 87' lang='lat' dir='ltr'><strong>aflincm</strong></span> <span class='ocrx_word' id='word_1_11' title='bbox 1221 351 1353 419; x_wconf 77' lang='lat' dir='ltr'><strong>collegam</strong></span> <span class='ocrx_word' id='word_1_12' title='bbox 1373 365 1463 404; x_wconf 91' lang='lat' dir='ltr'><strong>menm</strong></span> <span class='ocrx_word' id='word_1_13' title='bbox 1482 364 1545 406; x_wconf 90' lang='lat' dir='ltr'><strong>con·</strong></span> 
     </span>
     <span class='ocr_line' id='line_1_3' title="bbox 139 447 1547 527; baseline -0.001 -14"><span class='ocrx_word' id='word_1_14' title='bbox 139 447 315 513; x_wconf 67' lang='lat' dir='ltr'><strong>bnoh&#39;ainrm</strong></span> <span class='ocrx_word' id='word_1_15' title='bbox 338 457 489 527; x_wconf 76' lang='lat' dir='ltr'><strong>Georgium</strong></span> <span class='ocrx_word' id='word_1_16' title='bbox 508 457 612 526; x_wconf 90' lang='lat' dir='ltr'><strong>Brnns,</strong></span> <span class='ocrx_word' id='word_1_17' title='bbox 636 455 690 512; x_wconf 87' lang='lat' dir='ltr'><strong>alia</strong></span> <span class='ocrx_word' id='word_1_18' title='bbox 711 471 798 527; x_wconf 89' lang='lat' dir='ltr'><strong>eaque</strong></span> <span class='ocrx_word' id='word_1_19' title='bbox 822 457 901 527; x_wconf 89' lang='lat' dir='ltr'><strong>plura</strong></span> <span class='ocrx_word' id='word_1_20' title='bbox 922 456 998 512; x_wconf 88' lang='lat' dir='ltr'><strong>illata</strong></span> <span class='ocrx_word' id='word_1_21' title='bbox 1020 454 1202 512; x_wconf 87' lang='lat' dir='ltr'><strong>bibliothecae</strong></span> <span class='ocrx_word' id='word_1_22' title='bbox 1219 455 1390 526; x_wconf 84' lang='lat' dir='ltr'><strong>Tubingensi</strong></span> <span class='ocrx_word' id='word_1_23' title='bbox 1408 459 1469 524; x_wconf 89' lang='lat' dir='ltr'><strong>(ma.</strong></span> <span class='ocrx_word' id='word_1_24' title='bbox 1485 457 1547 513; x_wconf 83' lang='lat'><strong>303.</strong></span> 
     </span>
     <span class='ocr_line' id='line_1_4' title="bbox 140 555 1548 635; baseline 0 -17"><span class='ocrx_word' id='word_1_25' title='bbox 140 555 186 612; x_wconf 72' lang='grc'><strong>301-</strong></span> <span class='ocrx_word' id='word_1_26' title='bbox 199 563 258 621; x_wconf 84' lang='lat'><strong>311.</strong></span> <span class='ocrx_word' id='word_1_27' title='bbox 267 566 343 635; x_wconf 80' lang='lat' dir='ltr'><strong>alt),</strong></span> <span class='ocrx_word' id='word_1_28' title='bbox 362 563 437 620; x_wconf 91' lang='lat' dir='ltr'><strong>unde</strong></span> <span class='ocrx_word' id='word_1_29' title='bbox 454 563 667 620; x_wconf 76' lang='lat' dir='ltr'><strong>subministratis</strong></span> <span class='ocrx_word' id='word_1_30' title='bbox 684 577 734 634; x_wconf 88' lang='lat' dir='ltr'><strong>per</strong></span> <span class='ocrx_word' id='word_1_31' title='bbox 752 563 907 633; x_wconf 81' lang='lat' dir='ltr'><strong>complures</strong></span> <span class='ocrx_word' id='word_1_32' title='bbox 923 578 1009 620; x_wconf 90' lang='lat' dir='ltr'><strong>annos</strong></span> <span class='ocrx_word' id='word_1_33' title='bbox 1028 563 1171 620; x_wconf 87' lang='lat' dir='ltr'><strong>commode</strong></span> <span class='ocrx_word' id='word_1_34' title='bbox 1189 567 1218 618; x_wconf 91' lang='lat' dir='ltr'><strong>et</strong></span> <span class='ocrx_word' id='word_1_35' title='bbox 1234 564 1316 634; x_wconf 90' lang='lat' dir='ltr'><strong>plene</strong></span> <span class='ocrx_word' id='word_1_36' title='bbox 1334 579 1401 619; x_wconf 87' lang='lat' dir='ltr'><strong>usus</strong></span> <span class='ocrx_word' id='word_1_37' title='bbox 1419 579 1489 618; x_wconf 89' lang='lat' dir='ltr'><strong>anm.</strong></span> <span class='ocrx_word' id='word_1_38' title='bbox 1519 563 1548 618; x_wconf 91' lang='lat' dir='ltr'><strong>in</strong></span> 
     </span>
     <span class='ocr_line' id='line_1_5' title="bbox 138 659 1549 744; baseline 0.001 -20"><span class='ocrx_word' id='word_1_39' title='bbox 138 659 215 724; x_wconf 74' lang='lat' dir='ltr'><strong>itm</strong></span> <span class='ocrx_word' id='word_1_40' title='bbox 235 672 328 744; x_wconf 87' lang='lat' dir='ltr'><strong>operis,</strong></span> <span class='ocrx_word' id='word_1_41' title='bbox 351 686 435 741; x_wconf 90' lang='lat' dir='ltr'><strong>qnam</strong></span> <span class='ocrx_word' id='word_1_42' title='bbox 458 669 627 726; x_wconf 85' lang='lat' dir='ltr'><strong>Schraderns</strong></span> <span class='ocrx_word' id='word_1_43' title='bbox 649 669 701 724; x_wconf 92' lang='lat' dir='ltr'><strong>sibi</strong></span> <span class='ocrx_word' id='word_1_44' title='bbox 724 670 880 740; x_wconf 89' lang='lat' dir='ltr'><strong>proposuit,</strong></span> <span class='ocrx_word' id='word_1_45' title='bbox 904 685 957 740; x_wconf 89' lang='lat' dir='ltr'><strong>ego</strong></span> <span class='ocrx_word' id='word_1_46' title='bbox 979 670 1046 740; x_wconf 92' lang='lat' dir='ltr'><strong>quid</strong></span> <span class='ocrx_word' id='word_1_47' title='bbox 1069 669 1234 740; x_wconf 84' lang='lat' dir='ltr'><strong>improbem,</strong></span> <span class='ocrx_word' id='word_1_48' title='bbox 1258 685 1313 726; x_wconf 91' lang='lat' dir='ltr'><strong>non</strong></span> <span class='ocrx_word' id='word_1_49' title='bbox 1336 685 1406 740; x_wconf 86' lang='lat' dir='ltr'><strong>opus</strong></span> <span class='ocrx_word' id='word_1_50' title='bbox 1430 674 1473 726; x_wconf 89' lang='lat' dir='ltr'><strong>cst</strong></span> <span class='ocrx_word' id='word_1_51' title='bbox 1497 669 1549 726; x_wconf 91' lang='lat' dir='ltr'><strong>hoo</strong></span> 
     </span>
     <span class='ocr_line' id='line_1_6' title="bbox 136 767 1549 850; baseline -0.002 -16"><span class='ocrx_word' id='word_1_52' title='bbox 136 767 182 825; x_wconf 74' lang='lat'><strong>¹⁰0⁰</strong></span> <span class='ocrx_word' id='word_1_53' title='bbox 201 791 343 850; x_wconf 82' lang='lat' dir='ltr'><strong>exponere:</strong></span> <span class='ocrx_word' id='word_1_54' title='bbox 365 776 416 833; x_wconf 85' lang='lat' dir='ltr'><strong>scd</strong></span> <span class='ocrx_word' id='word_1_55' title='bbox 439 792 604 848; x_wconf 89' lang='lat' dir='ltr'><strong>quamquam</strong></span> <span class='ocrx_word' id='word_1_56' title='bbox 628 777 757 846; x_wconf 89' lang='lat' dir='ltr'><strong>pleraque</strong></span> <span class='ocrx_word' id='word_1_57' title='bbox 779 775 808 831; x_wconf 90' lang='lat' dir='ltr'><strong>in</strong></span> <span class='ocrx_word' id='word_1_58' title='bbox 825 777 1000 836; x_wconf 88' lang='lat' dir='ltr'><strong>collectaneis</strong></span> <span class='ocrx_word' id='word_1_59' title='bbox 1016 777 1070 833; x_wconf 92' lang='lat' dir='ltr'><strong>illis</strong></span> <span class='ocrx_word' id='word_1_60' title='bbox 1087 782 1195 848; x_wconf 88' lang='lat' dir='ltr'><strong>reperta</strong></span> <span class='ocrx_word' id='word_1_61' title='bbox 1212 776 1407 848; x_wconf 74' lang='lat' dir='ltr'><strong>pandectarum</strong></span> <span class='ocrx_word' id='word_1_62' title='bbox 1426 776 1549 846; x_wconf 87' lang='lat' dir='ltr'><strong>recogni-</strong></span> 
     </span>
     <span class='ocr_line' id='line_1_7' title="bbox 133 874 1548 955; baseline -0.002 -15"><span class='ocrx_word' id='word_1_63' title='bbox 133 874 224 940; x_wconf 71' lang='lat' dir='ltr'><strong>fllllem</strong></span> <span class='ocrx_word' id='word_1_64' title='bbox 240 884 301 941; x_wconf 91' lang='lat' dir='ltr'><strong>mihi</strong></span> <span class='ocrx_word' id='word_1_65' title='bbox 318 900 374 940; x_wconf 91' lang='lat' dir='ltr'><strong>non</strong></span> <span class='ocrx_word' id='word_1_66' title='bbox 391 884 453 940; x_wconf 87' lang='lat' dir='ltr'><strong>uisa</strong></span> <span class='ocrx_word' id='word_1_67' title='bbox 470 889 535 940; x_wconf 89' lang='lat' dir='ltr'><strong>sunt</strong></span> <span class='ocrx_word' id='word_1_68' title='bbox 552 883 683 939; x_wconf 89' lang='lat' dir='ltr'><strong>adiuuare</strong></span> <span class='ocrx_word' id='word_1_69' title='bbox 700 883 793 954; x_wconf 80' lang='lat' dir='ltr'><strong>itaque</strong></span> <span class='ocrx_word' id='word_1_70' title='bbox 811 883 961 954; x_wconf 87' lang='lat' dir='ltr'><strong>reicienda,</strong></span> <span class='ocrx_word' id='word_1_71' title='bbox 982 887 1074 940; x_wconf 87' lang='lat' dir='ltr'><strong>tamen</strong></span> <span class='ocrx_word' id='word_1_72' title='bbox 1096 889 1205 955; x_wconf 88' lang='lat' dir='ltr'><strong>praeter</strong></span> <span class='ocrx_word' id='word_1_73' title='bbox 1227 885 1294 954; x_wconf 87' lang='lat' dir='ltr'><strong>alia,</strong></span> <span class='ocrx_word' id='word_1_74' title='bbox 1317 883 1352 940; x_wconf 89' lang='lat' dir='ltr'><strong>de</strong></span> <span class='ocrx_word' id='word_1_75' title='bbox 1376 881 1476 954; x_wconf 90' lang='lat' dir='ltr'><strong>quibus</strong></span> <span class='ocrx_word' id='word_1_76' title='bbox 1494 883 1548 938; x_wconf 86' lang='lat' dir='ltr'><strong>sin-</strong></span> 
     </span>
     <span class='ocr_line' id='line_1_8' title="bbox 126 983 1550 1063; baseline -0.006 -11"><span class='ocrx_word' id='word_1_77' title='bbox 126 983 232 1052; x_wconf 70' lang='lat' dir='ltr'><strong>absum</strong></span> <span class='ocrx_word' id='word_1_78' title='bbox 250 992 354 1063; x_wconf 90' lang='lat' dir='ltr'><strong>monui,</strong></span> <span class='ocrx_word' id='word_1_79' title='bbox 377 991 523 1048; x_wconf 75' lang='lat' dir='ltr'><strong>nhhssima</strong></span> <span class='ocrx_word' id='word_1_80' title='bbox 547 989 613 1046; x_wconf 92' lang='lat' dir='ltr'><strong>mihi</strong></span> <span class='ocrx_word' id='word_1_81' title='bbox 635 989 688 1046; x_wconf 87' lang='lat' dir='ltr'><strong>init</strong></span> <span class='ocrx_word' id='word_1_82' title='bbox 705 989 830 1046; x_wconf 89' lang='lat' dir='ltr'><strong>codicum</strong></span> <span class='ocrx_word' id='word_1_83' title='bbox 848 990 1060 1046; x_wconf 87' lang='lat' dir='ltr'><strong>Bononiensium</strong></span> <span class='ocrx_word' id='word_1_84' title='bbox 1079 993 1177 1047; x_wconf 86' lang='lat' dir='ltr'><strong>notitia</strong></span> <span class='ocrx_word' id='word_1_85' title='bbox 1194 990 1334 1048; x_wconf 87' lang='lat' dir='ltr'><strong>elaborata</strong></span> <span class='ocrx_word' id='word_1_86' title='bbox 1351 990 1513 1046; x_wconf 80' lang='lat' dir='ltr'><strong>examinatis</strong></span> <span class='ocrx_word' id='word_1_87' title='bbox 1532 1005 1550 1044; x_wconf 89' lang='lat' dir='ltr'><strong>a</strong></span> 
     </span>
     <span class='ocr_line' id='line_1_9' title="bbox 122 1085 1548 1170; baseline -0.004 -15"><span class='ocrx_word' id='word_1_88' title='bbox 122 1085 267 1155; x_wconf 71' lang='lat' dir='ltr'><strong>teht-cero</strong></span> <span class='ocrx_word' id='word_1_89' title='bbox 285 1099 400 1170; x_wconf 73' lang='lat' dir='ltr'><strong>ermque</strong></span> <span class='ocrx_word' id='word_1_90' title='bbox 418 1098 522 1169; x_wconf 74' lang='lat' dir='ltr'><strong>amicis,</strong></span> <span class='ocrx_word' id='word_1_91' title='bbox 540 1097 646 1154; x_wconf 70' lang='lat' dir='ltr'><strong>ermen&gt;</strong></span> <span class='ocrx_word' id='word_1_92' title='bbox 662 1097 691 1153; x_wconf 81' lang='lat' dir='ltr'><strong>n</strong></span> <span class='ocrx_word' id='word_1_93' title='bbox 704 1095 800 1167; x_wconf 71' lang='lat' dir='ltr'><strong>cans,</strong></span> <span class='ocrx_word' id='word_1_94' title='bbox 819 1095 924 1153; x_wconf 64' lang='lat' dir='ltr'><strong>nenio</strong></span> <span class='ocrx_word' id='word_1_95' title='bbox 937 1097 965 1153; x_wconf 74' lang='grc' dir='ltr'><strong>ιι</strong></span> <span class='ocrx_word' id='word_1_96' title='bbox 979 1098 1129 1170; x_wconf 70' lang='lat' dir='ltr'><strong>asenna,</strong></span> <span class='ocrx_word' id='word_1_97' title='bbox 1147 1099 1308 1168; x_wconf 80' lang='lat' dir='ltr'><strong>praesertim</strong></span> <span class='ocrx_word' id='word_1_98' title='bbox 1327 1113 1393 1153; x_wconf 76' lang='lat' dir='ltr'><strong>uero</strong></span> <span class='ocrx_word' id='word_1_99' title='bbox 1411 1096 1548 1152; x_wconf 68' lang='lat' dir='ltr'><strong>aeruna,</strong></span> 
     </span>
     <span class='ocr_line' id='line_1_10' title="bbox 116 1200 1548 1275; baseline -0.003 -13"><span class='ocrx_word' id='word_1_100' title='bbox 116 1202 144 1252; x_wconf 58' lang='grc' dir='ltr'><strong>ὑί</strong></span> <span class='ocrx_word' id='word_1_101' title='bbox 162 1200 264 1262; x_wconf 77' lang='lat' dir='ltr'><strong>lisiaro</strong></span> <span class='ocrx_word' id='word_1_102' title='bbox 281 1206 309 1262; x_wconf 92' lang='lat' dir='ltr'><strong>in</strong></span> <span class='ocrx_word' id='word_1_103' title='bbox 327 1205 407 1262; x_wconf 84' lang='lat' dir='ltr'><strong>ltalia</strong></span> <span class='ocrx_word' id='word_1_104' title='bbox 423 1203 594 1261; x_wconf 81' lang='lat' dir='ltr'><strong>bibliothecis</strong></span> <span class='ocrx_word' id='word_1_105' title='bbox 612 1203 760 1261; x_wconf 80' lang='lat' dir='ltr'><strong>maioribus</strong></span> <span class='ocrx_word' id='word_1_106' title='bbox 783 1219 871 1275; x_wconf 88' lang='lat' dir='ltr'><strong>paene</strong></span> <span class='ocrx_word' id='word_1_107' title='bbox 895 1203 1022 1260; x_wconf 90' lang='lat' dir='ltr'><strong>omnibus</strong></span> <span class='ocrx_word' id='word_1_108' title='bbox 1042 1221 1104 1261; x_wconf 92' lang='lat' dir='ltr'><strong>cum</strong></span> <span class='ocrx_word' id='word_1_109' title='bbox 1123 1204 1252 1261; x_wconf 87' lang='lat' dir='ltr'><strong>adiuncta</strong></span> <span class='ocrx_word' id='word_1_110' title='bbox 1270 1204 1347 1261; x_wconf 89' lang='lat' dir='ltr'><strong>breui</strong></span> <span class='ocrx_word' id='word_1_111' title='bbox 1365 1203 1548 1274; x_wconf 84' lang='lat' dir='ltr'><strong>descriptione</strong></span> 
     </span>
     <span class='ocr_line' id='line_1_11' title="bbox 111 1307 1548 1384; baseline -0.003 -15"><span class='ocrx_word' id='word_1_112' title='bbox 111 1307 143 1360; x_wconf 62' lang='grc' dir='ltr'><strong>σί</strong></span> <span class='ocrx_word' id='word_1_113' title='bbox 160 1310 320 1383; x_wconf 65' lang='lat' dir='ltr'><strong>merumque</strong></span> <span class='ocrx_word' id='word_1_114' title='bbox 335 1327 391 1369; x_wconf 89' lang='lat' dir='ltr'><strong>nno</strong></span> <span class='ocrx_word' id='word_1_115' title='bbox 404 1313 526 1368; x_wconf 89' lang='lat' dir='ltr'><strong>altarouc</strong></span> <span class='ocrx_word' id='word_1_116' title='bbox 537 1312 662 1368; x_wconf 88' lang='lat' dir='ltr'><strong>lectionis</strong></span> <span class='ocrx_word' id='word_1_117' title='bbox 674 1311 835 1382; x_wconf 87' lang='lat' dir='ltr'><strong>specimine:</strong></span> <span class='ocrx_word' id='word_1_118' title='bbox 854 1311 928 1382; x_wconf 91' lang='lat' dir='ltr'><strong>qnod</strong></span> <span class='ocrx_word' id='word_1_119' title='bbox 940 1313 993 1368; x_wconf 87' lang='lat' dir='ltr'><strong>atsi</strong></span> <span class='ocrx_word' id='word_1_120' title='bbox 1005 1327 1059 1368; x_wconf 92' lang='lat' dir='ltr'><strong>non</strong></span> <span class='ocrx_word' id='word_1_121' title='bbox 1074 1313 1141 1369; x_wconf 87' lang='lat' dir='ltr'><strong>satis</strong></span> <span class='ocrx_word' id='word_1_122' title='bbox 1155 1313 1242 1384; x_wconf 84' lang='lat' dir='ltr'><strong>perita</strong></span> <span class='ocrx_word' id='word_1_123' title='bbox 1255 1313 1386 1368; x_wconf 85' lang='lat' dir='ltr'><strong>selectum</strong></span> <span class='ocrx_word' id='word_1_124' title='bbox 1400 1325 1461 1366; x_wconf 89' lang='lat' dir='ltr'><strong>case</strong></span> <span class='ocrx_word' id='word_1_125' title='bbox 1474 1309 1548 1366; x_wconf 91' lang='lat' dir='ltr'><strong>dole·</strong></span> 
     </span>
     <span class='ocr_line' id='line_1_12' title="bbox 109 1391 1548 1490; baseline 0.001 -20"><span class='ocrx_word' id='word_1_126' title='bbox 109 1407 192 1486; x_wconf 79' lang='lat' dir='ltr'><strong>bam,</strong></span> <span class='ocrx_word' id='word_1_127' title='bbox 217 1424 310 1476; x_wconf 86' lang='lat' dir='ltr'><strong>tamen</strong></span> <span class='ocrx_word' id='word_1_128' title='bbox 331 1420 377 1475; x_wconf 88' lang='lat' dir='ltr'><strong>nel</strong></span> <span class='ocrx_word' id='word_1_129' title='bbox 400 1419 441 1475; x_wconf 90' lang='lat' dir='ltr'><strong>sic</strong></span> <span class='ocrx_word' id='word_1_130' title='bbox 463 1416 574 1490; x_wconf 84' lang='lat' dir='ltr'><strong>proluit.</strong></span> <span class='ocrx_word' id='word_1_131' title='bbox 602 1417 645 1473; x_wconf 88' lang='lat' dir='ltr'><strong>his</strong></span> <span class='ocrx_word' id='word_1_132' title='bbox 668 1419 755 1489; x_wconf 90' lang='lat' dir='ltr'><strong>copiis</strong></span> <span class='ocrx_word' id='word_1_133' title='bbox 776 1391 925 1474; x_wconf 76' lang='lat' dir='ltr'><strong>instructus</strong></span> <span class='ocrx_word' id='word_1_134' title='bbox 949 1423 1141 1490; x_wconf 86' lang='lat' dir='ltr'><strong>scrutaturque</strong></span> <span class='ocrx_word' id='word_1_135' title='bbox 1164 1425 1306 1490; x_wconf 86' lang='lat' dir='ltr'><strong>praetcrea</strong></span> <span class='ocrx_word' id='word_1_136' title='bbox 1326 1419 1386 1489; x_wconf 91' lang='lat' dir='ltr'><strong>ipse</strong></span> <span class='ocrx_word' id='word_1_137' title='bbox 1404 1417 1548 1474; x_wconf 75' lang='lat' dir='ltr'><strong>occasione</strong></span> 
     </span>
     <span class='ocr_line' id='line_1_13' title="bbox 104 1516 1547 1598; baseline -0.003 -16"><span class='ocrx_word' id='word_1_138' title='bbox 104 1516 209 1582; x_wconf 77' lang='lat' dir='ltr'><strong>⁰bhta</strong></span> <span class='ocrx_word' id='word_1_139' title='bbox 224 1541 274 1598; x_wconf 85' lang='lat' dir='ltr'><strong>per</strong></span> <span class='ocrx_word' id='word_1_140' title='bbox 291 1525 471 1583; x_wconf 79' lang='lat' dir='ltr'><strong>bibliothecas</strong></span> <span class='ocrx_word' id='word_1_141' title='bbox 489 1540 544 1582; x_wconf 91' lang='lat' dir='ltr'><strong>non</strong></span> <span class='ocrx_word' id='word_1_142' title='bbox 562 1541 665 1596; x_wconf 89' lang='lat' dir='ltr'><strong>paucas</strong></span> <span class='ocrx_word' id='word_1_143' title='bbox 683 1525 851 1596; x_wconf 87' lang='lat' dir='ltr'><strong>digestorum</strong></span> <span class='ocrx_word' id='word_1_144' title='bbox 867 1526 1007 1582; x_wconf 90' lang='lat' dir='ltr'><strong>uolumina</strong></span> <span class='ocrx_word' id='word_1_145' title='bbox 1019 1527 1122 1597; x_wconf 88' lang='lat' dir='ltr'><strong>scripta</strong></span> <span class='ocrx_word' id='word_1_146' title='bbox 1133 1541 1168 1582; x_wconf 85' lang='lat' dir='ltr'><strong>ex</strong></span> <span class='ocrx_word' id='word_1_147' title='bbox 1181 1541 1281 1596; x_wconf 89' lang='lat' dir='ltr'><strong>magno</strong></span> <span class='ocrx_word' id='word_1_148' title='bbox 1293 1540 1405 1581; x_wconf 91' lang='lat' dir='ltr'><strong>numero</strong></span> <span class='ocrx_word' id='word_1_149' title='bbox 1417 1523 1547 1580; x_wconf 88' lang='lat' dir='ltr'><strong>librorum</strong></span> 
     </span>
     <span class='ocr_line' id='line_1_14' title="bbox 101 1627 1547 1704; baseline -0.001 -17"><span class='ocrx_word' id='word_1_150' title='bbox 101 1627 156 1682; x_wconf 75' lang='lat'><strong>¹¹01</strong></span> <span class='ocrx_word' id='word_1_151' title='bbox 178 1635 399 1690; x_wconf 81' lang='lat' dir='ltr'><strong>examinatorum</strong></span> <span class='ocrx_word' id='word_1_152' title='bbox 422 1634 467 1689; x_wconf 91' lang='lat' dir='ltr'><strong>nel</strong></span> <span class='ocrx_word' id='word_1_153' title='bbox 485 1636 560 1689; x_wconf 88' lang='lat' dir='ltr'><strong>certe</strong></span> <span class='ocrx_word' id='word_1_154' title='bbox 576 1633 760 1703; x_wconf 86' lang='lat' dir='ltr'><strong>inspectorum</strong></span> <span class='ocrx_word' id='word_1_155' title='bbox 779 1632 864 1704; x_wconf 84' lang='lat' dir='ltr'><strong>selegi</strong></span> <span class='ocrx_word' id='word_1_156' title='bbox 882 1647 944 1702; x_wconf 90' lang='lat' dir='ltr'><strong>eos,</strong></span> <span class='ocrx_word' id='word_1_157' title='bbox 968 1648 1038 1704; x_wconf 87' lang='lat' dir='ltr'><strong>quos</strong></span> <span class='ocrx_word' id='word_1_158' title='bbox 1055 1634 1083 1688; x_wconf 91' lang='lat' dir='ltr'><strong>in</strong></span> <span class='ocrx_word' id='word_1_159' title='bbox 1102 1633 1222 1689; x_wconf 88' lang='lat' dir='ltr'><strong>editione</strong></span> <span class='ocrx_word' id='word_1_160' title='bbox 1240 1632 1366 1700; x_wconf 84' lang='lat' dir='ltr'><strong>adhibui,</strong></span> <span class='ocrx_word' id='word_1_161' title='bbox 1391 1631 1501 1686; x_wconf 89' lang='lat' dir='ltr'><strong>adiutus</strong></span> <span class='ocrx_word' id='word_1_162' title='bbox 1519 1631 1547 1686; x_wconf 94' lang='lat' dir='ltr'><strong>in</strong></span> 
     </span>
     <span class='ocr_line' id='line_1_15' title="bbox 99 1726 1547 1812; baseline -0.003 -15"><span class='ocrx_word' id='word_1_163' title='bbox 99 1726 152 1788; x_wconf 64' lang='lat' dir='ltr'><strong>hil</strong></span> <span class='ocrx_word' id='word_1_164' title='bbox 177 1753 289 1812; x_wconf 86' lang='lat' dir='ltr'><strong>quoqne</strong></span> <span class='ocrx_word' id='word_1_165' title='bbox 312 1741 412 1797; x_wconf 85' lang='lat' dir='ltr'><strong>studiis</strong></span> <span class='ocrx_word' id='word_1_166' title='bbox 433 1755 542 1796; x_wconf 87' lang='lat' dir='ltr'><strong>summa</strong></span> <span class='ocrx_word' id='word_1_167' title='bbox 562 1739 725 1795; x_wconf 89' lang='lat' dir='ltr'><strong>liberalitate</strong></span> <span class='ocrx_word' id='word_1_168' title='bbox 742 1739 860 1795; x_wconf 87' lang='lat' dir='ltr'><strong>maxims</strong></span> <span class='ocrx_word' id='word_1_169' title='bbox 877 1737 1077 1810; x_wconf 81' lang='lat' dir='ltr'><strong>praefectorum</strong></span> <span class='ocrx_word' id='word_1_170' title='bbox 1095 1739 1276 1797; x_wconf 87' lang='lat' dir='ltr'><strong>bibliothecae</strong></span> <span class='ocrx_word' id='word_1_171' title='bbox 1293 1739 1447 1808; x_wconf 81' lang='lat' dir='ltr'><strong>Parisinus,</strong></span> <span class='ocrx_word' id='word_1_172' title='bbox 1469 1751 1547 1808; x_wconf 90' lang='lat' dir='ltr'><strong>prac-</strong></span> 
     </span>
     <span class='ocr_line' id='line_1_16' title="bbox 96 1839 1547 1918; baseline 0 -19"><span class='ocrx_word' id='word_1_173' title='bbox 96 1839 189 1899; x_wconf 67' lang='lat' dir='ltr'><strong>terea</strong></span> <span class='ocrx_word' id='word_1_174' title='bbox 211 1847 363 1917; x_wconf 80' lang='lat' dir='ltr'><strong>Lipsiensis</strong></span> <span class='ocrx_word' id='word_1_175' title='bbox 388 1851 417 1904; x_wconf 87' lang='lat' dir='ltr'><strong>et</strong></span> <span class='ocrx_word' id='word_1_176' title='bbox 439 1847 651 1918; x_wconf 87' lang='lat' dir='ltr'><strong>Bambergansis</strong></span> <span class='ocrx_word' id='word_1_177' title='bbox 674 1850 703 1903; x_wconf 91' lang='lat' dir='ltr'><strong>ct</strong></span> <span class='ocrx_word' id='word_1_178' title='bbox 728 1845 961 1918; x_wconf 73' lang='lat' dir='ltr'><strong>cantabrigiensis</strong></span> <span class='ocrx_word' id='word_1_179' title='bbox 983 1847 1164 1918; x_wconf 86' lang='lat' dir='ltr'><strong>aliarumque:</strong></span> <span class='ocrx_word' id='word_1_180' title='bbox 1191 1863 1255 1902; x_wconf 91' lang='lat' dir='ltr'><strong>nam</strong></span> <span class='ocrx_word' id='word_1_181' title='bbox 1278 1849 1311 1902; x_wconf 89' lang='lat' dir='ltr'><strong>ut</strong></span> <span class='ocrx_word' id='word_1_182' title='bbox 1338 1844 1419 1902; x_wconf 91' lang='lat' dir='ltr'><strong>hodic</strong></span> <span class='ocrx_word' id='word_1_183' title='bbox 1444 1845 1468 1900; x_wconf 91' lang='lat' dir='ltr'><strong>si</strong></span> <span class='ocrx_word' id='word_1_184' title='bbox 1493 1859 1547 1900; x_wconf 92' lang='lat' dir='ltr'><strong>non</strong></span> 
     </span>
     <span class='ocr_line' id='line_1_17' title="bbox 94 1939 1548 2026; baseline -0.001 -20"><span class='ocrx_word' id='word_1_185' title='bbox 94 1939 229 2026; x_wconf 63' lang='lat' dir='ltr'><strong>felicius,</strong></span> <span class='ocrx_word' id='word_1_186' title='bbox 247 1961 322 2011; x_wconf 86' lang='lat' dir='ltr'><strong>certe</strong></span> <span class='ocrx_word' id='word_1_187' title='bbox 333 1951 441 2010; x_wconf 80' lang='lat' dir='ltr'><strong>facilius</strong></span> <span class='ocrx_word' id='word_1_188' title='bbox 452 1954 573 2010; x_wconf 87' lang='lat' dir='ltr'><strong>uiuimus</strong></span> <span class='ocrx_word' id='word_1_189' title='bbox 586 1969 667 2024; x_wconf 88' lang='lat' dir='ltr'><strong>qnam</strong></span> <span class='ocrx_word' id='word_1_190' title='bbox 680 1959 773 2024; x_wconf 89' lang='lat' dir='ltr'><strong>patres</strong></span> <span class='ocrx_word' id='word_1_191' title='bbox 787 1955 882 2024; x_wconf 89' lang='lat' dir='ltr'><strong>nostri,</strong></span> <span class='ocrx_word' id='word_1_192' title='bbox 900 1954 939 2010; x_wconf 91' lang='lat' dir='ltr'><strong>ita</strong></span> <span class='ocrx_word' id='word_1_193' title='bbox 951 1954 1121 2010; x_wconf 88' lang='lat' dir='ltr'><strong>commodius</strong></span> <span class='ocrx_word' id='word_1_194' title='bbox 1132 1967 1241 2024; x_wconf 86' lang='lat' dir='ltr'><strong>qnoque</strong></span> <span class='ocrx_word' id='word_1_195' title='bbox 1253 1953 1350 2009; x_wconf 83' lang='lat' dir='ltr'><strong>litteris</strong></span> <span class='ocrx_word' id='word_1_196' title='bbox 1362 1951 1506 2008; x_wconf 87' lang='lat' dir='ltr'><strong>studemus</strong></span> <span class='ocrx_word' id='word_1_197' title='bbox 1519 1954 1548 2006; x_wconf 89' lang='lat' dir='ltr'><strong>et</strong></span> 
     </span>
     <span class='ocr_line' id='line_1_18' title="bbox 93 2058 1548 2133; baseline -0.003 -17"><span class='ocrx_word' id='word_1_198' title='bbox 93 2059 172 2110; x_wconf 67' lang='lat'><strong>0⁰¹³</strong></span> <span class='ocrx_word' id='word_1_199' title='bbox 193 2061 259 2116; x_wconf 89' lang='lat' dir='ltr'><strong>olim</strong></span> <span class='ocrx_word' id='word_1_200' title='bbox 277 2063 326 2118; x_wconf 88' lang='lat' dir='ltr'><strong>nix</strong></span> <span class='ocrx_word' id='word_1_201' title='bbox 344 2062 397 2117; x_wconf 91' lang='lat' dir='ltr'><strong>uiri</strong></span> <span class='ocrx_word' id='word_1_202' title='bbox 414 2061 489 2118; x_wconf 88' lang='lat' dir='ltr'><strong>docti</strong></span> <span class='ocrx_word' id='word_1_203' title='bbox 506 2061 560 2132; x_wconf 92' lang='lat' dir='ltr'><strong>ipsi</strong></span> <span class='ocrx_word' id='word_1_204' title='bbox 578 2065 785 2117; x_wconf 86' lang='lat' dir='ltr'><strong>numerarentur</strong></span> <span class='ocrx_word' id='word_1_205' title='bbox 801 2061 873 2117; x_wconf 91' lang='lat' dir='ltr'><strong>inter</strong></span> <span class='ocrx_word' id='word_1_206' title='bbox 890 2076 951 2118; x_wconf 88' lang='lat' dir='ltr'><strong>sese</strong></span> <span class='ocrx_word' id='word_1_207' title='bbox 968 2063 1116 2133; x_wconf 87' lang='lat' dir='ltr'><strong>mouentia,</strong></span> <span class='ocrx_word' id='word_1_208' title='bbox 1135 2063 1190 2117; x_wconf 90' lang='lat' dir='ltr'><strong>iam</strong></span> <span class='ocrx_word' id='word_1_209' title='bbox 1204 2059 1428 2116; x_wconf 87' lang='lat' dir='ltr'><strong>bibliothecarum</strong></span> <span class='ocrx_word' id='word_1_210' title='bbox 1441 2058 1548 2114; x_wconf 87' lang='lat' dir='ltr'><strong>cimelia</strong></span> 
     </span>
     <span class='ocr_line' id='line_1_19' title="bbox 91 2165 1547 2240; baseline -0.002 -17"><span class='ocrx_word' id='word_1_211' title='bbox 91 2165 224 2233; x_wconf 70' lang='lat' dir='ltr'><strong>suoque</strong></span> <span class='ocrx_word' id='word_1_212' title='bbox 246 2169 300 2223; x_wconf 87' lang='lat' dir='ltr'><strong>iter</strong></span> <span class='ocrx_word' id='word_1_213' title='bbox 323 2167 414 2224; x_wconf 76' lang='lat' dir='ltr'><strong>iacere</strong></span> <span class='ocrx_word' id='word_1_214' title='bbox 438 2167 601 2224; x_wconf 90' lang='lat' dir='ltr'><strong>didicerunt.</strong></span> <span class='ocrx_word' id='word_1_215' title='bbox 634 2169 673 2224; x_wconf 89' lang='lat' dir='ltr'><strong>ita</strong></span> <span class='ocrx_word' id='word_1_216' title='bbox 690 2169 817 2239; x_wconf 86' lang='lat' dir='ltr'><strong>quamuis</strong></span> <span class='ocrx_word' id='word_1_217' title='bbox 834 2169 862 2224; x_wconf 92' lang='lat' dir='ltr'><strong>in</strong></span> <span class='ocrx_word' id='word_1_218' title='bbox 879 2173 957 2224; x_wconf 87' lang='lat' dir='ltr'><strong>tanta</strong></span> <span class='ocrx_word' id='word_1_219' title='bbox 974 2169 1100 2225; x_wconf 75' lang='lat' dir='ltr'><strong>codIcnm</strong></span> <span class='ocrx_word' id='word_1_220' title='bbox 1119 2168 1296 2240; x_wconf 87' lang='lat' dir='ltr'><strong>superstitum</strong></span> <span class='ocrx_word' id='word_1_221' title='bbox 1315 2167 1394 2237; x_wconf 86' lang='lat' dir='ltr'><strong>copia</strong></span> <span class='ocrx_word' id='word_1_222' title='bbox 1412 2180 1467 2222; x_wconf 93' lang='lat' dir='ltr'><strong>non</strong></span> <span class='ocrx_word' id='word_1_223' title='bbox 1485 2179 1547 2235; x_wconf 90' lang='lat' dir='ltr'><strong>spo·</strong></span> 
     </span>
     <span class='ocr_line' id='line_1_20' title="bbox 89 2258 1548 2346; baseline -0.001 -19"><span class='ocrx_word' id='word_1_224' title='bbox 89 2269 256 2330; x_wconf 67' lang='lat' dir='ltr'><strong>Mderim</strong></span> <span class='ocrx_word' id='word_1_225' title='bbox 274 2274 358 2332; x_wconf 87' lang='lat' dir='ltr'><strong>libros</strong></span> <span class='ocrx_word' id='word_1_226' title='bbox 376 2292 394 2331; x_wconf 88' lang='lat' dir='ltr'><strong>a</strong></span> <span class='ocrx_word' id='word_1_227' title='bbox 410 2291 456 2331; x_wconf 91' lang='lat' dir='ltr'><strong>me</strong></span> <span class='ocrx_word' id='word_1_228' title='bbox 473 2258 605 2332; x_wconf 86' lang='lat' dir='ltr'><strong>excussos</strong></span> <span class='ocrx_word' id='word_1_229' title='bbox 622 2290 684 2331; x_wconf 86' lang='lat' dir='ltr'><strong>esse</strong></span> <span class='ocrx_word' id='word_1_230' title='bbox 701 2290 838 2346; x_wconf 89' lang='lat' dir='ltr'><strong>peraeque</strong></span> <span class='ocrx_word' id='word_1_231' title='bbox 858 2275 887 2330; x_wconf 89' lang='lat' dir='ltr'><strong>in</strong></span> <span class='ocrx_word' id='word_1_232' title='bbox 905 2291 955 2332; x_wconf 89' lang='lat' dir='ltr'><strong>suo</strong></span> <span class='ocrx_word' id='word_1_233' title='bbox 972 2291 1074 2346; x_wconf 88' lang='lat' dir='ltr'><strong>genere</strong></span> <span class='ocrx_word' id='word_1_234' title='bbox 1091 2275 1348 2345; x_wconf 88' lang='lat' dir='ltr'><strong>excellentissimos,</strong></span> <span class='ocrx_word' id='word_1_235' title='bbox 1366 2279 1459 2329; x_wconf 86' lang='lat' dir='ltr'><strong>tamen</strong></span> <span class='ocrx_word' id='word_1_236' title='bbox 1477 2271 1548 2327; x_wconf 89' lang='lat' dir='ltr'><strong>inter</strong></span> 
     </span>
     <span class='ocr_line' id='line_1_21' title="bbox 85 2361 1548 2455; baseline -0.001 -21"><span class='ocrx_word' id='word_1_237' title='bbox 85 2361 197 2434; x_wconf 77' lang='lat' dir='ltr'><strong>libl&#39;bs</strong></span> <span class='ocrx_word' id='word_1_238' title='bbox 224 2381 357 2453; x_wconf 84' lang='lat' dir='ltr'><strong>scriptos,</strong></span> <span class='ocrx_word' id='word_1_239' title='bbox 387 2397 504 2454; x_wconf 89' lang='lat' dir='ltr'><strong>quornm</strong></span> <span class='ocrx_word' id='word_1_240' title='bbox 529 2383 647 2454; x_wconf 84' lang='lat' dir='ltr'><strong>aliquam</strong></span> <span class='ocrx_word' id='word_1_241' title='bbox 674 2381 799 2438; x_wconf 88' lang='lat' dir='ltr'><strong>notitiam</strong></span> <span class='ocrx_word' id='word_1_242' title='bbox 826 2381 891 2438; x_wconf 90' lang='lat' dir='ltr'><strong>mibi</strong></span> <span class='ocrx_word' id='word_1_243' title='bbox 917 2383 1027 2455; x_wconf 87' lang='lat' dir='ltr'><strong>paraui,</strong></span> <span class='ocrx_word' id='word_1_244' title='bbox 1054 2381 1143 2440; x_wconf 89' lang='lat' dir='ltr'><strong>nnllns</strong></span> <span class='ocrx_word' id='word_1_245' title='bbox 1170 2381 1235 2454; x_wconf 85' lang='lat' dir='ltr'><strong>fnit,</strong></span> <span class='ocrx_word' id='word_1_246' title='bbox 1262 2397 1343 2453; x_wconf 87' lang='lat' dir='ltr'><strong>quem</strong></span> <span class='ocrx_word' id='word_1_247' title='bbox 1370 2379 1548 2436; x_wconf 89' lang='lat' dir='ltr'><strong>uehementer</strong></span> 
     </span>
     <span class='ocr_line' id='line_1_22' title="bbox 84 2467 1546 2560; baseline -0.001 -16"><span class='ocrx_word' id='word_1_248' title='bbox 84 2467 315 2544; x_wconf 67' lang='lat' dir='ltr'><strong>del&#39;itleranrew</strong></span> <span class='ocrx_word' id='word_1_249' title='bbox 339 2489 441 2560; x_wconf 83' lang='lat' dir='ltr'><strong>quique</strong></span> <span class='ocrx_word' id='word_1_250' title='bbox 464 2496 572 2560; x_wconf 87' lang='lat' dir='ltr'><strong>praeter</strong></span> <span class='ocrx_word' id='word_1_251' title='bbox 598 2505 647 2545; x_wconf 87' lang='lat' dir='ltr'><strong>eos</strong></span> <span class='ocrx_word' id='word_1_252' title='bbox 671 2505 741 2559; x_wconf 86' lang='lat' dir='ltr'><strong>qnos</strong></span> <span class='ocrx_word' id='word_1_253' title='bbox 768 2489 851 2546; x_wconf 89' lang='lat' dir='ltr'><strong>habui</strong></span> <span class='ocrx_word' id='word_1_254' title='bbox 878 2491 1016 2560; x_wconf 88' lang='lat' dir='ltr'><strong>propriam</strong></span> <span class='ocrx_word' id='word_1_255' title='bbox 1043 2491 1187 2546; x_wconf 83' lang='lat' dir='ltr'><strong>utilitatem</strong></span> <span class='ocrx_word' id='word_1_256' title='bbox 1214 2489 1373 2560; x_wconf 85' lang='lat' dir='ltr'><strong>promittere</strong></span> <span class='ocrx_word' id='word_1_257' title='bbox 1398 2487 1546 2543; x_wconf 87' lang='lat' dir='ltr'><strong>uideretur.</strong></span> 
     </span>
     <span class='ocr_line' id='line_1_23' title="bbox 82 2587 1548 2666; baseline -0.001 -14"><span class='ocrx_word' id='word_1_258' title='bbox 82 2587 276 2652; x_wconf 52' lang='lat' dir='ltr'><strong>*emtum</strong></span> <span class='ocrx_word' id='word_1_259' title='bbox 296 2611 388 2651; x_wconf 87' lang='lat' dir='ltr'><strong>meum</strong></span> <span class='ocrx_word' id='word_1_260' title='bbox 405 2597 464 2652; x_wconf 90' lang='lat' dir='ltr'><strong>scio</strong></span> <span class='ocrx_word' id='word_1_261' title='bbox 481 2595 608 2652; x_wconf 81' lang='lat' dir='ltr'><strong>facillime</strong></span> <span class='ocrx_word' id='word_1_262' title='bbox 626 2597 721 2666; x_wconf 85' lang='lat' dir='ltr'><strong>augeri</strong></span> <span class='ocrx_word' id='word_1_263' title='bbox 738 2611 821 2666; x_wconf 89' lang='lat' dir='ltr'><strong>posse</strong></span> <span class='ocrx_word' id='word_1_264' title='bbox 838 2596 1048 2653; x_wconf 87' lang='lat' dir='ltr'><strong>auetoritatibus</strong></span> <span class='ocrx_word' id='word_1_265' title='bbox 1062 2595 1163 2653; x_wconf 90' lang='lat' dir='ltr'><strong>additia</strong></span> <span class='ocrx_word' id='word_1_266' title='bbox 1175 2596 1211 2652; x_wconf 87' lang='lat' dir='ltr'><strong>ad</strong></span> <span class='ocrx_word' id='word_1_267' title='bbox 1222 2597 1353 2653; x_wconf 89' lang='lat' dir='ltr'><strong>lectiones</strong></span> <span class='ocrx_word' id='word_1_268' title='bbox 1364 2596 1418 2650; x_wconf 91' lang='lat' dir='ltr'><strong>iam</strong></span> <span class='ocrx_word' id='word_1_269' title='bbox 1431 2599 1548 2651; x_wconf 83' lang='lat' dir='ltr'><strong>testatas</strong></span> 
     </span>
     <span class='ocr_line' id='line_1_24' title="bbox 78 2676 1546 2774; baseline -0.001 -16"><span class='ocrx_word' id='word_1_270' title='bbox 78 2676 278 2773; x_wconf 64' lang='lat' dir='ltr'><strong>ineilitisque</strong></span> <span class='ocrx_word' id='word_1_271' title='bbox 301 2701 516 2759; x_wconf 90' lang='lat' dir='ltr'><strong>Bononiensinm</strong></span> <span class='ocrx_word' id='word_1_272' title='bbox 538 2702 708 2760; x_wconf 88' lang='lat' dir='ltr'><strong>librariorum</strong></span> <span class='ocrx_word' id='word_1_273' title='bbox 731 2703 868 2760; x_wconf 90' lang='lat' dir='ltr'><strong>erroribus</strong></span> <span class='ocrx_word' id='word_1_274' title='bbox 890 2719 925 2759; x_wconf 89' lang='lat' dir='ltr'><strong>cx</strong></span> <span class='ocrx_word' id='word_1_275' title='bbox 948 2705 1046 2760; x_wconf 90' lang='lat' dir='ltr'><strong>merita</strong></span> <span class='ocrx_word' id='word_1_276' title='bbox 1069 2702 1206 2760; x_wconf 90' lang='lat' dir='ltr'><strong>obliuione</strong></span> <span class='ocrx_word' id='word_1_277' title='bbox 1228 2704 1257 2759; x_wconf 91' lang='lat' dir='ltr'><strong>in</strong></span> <span class='ocrx_word' id='word_1_278' title='bbox 1279 2704 1368 2759; x_wconf 92' lang='lat' dir='ltr'><strong>lucem</strong></span> <span class='ocrx_word' id='word_1_279' title='bbox 1388 2703 1546 2774; x_wconf 86' lang='lat' dir='ltr'><strong>protractis:</strong></span> 
     </span>
     <span class='ocr_line' id='line_1_25' title="bbox 74 2792 1547 2883; baseline -0.001 -17"><span class='ocrx_word' id='word_1_280' title='bbox 74 2792 151 2850; x_wconf 55' lang='grc' dir='ltr'><strong>ἀῖ</strong></span> <span class='ocrx_word' id='word_1_281' title='bbox 179 2819 258 2879; x_wconf 77' lang='lat' dir='ltr'><strong>qnae</strong></span> <span class='ocrx_word' id='word_1_282' title='bbox 280 2814 310 2865; x_wconf 87' lang='lat' dir='ltr'><strong>et</strong></span> <span class='ocrx_word' id='word_1_283' title='bbox 327 2824 402 2866; x_wconf 89' lang='lat' dir='ltr'><strong>noua</strong></span> <span class='ocrx_word' id='word_1_284' title='bbox 418 2815 447 2866; x_wconf 91' lang='lat' dir='ltr'><strong>et</strong></span> <span class='ocrx_word' id='word_1_285' title='bbox 464 2810 543 2866; x_wconf 89' lang='lat' dir='ltr'><strong>utilia</strong></span> <span class='ocrx_word' id='word_1_286' title='bbox 564 2811 620 2866; x_wconf 89' lang='lat' dir='ltr'><strong>sint</strong></span> <span class='ocrx_word' id='word_1_287' title='bbox 642 2815 675 2866; x_wconf 91' lang='lat' dir='ltr'><strong>nt</strong></span> <span class='ocrx_word' id='word_1_288' title='bbox 696 2810 845 2882; x_wconf 86' lang='lat' dir='ltr'><strong>addantur,</strong></span> <span class='ocrx_word' id='word_1_289' title='bbox 868 2816 964 2883; x_wconf 86' lang='lat' dir='ltr'><strong>optare</strong></span> <span class='ocrx_word' id='word_1_290' title='bbox 988 2812 1076 2882; x_wconf 87' lang='lat' dir='ltr'><strong>magis</strong></span> <span class='ocrx_word' id='word_1_291' title='bbox 1098 2813 1162 2868; x_wconf 89' lang='lat' dir='ltr'><strong>licet</strong></span> <span class='ocrx_word' id='word_1_292' title='bbox 1185 2827 1267 2882; x_wconf 88' lang='lat' dir='ltr'><strong>qnam</strong></span> <span class='ocrx_word' id='word_1_293' title='bbox 1289 2825 1409 2882; x_wconf 88' lang='lat' dir='ltr'><strong>sperare.</strong></span> <span class='ocrx_word' id='word_1_294' title='bbox 1437 2809 1547 2866; x_wconf 93' lang='lat' dir='ltr'><strong>omnino</strong></span> 
     </span>
     <span class='ocr_line' id='line_1_26' title="bbox 71 2885 1547 2990; baseline 0.002 -21"><span class='ocrx_word' id='word_1_295' title='bbox 71 2885 203 2968; x_wconf 66' lang='lat' dir='ltr'>‘¹⁰¹¹oe</span> <span class='ocrx_word' id='word_1_296' title='bbox 224 2914 297 2972; x_wconf 81' lang='lat' dir='ltr'><strong>felici</strong></span> <span class='ocrx_word' id='word_1_297' title='bbox 322 2931 389 2972; x_wconf 85' lang='lat' dir='ltr'><strong>casn</strong></span> <span class='ocrx_word' id='word_1_298' title='bbox 413 2917 559 2988; x_wconf 85' lang='lat' dir='ltr'><strong>aliqnando</strong></span> <span class='ocrx_word' id='word_1_299' title='bbox 583 2922 727 2988; x_wconf 87' lang='lat' dir='ltr'><strong>emergant</strong></span> <span class='ocrx_word' id='word_1_300' title='bbox 748 2917 809 2974; x_wconf 92' lang='lat' dir='ltr'><strong>libri</strong></span> <span class='ocrx_word' id='word_1_301' title='bbox 832 2919 932 2974; x_wconf 90' lang='lat' dir='ltr'><strong>nostris</strong></span> <span class='ocrx_word' id='word_1_302' title='bbox 953 2933 1019 2976; x_wconf 90' lang='lat' dir='ltr'><strong>nere</strong></span> <span class='ocrx_word' id='word_1_303' title='bbox 1043 2919 1182 2990; x_wconf 87' lang='lat' dir='ltr'><strong>meliores,</strong></span> <span class='ocrx_word' id='word_1_304' title='bbox 1204 2919 1233 2974; x_wconf 93' lang='lat' dir='ltr'><strong>in</strong></span> <span class='ocrx_word' id='word_1_305' title='bbox 1254 2917 1296 2974; x_wconf 89' lang='lat' dir='ltr'><strong>hia</strong></span> <span class='ocrx_word' id='word_1_306' title='bbox 1315 2933 1384 2989; x_wconf 85' lang='lat' dir='ltr'><strong>quos</strong></span> <span class='ocrx_word' id='word_1_307' title='bbox 1402 2915 1547 2973; x_wconf 87' lang='lat' dir='ltr'><strong>habuimus</strong></span> 
     </span>
     <span class='ocr_line' id='line_1_27' title="bbox 67 2996 417 3080; baseline 0.006 -2"><span class='ocrx_word' id='word_1_308' title='bbox 67 2996 346 3080; x_wconf 59' lang='lat' dir='ltr'><strong>&#39;dquicsmcdnm</strong></span> <span class='ocrx_word' id='word_1_309' title='bbox 365 3028 417 3080; x_wconf 84' lang='lat' dir='ltr'><strong>est</strong></span> 
     </span>
     <span class='ocr_line' id='line_1_28' title="bbox 150 3115 1547 3210; baseline 0 -24"><span class='ocrx_word' id='word_1_310' title='bbox 150 3115 224 3186; x_wconf 68' lang='lat' dir='ltr'><strong>hm</strong></span> <span class='ocrx_word' id='word_1_311' title='bbox 242 3130 439 3202; x_wconf 84' lang='lat' dir='ltr'><strong>indicabimus,</strong></span> <span class='ocrx_word' id='word_1_312' title='bbox 461 3145 596 3202; x_wconf 85' lang='lat' dir='ltr'><strong>quaenam</strong></span> <span class='ocrx_word' id='word_1_313' title='bbox 615 3131 781 3202; x_wconf 84' lang='lat' dir='ltr'><strong>exemplaria</strong></span> <span class='ocrx_word' id='word_1_314' title='bbox 798 3132 970 3210; x_wconf 82' lang='lat' dir='ltr'><strong>elegerimus.</strong></span> <span class='ocrx_word' id='word_1_315' title='bbox 1001 3137 1159 3203; x_wconf 89' lang='lat' dir='ltr'><strong>poteramus</strong></span> <span class='ocrx_word' id='word_1_316' title='bbox 1176 3131 1294 3188; x_wconf 89' lang='lat' dir='ltr'><strong>indicem</strong></span> <span class='ocrx_word' id='word_1_317' title='bbox 1313 3131 1414 3187; x_wconf 88' lang='lat' dir='ltr'><strong>addere</strong></span> <span class='ocrx_word' id='word_1_318' title='bbox 1431 3131 1547 3202; x_wconf 87' lang='lat' dir='ltr'><strong>reliquo·</strong></span> 
     </span>
     <span class='ocr_line' id='line_1_29' title="bbox 60 3213 1548 3322; baseline 0 -28"><span class='ocrx_word' id='word_1_319' title='bbox 60 3213 181 3322; x_wconf 45' lang='lat' dir='ltr'><strong>Q,</strong></span> <span class='ocrx_word' id='word_1_320' title='bbox 206 3253 277 3309; x_wconf 84' lang='lat' dir='ltr'><strong>qnae</strong></span> <span class='ocrx_word' id='word_1_321' title='bbox 294 3239 340 3294; x_wconf 87' lang='lat' dir='ltr'><strong>nel</strong></span> <span class='ocrx_word' id='word_1_322' title='bbox 358 3237 485 3294; x_wconf 84' lang='lat' dir='ltr'><strong>oramine</strong></span> <span class='ocrx_word' id='word_1_323' title='bbox 502 3238 627 3295; x_wconf 86' lang='lat' dir='ltr'><strong>instituto</strong></span> <span class='ocrx_word' id='word_1_324' title='bbox 645 3238 789 3295; x_wconf 86' lang='lat' dir='ltr'><strong>reiecimus</strong></span> <span class='ocrx_word' id='word_1_325' title='bbox 808 3239 852 3295; x_wconf 87' lang='lat' dir='ltr'><strong>uel</strong></span> <span class='ocrx_word' id='word_1_326' title='bbox 870 3239 965 3296; x_wconf 89' lang='lat' dir='ltr'><strong>uidere</strong></span> <span class='ocrx_word' id='word_1_327' title='bbox 983 3243 1032 3296; x_wconf 92' lang='lat' dir='ltr'><strong>ant</strong></span> <span class='ocrx_word' id='word_1_328' title='bbox 1050 3254 1104 3295; x_wconf 90' lang='lat' dir='ltr'><strong>non</strong></span> <span class='ocrx_word' id='word_1_329' title='bbox 1122 3239 1261 3310; x_wconf 86' lang='lat' dir='ltr'><strong>potuimus</strong></span> <span class='ocrx_word' id='word_1_330' title='bbox 1279 3243 1328 3295; x_wconf 87' lang='lat' dir='ltr'><strong>aut</strong></span> <span class='ocrx_word' id='word_1_331' title='bbox 1345 3238 1494 3294; x_wconf 89' lang='lat' dir='ltr'><strong>noluimus:</strong></span> <span class='ocrx_word' id='word_1_332' title='bbox 1518 3242 1548 3294; x_wconf 92' lang='lat' dir='ltr'><strong>at</strong></span> 
     </span>
     <span class='ocr_line' id='line_1_30' title="bbox 58 3315 1546 3418; baseline 0.002 -20"><span class='ocrx_word' id='word_1_333' title='bbox 58 3315 247 3402; x_wconf 54' lang='lat' dir='ltr'><strong>“¹¹⁸1nodi</strong></span> <span class='ocrx_word' id='word_1_334' title='bbox 265 3343 348 3401; x_wconf 84' lang='lat' dir='ltr'><strong>index</strong></span> <span class='ocrx_word' id='word_1_335' title='bbox 366 3359 422 3401; x_wconf 92' lang='lat' dir='ltr'><strong>non</strong></span> <span class='ocrx_word' id='word_1_336' title='bbox 439 3346 526 3401; x_wconf 90' lang='lat' dir='ltr'><strong>solnm</strong></span> <span class='ocrx_word' id='word_1_337' title='bbox 545 3345 631 3401; x_wconf 90' lang='lat' dir='ltr'><strong>multa</strong></span> <span class='ocrx_word' id='word_1_338' title='bbox 648 3344 762 3402; x_wconf 88' lang='lat' dir='ltr'><strong>haberet</strong></span> <span class='ocrx_word' id='word_1_339' title='bbox 778 3346 884 3402; x_wconf 85' lang='lat' dir='ltr'><strong>incerta</strong></span> <span class='ocrx_word' id='word_1_340' title='bbox 900 3351 929 3402; x_wconf 89' lang='lat' dir='ltr'><strong>et</strong></span> <span class='ocrx_word' id='word_1_341' title='bbox 947 3337 1119 3418; x_wconf 84' lang='lat' dir='ltr'><strong>tmpericcta,</strong></span> <span class='ocrx_word' id='word_1_342' title='bbox 1143 3345 1193 3402; x_wconf 89' lang='lat' dir='ltr'><strong>sed</strong></span> <span class='ocrx_word' id='word_1_343' title='bbox 1211 3346 1308 3416; x_wconf 88' lang='lat' dir='ltr'><strong>etiam,</strong></span> <span class='ocrx_word' id='word_1_344' title='bbox 1330 3345 1354 3400; x_wconf 87' lang='lat' dir='ltr'><strong>si</strong></span> <span class='ocrx_word' id='word_1_345' title='bbox 1372 3345 1438 3416; x_wconf 91' lang='lat' dir='ltr'><strong>quid</strong></span> <span class='ocrx_word' id='word_1_346' title='bbox 1456 3345 1546 3416; x_wconf 89' lang='lat' dir='ltr'><strong>uideo,</strong></span> 
     </span>
     <span class='ocr_line' id='line_1_31' title="bbox 56 3420 1546 3523; baseline 0 -15"><span class='ocrx_word' id='word_1_347' title='bbox 56 3420 169 3494; x_wconf 41' lang='grc' dir='ltr'><strong>..ἢ</strong></span> <span class='ocrx_word' id='word_1_348' title='bbox 201 3452 321 3508; x_wconf 86' lang='lat' dir='ltr'><strong>nlilitste</strong></span> <span class='ocrx_word' id='word_1_349' title='bbox 343 3457 463 3523; x_wconf 86' lang='lat' dir='ltr'><strong>careret,</strong></span> <span class='ocrx_word' id='word_1_350' title='bbox 486 3457 561 3508; x_wconf 87' lang='lat' dir='ltr'><strong>certe</strong></span> <span class='ocrx_word' id='word_1_351' title='bbox 584 3451 621 3508; x_wconf 85' lang='lat' dir='ltr'><strong>sd</strong></span> <span class='ocrx_word' id='word_1_352' title='bbox 642 3451 811 3523; x_wconf 87' lang='lat' dir='ltr'><strong>digestorum</strong></span> <span class='ocrx_word' id='word_1_353' title='bbox 834 3457 940 3510; x_wconf 83' lang='lat' dir='ltr'><strong>textum</strong></span> <span class='ocrx_word' id='word_1_354' title='bbox 962 3453 1163 3510; x_wconf 88' lang='lat' dir='ltr'><strong>emendandum</strong></span> <span class='ocrx_word' id='word_1_355' title='bbox 1187 3453 1261 3510; x_wconf 90' lang='lat' dir='ltr'><strong>nullo</strong></span> <span class='ocrx_word' id='word_1_356' title='bbox 1286 3452 1367 3509; x_wconf 92' lang='lat' dir='ltr'><strong>modo</strong></span> <span class='ocrx_word' id='word_1_357' title='bbox 1390 3452 1546 3523; x_wconf 88' lang='lat' dir='ltr'><strong>pertineret.</strong></span> 
     </span>
     <span class='ocr_line' id='line_1_32' title="bbox 52 3525 1547 3632; baseline 0.001 -18"><span class='ocrx_word' id='word_1_358' title='bbox 52 3525 180 3628; x_wconf 41' lang='lat'><strong>{³⁸⁶⁸</strong></span> <span class='ocrx_word' id='word_1_359' title='bbox 208 3559 300 3630; x_wconf 89' lang='lat' dir='ltr'><strong>magis</strong></span> <span class='ocrx_word' id='word_1_360' title='bbox 321 3558 426 3629; x_wconf 84' lang='lat' dir='ltr'><strong>placuit</strong></span> <span class='ocrx_word' id='word_1_361' title='bbox 447 3573 509 3615; x_wconf 88' lang='lat' dir='ltr'><strong>snm</strong></span> <span class='ocrx_word' id='word_1_362' title='bbox 533 3559 659 3616; x_wconf 83' lang='lat' dir='ltr'><strong>omittere</strong></span> <span class='ocrx_word' id='word_1_363' title='bbox 682 3574 784 3631; x_wconf 87' lang='lat' dir='ltr'><strong>eosque</strong></span> <span class='ocrx_word' id='word_1_364' title='bbox 808 3561 882 3618; x_wconf 87' lang='lat' dir='ltr'><strong>solos</strong></span> <span class='ocrx_word' id='word_1_365' title='bbox 906 3560 991 3618; x_wconf 90' lang='lat' dir='ltr'><strong>libros</strong></span> <span class='ocrx_word' id='word_1_366' title='bbox 1015 3561 1067 3618; x_wconf 91' lang='lat' dir='ltr'><strong>hoc</strong></span> <span class='ocrx_word' id='word_1_367' title='bbox 1090 3562 1150 3618; x_wconf 86' lang='lat' dir='ltr'><strong>loco</strong></span> <span class='ocrx_word' id='word_1_368' title='bbox 1173 3575 1329 3632; x_wconf 85' lang='lat' dir='ltr'><strong>recensere,</strong></span> <span class='ocrx_word' id='word_1_369' title='bbox 1356 3559 1456 3630; x_wconf 87' lang='lat' dir='ltr'><strong>quibus</strong></span> <span class='ocrx_word' id='word_1_370' title='bbox 1480 3575 1547 3616; x_wconf 88' lang='lat' dir='ltr'><strong>usus</strong></span> 
     </span>
     <span class='ocr_line' id='line_1_33' title="bbox 51 3631 1549 3740; baseline 0.001 -19"><span class='ocrx_word' id='word_1_371' title='bbox 51 3631 200 3721; x_wconf 50' lang='grc' dir='ltr'><strong>Ν</strong></span> <span class='ocrx_word' id='word_1_372' title='bbox 218 3665 369 3723; x_wconf 87' lang='lat' dir='ltr'><strong>editionem</strong></span> <span class='ocrx_word' id='word_1_373' title='bbox 389 3665 529 3737; x_wconf 86' lang='lat' dir='ltr'><strong>adornani,</strong></span> <span class='ocrx_word' id='word_1_374' title='bbox 547 3681 610 3722; x_wconf 89' lang='lat' dir='ltr'><strong>cnm</strong></span> <span class='ocrx_word' id='word_1_375' title='bbox 628 3665 664 3722; x_wconf 91' lang='lat' dir='ltr'><strong>de</strong></span> <span class='ocrx_word' id='word_1_376' title='bbox 682 3667 811 3724; x_wconf 88' lang='lat' dir='ltr'><strong>adhibitis</strong></span> <span class='ocrx_word' id='word_1_377' title='bbox 829 3668 866 3724; x_wconf 87' lang='lat' dir='ltr'><strong>ad</strong></span> <span class='ocrx_word' id='word_1_378' title='bbox 884 3668 1050 3740; x_wconf 88' lang='lat' dir='ltr'><strong>appendices</strong></span> <span class='ocrx_word' id='word_1_379' title='bbox 1068 3668 1126 3725; x_wconf 88' lang='lat' dir='ltr'><strong>suia</strong></span> <span class='ocrx_word' id='word_1_380' title='bbox 1143 3669 1211 3725; x_wconf 92' lang='lat' dir='ltr'><strong>loeis</strong></span> <span class='ocrx_word' id='word_1_381' title='bbox 1228 3668 1398 3740; x_wconf 87' lang='lat' dir='ltr'><strong>disputatum</strong></span> <span class='ocrx_word' id='word_1_382' title='bbox 1411 3667 1456 3723; x_wconf 87' lang='lat' dir='ltr'><strong>rit.</strong></span> <span class='ocrx_word' id='word_1_383' title='bbox 1483 3671 1549 3724; x_wconf 88' lang='lat' dir='ltr'><strong>sunt</strong></span> 
     </span>
    </p>
   </div>
   <div class='ocr_carea' id='block_1_3' title="bbox 52 3737 261 3829">
    <p class='ocr_par' dir='ltr' id='par_1_3' title="bbox 52 3737 261 3829">
     <span class='ocr_line' id='line_1_34' title="bbox 52 3737 261 3829; baseline 0 0"><span class='ocrx_word' id='word_1_384' title='bbox 52 3737 261 3829; x_wconf 40' lang='lat' dir='ltr'><strong>*hanna</strong></span> 
     </span>
    </p>
   </div>
   <div class='ocr_carea' id='block_1_4' title="bbox 148 3863 1682 3953">
    <p class='ocr_par' dir='ltr' id='par_1_4' title="bbox 148 3863 1682 3953">
     <span class='ocr_line' id='line_1_35' title="bbox 148 3863 1682 3953; baseline 0.004 -18"><span class='ocrx_word' id='word_1_385' title='bbox 148 3863 304 3936; x_wconf 79' lang='lat' dir='ltr'><strong>Unineraa</strong></span> <span class='ocrx_word' id='word_1_386' title='bbox 321 3879 431 3950; x_wconf 83' lang='lat' dir='ltr'><strong>digesta</strong></span> <span class='ocrx_word' id='word_1_387' title='bbox 447 3880 494 3950; x_wconf 88' lang='lat' dir='ltr'><strong>qui</strong></span> <span class='ocrx_word' id='word_1_388' title='bbox 512 3880 669 3936; x_wconf 86' lang='lat' dir='ltr'><strong>contineant</strong></span> <span class='ocrx_word' id='word_1_389' title='bbox 686 3880 796 3937; x_wconf 86' lang='lat' dir='ltr'><strong>codices</strong></span> <span class='ocrx_word' id='word_1_390' title='bbox 814 3896 875 3937; x_wconf 92' lang='lat' dir='ltr'><strong>cum</strong></span> <span class='ocrx_word' id='word_1_391' title='bbox 894 3881 1025 3938; x_wconf 85' lang='lat' dir='ltr'><strong>rarissimi</strong></span> <span class='ocrx_word' id='word_1_392' title='bbox 1042 3881 1105 3953; x_wconf 87' lang='lat' dir='ltr'><strong>sint,</strong></span> <span class='ocrx_word' id='word_1_393' title='bbox 1123 3896 1176 3952; x_wconf 87' lang='lat' dir='ltr'><strong>ego</strong></span> <span class='ocrx_word' id='word_1_394' title='bbox 1194 3881 1254 3937; x_wconf 87' lang='lat' dir='ltr'><strong>eiua</strong></span> <span class='ocrx_word' id='word_1_395' title='bbox 1271 3881 1380 3952; x_wconf 84' lang='lat' dir='ltr'><strong>generis</strong></span> <span class='ocrx_word' id='word_1_396' title='bbox 1397 3897 1482 3937; x_wconf 92' lang='lat' dir='ltr'><strong>unum</strong></span> <span class='ocrx_word' id='word_1_397' title='bbox 1501 3881 1547 3936; x_wconf 88' lang='lat' dir='ltr'><strong>ad·</strong></span> <span class='ocrx_word' id='word_1_398' title='bbox 1607 3894 1682 3941; x_wconf 78' lang='lat' dir='ltr'><strong>codex</strong></span> 
     </span>
    </p>
   </div>
   <div class='ocr_carea' id='block_1_5' title="bbox 55 3933 1715 4065">
    <p class='ocr_par' dir='ltr' id='par_1_5' title="bbox 55 3933 1715 4065">
     <span class='ocr_line' id='line_1_36' title="bbox 55 3933 1715 4065; baseline 0.001 -23"><span class='ocrx_word' id='word_1_399' title='bbox 55 3933 195 4054; x_wconf 53' lang='lat' dir='ltr'><strong>biblii,</strong></span> <span class='ocrx_word' id='word_1_400' title='bbox 213 3987 264 4058; x_wconf 87' lang='lat' dir='ltr'><strong>qni</strong></span> <span class='ocrx_word' id='word_1_401' title='bbox 280 3987 348 4043; x_wconf 87' lang='lat' dir='ltr'><strong>item</strong></span> <span class='ocrx_word' id='word_1_402' title='bbox 365 3987 463 4042; x_wconf 89' lang='lat' dir='ltr'><strong>unicus</strong></span> <span class='ocrx_word' id='word_1_403' title='bbox 480 3991 524 4043; x_wconf 87' lang='lat' dir='ltr'><strong>est</strong></span> <span class='ocrx_word' id='word_1_404' title='bbox 541 4001 576 4043; x_wconf 86' lang='lat' dir='ltr'><strong>cr</strong></span> <span class='ocrx_word' id='word_1_405' title='bbox 594 3987 663 4044; x_wconf 86' lang='lat' dir='ltr'><strong>meis</strong></span> <span class='ocrx_word' id='word_1_406' title='bbox 681 3988 728 4058; x_wconf 89' lang='lat' dir='ltr'><strong>qui</strong></span> <span class='ocrx_word' id='word_1_407' title='bbox 746 3987 847 4044; x_wconf 86' lang='lat' dir='ltr'><strong>habeat</strong></span> <span class='ocrx_word' id='word_1_408' title='bbox 864 3989 1086 4046; x_wconf 88' lang='lat' dir='ltr'><strong>constitutionem</strong></span> <span class='ocrx_word' id='word_1_409' title='bbox 1101 3987 1240 4060; x_wconf 87' lang='lat' dir='ltr'><strong>Omnem¹,</strong></span> <span class='ocrx_word' id='word_1_410' title='bbox 1259 3989 1322 4046; x_wconf 92' lang='lat' dir='ltr'><strong>olim</strong></span> <span class='ocrx_word' id='word_1_411' title='bbox 1341 3988 1470 4045; x_wconf 82' lang='lat' dir='ltr'><strong>Germani</strong></span> <span class='ocrx_word' id='word_1_412' title='bbox 1488 3987 1549 4045; x_wconf 83' lang='lat' dir='ltr'><strong>Ool-</strong></span> <span class='ocrx_word' id='word_1_413' title='bbox 1575 3956 1715 4065; x_wconf 60' lang='lat'><strong>⁰⁰¹¹}{2”³²&#39;</strong></span> 
     </span>
    </p>
   </div>
   <div class='ocr_carea' id='block_1_6' title="bbox 73 4081 1723 4252">
    <p class='ocr_par' dir='ltr' id='par_1_6' title="bbox 73 4081 1723 4252">
     <span class='ocr_line' id='line_1_37' title="bbox 141 4081 1723 4190; baseline 0.004 -41"><span class='ocrx_word' id='word_1_414' title='bbox 141 4093 228 4165; x_wconf 79' lang='lat' dir='ltr'><strong>0nii,</strong></span> <span class='ocrx_word' id='word_1_415' title='bbox 253 4093 355 4150; x_wconf 88' lang='lat' dir='ltr'><strong>deinde</strong></span> <span class='ocrx_word' id='word_1_416' title='bbox 372 4093 553 4164; x_wconf 88' lang='lat' dir='ltr'><strong>lleermanni,</strong></span> <span class='ocrx_word' id='word_1_417' title='bbox 576 4097 675 4165; x_wconf 85' lang='lat' dir='ltr'><strong>postea</strong></span> <span class='ocrx_word' id='word_1_418' title='bbox 691 4095 807 4166; x_wconf 86' lang='lat' dir='ltr'><strong>Kelleri,</strong></span> <span class='ocrx_word' id='word_1_419' title='bbox 830 4095 912 4152; x_wconf 91' lang='lat' dir='ltr'><strong>hodie</strong></span> <span class='ocrx_word' id='word_1_420' title='bbox 935 4111 970 4154; x_wconf 86' lang='lat' dir='ltr'><strong>ex</strong></span> <span class='ocrx_word' id='word_1_421' title='bbox 993 4096 1066 4154; x_wconf 90' lang='lat' dir='ltr'><strong>dono</strong></span> <span class='ocrx_word' id='word_1_422' title='bbox 1083 4096 1206 4152; x_wconf 84' lang='lat' dir='ltr'><strong>hienricii</strong></span> <span class='ocrx_word' id='word_1_423' title='bbox 1224 4096 1337 4167; x_wconf 86' lang='lat' dir='ltr'><strong>Hauptii</strong></span> <span class='ocrx_word' id='word_1_424' title='bbox 1354 4095 1451 4168; x_wconf 91' lang='lat' dir='ltr'><strong>optimi</strong></span> <span class='ocrx_word' id='word_1_425' title='bbox 1469 4096 1549 4153; x_wconf 89' lang='lat' dir='ltr'><strong>amici</strong></span> <span class='ocrx_word' id='word_1_426' title='bbox 1566 4081 1723 4190; x_wconf 55' lang='lat' dir='ltr'><strong>ffiffi</strong></span> 
     </span>
     <span class='ocr_line' id='line_1_38' title="bbox 73 4193 540 4252; baseline 0.032 -14"><span class='ocrx_word' id='word_1_427' title='bbox 73 4193 540 4252; x_wconf 36' lang='grc' dir='ltr'><strong>Χ--μ-</strong></span> 
     </span>
    </p>
   </div>
   <div class='ocr_carea' id='block_1_7' title="bbox 87 4288 1548 4487">
    <p class='ocr_par' dir='ltr' id='par_1_7' title="bbox 87 4288 1548 4487">
     <span class='ocr_line' id='line_1_39' title="bbox 87 4288 1547 4398; baseline 0.002 -20"><span class='ocrx_word' id='word_1_428' title='bbox 87 4288 184 4372; x_wconf 49' lang='grc' dir='ltr'><strong>ὴῡ·</strong></span> <span class='ocrx_word' id='word_1_429' title='bbox 265 4327 345 4378; x_wconf 89' lang='lat' dir='ltr'><strong>edidit</strong></span> <span class='ocrx_word' id='word_1_430' title='bbox 368 4324 501 4379; x_wconf 85' lang='lat' dir='ltr'><strong>Schrsdcr&#39;</strong></span> <span class='ocrx_word' id='word_1_431' title='bbox 526 4327 657 4395; x_wconf 80' lang='lat' dir='ltr'><strong>&#39;Inbingas</strong></span> <span class='ocrx_word' id='word_1_432' title='bbox 683 4329 758 4380; x_wconf 83' lang='lat'>1819.</span> <span class='ocrx_word' id='word_1_433' title='bbox 783 4329 808 4380; x_wconf 90' lang='lat'><strong>8.</strong></span> <span class='ocrx_word' id='word_1_434' title='bbox 833 4347 876 4396; x_wconf 92' lang='lat' dir='ltr'><strong>pp.</strong></span> <span class='ocrx_word' id='word_1_435' title='bbox 889 4330 931 4381; x_wconf 82' lang='lat'><strong>90.</strong></span> <span class='ocrx_word' id='word_1_436' title='bbox 968 4330 1028 4382; x_wconf 87' lang='lat' dir='ltr'><strong>iham</strong></span> <span class='ocrx_word' id='word_1_437' title='bbox 1049 4328 1180 4383; x_wconf 79' lang='lat' dir='ltr'><strong>‘Editionia</strong></span> <span class='ocrx_word' id='word_1_438' title='bbox 1204 4329 1359 4398; x_wconf 87' lang='lat' dir='ltr'><strong>digestorum</strong></span> <span class='ocrx_word' id='word_1_439' title='bbox 1381 4329 1547 4396; x_wconf 70' lang='lat' dir='ltr'><strong>Tubingensis</strong></span> 
     </span>
     <span class='ocr_line' id='line_1_40' title="bbox 97 4399 1548 4487; baseline 0.001 -18"><span class='ocrx_word' id='word_1_440' title='bbox 97 4399 241 4469; x_wconf 51' lang='lat' dir='ltr'><strong>&#39;human</strong></span> <span class='ocrx_word' id='word_1_441' title='bbox 262 4415 432 4484; x_wconf 74' lang='lat' dir='ltr'><strong>complessem</strong></span> <span class='ocrx_word' id='word_1_442' title='bbox 450 4417 481 4470; x_wconf 88' lang='lat' dir='ltr'><strong>o.</strong></span> <span class='ocrx_word' id='word_1_443' title='bbox 503 4418 526 4480; x_wconf 92' lang='grc' dir='ltr'><strong>ι,</strong></span> <span class='ocrx_word' id='word_1_444' title='bbox 543 4417 575 4480; x_wconf 80' lang='lat'><strong>2,</strong></span> <span class='ocrx_word' id='word_1_445' title='bbox 591 4417 621 4480; x_wconf 83' lang='lat' dir='ltr'><strong>n,</strong></span> <span class='ocrx_word' id='word_1_446' title='bbox 639 4415 763 4468; x_wconf 85' lang='lat'>41-44&#39;</span> <span class='ocrx_word' id='word_1_447' title='bbox 786 4418 897 4470; x_wconf 70' lang='lat' dir='ltr'><strong>aerolas</strong></span> <span class='ocrx_word' id='word_1_448' title='bbox 923 4417 997 4470; x_wconf 82' lang='lat' dir='ltr'><strong>isar.</strong></span> <span class='ocrx_word' id='word_1_449' title='bbox 1021 4419 1047 4470; x_wconf 87' lang='lat'><strong>4.</strong></span> <span class='ocrx_word' id='word_1_450' title='bbox 1070 4437 1113 4486; x_wconf 76' lang='lat' dir='ltr'><strong>pp.</strong></span> <span class='ocrx_word' id='word_1_451' title='bbox 1129 4420 1174 4471; x_wconf 84' lang='lat'><strong>14:</strong></span> <span class='ocrx_word' id='word_1_452' title='bbox 1202 4421 1243 4487; x_wconf 74' lang='lat' dir='ltr'><strong>qur</strong></span> <span class='ocrx_word' id='word_1_453' title='bbox 1269 4419 1368 4472; x_wconf 72' lang='lat' dir='ltr'><strong>neena</strong></span> <span class='ocrx_word' id='word_1_454' title='bbox 1394 4420 1488 4487; x_wconf 70' lang='lat' dir='ltr'><strong>pronus</strong></span> <span class='ocrx_word' id='word_1_455' title='bbox 1515 4420 1548 4471; x_wconf 70' lang='lat' dir='ltr'><strong>aa</strong></span> 
     </span>
    </p>
   </div>
   <div class='ocr_carea' id='block_1_8' title="bbox 112 4477 1548 5020">
    <p class='ocr_par' dir='ltr' id='par_1_8' title="bbox 112 4477 1548 5020">
     <span class='ocr_line' id='line_1_41' title="bbox 112 4477 1548 4576; baseline 0.001 -18"><span class='ocrx_word' id='word_1_456' title='bbox 112 4477 224 4558; x_wconf 50' lang='lat' dir='ltr'><strong>imbris</strong></span> <span class='ocrx_word' id='word_1_457' title='bbox 243 4506 352 4558; x_wconf 69' lang='lat' dir='ltr'><strong>Gnsuui</strong></span> <span class='ocrx_word' id='word_1_458' title='bbox 368 4505 484 4572; x_wconf 85' lang='lat' dir='ltr'><strong>Hngonis</strong></span> <span class='ocrx_word' id='word_1_459' title='bbox 503 4506 703 4559; x_wconf 82' lang='lat' dir='ltr'><strong>scmisaecnlaria</strong></span> <span class='ocrx_word' id='word_1_460' title='bbox 722 4507 880 4559; x_wconf 84' lang='lat' dir='ltr'><strong>celebranda.</strong></span> <span class='ocrx_word' id='word_1_461' title='bbox 907 4509 932 4559; x_wconf 89' lang='lat' dir='ltr'><strong>in</strong></span> <span class='ocrx_word' id='word_1_462' title='bbox 952 4509 1051 4560; x_wconf 83' lang='lat' dir='ltr'><strong>schedis</strong></span> <span class='ocrx_word' id='word_1_463' title='bbox 1069 4509 1170 4576; x_wconf 90' lang='lat' dir='ltr'><strong>repperi</strong></span> <span class='ocrx_word' id='word_1_464' title='bbox 1188 4518 1338 4576; x_wconf 86' lang='lat' dir='ltr'><strong>apparatum</strong></span> <span class='ocrx_word' id='word_1_465' title='bbox 1356 4510 1497 4562; x_wconf 86' lang='lat' dir='ltr'><strong>ahsolutum</strong></span> <span class='ocrx_word' id='word_1_466' title='bbox 1515 4509 1548 4560; x_wconf 87' lang='lat' dir='ltr'><strong>ad</strong></span> 
     </span>
     <span class='ocr_line' id='line_1_42' title="bbox 121 4578 1004 4662; baseline 0.002 -16"><span class='ocrx_word' id='word_1_467' title='bbox 121 4578 251 4646; x_wconf 61' lang='lat' dir='ltr'><strong>lbmorlia</strong></span> <span class='ocrx_word' id='word_1_468' title='bbox 269 4595 423 4662; x_wconf 82' lang='lat' dir='ltr'><strong>dIgcstorurn</strong></span> <span class='ocrx_word' id='word_1_469' title='bbox 441 4603 468 4647; x_wconf 87' lang='lat' dir='ltr'><strong>et</strong></span> <span class='ocrx_word' id='word_1_470' title='bbox 484 4595 575 4647; x_wconf 88' lang='lat' dir='ltr'><strong>librum</strong></span> <span class='ocrx_word' id='word_1_471' title='bbox 593 4596 605 4648; x_wconf 91' lang='lat'><em>1</em></span> <span class='ocrx_word' id='word_1_472' title='bbox 623 4595 776 4662; x_wconf 86' lang='lat' dir='ltr'><strong>secundique</strong></span> <span class='ocrx_word' id='word_1_473' title='bbox 794 4595 879 4648; x_wconf 90' lang='lat' dir='ltr'><strong>titulos</strong></span> <span class='ocrx_word' id='word_1_474' title='bbox 900 4597 953 4648; x_wconf 96' lang='lat' dir='ltr'><strong>l—</strong></span> <span class='ocrx_word' id='word_1_475' title='bbox 964 4597 1004 4648; x_wconf 87' lang='lat'><strong>14.</strong></span> 
     </span>
     <span class='ocr_line' id='line_1_43' title="bbox 175 4679 1547 4754; baseline 0.002 -20"><span class='ocrx_word' id='word_1_476' title='bbox 175 4679 184 4712; x_wconf 83' lang='lat'><strong>¹</strong></span> <span class='ocrx_word' id='word_1_477' title='bbox 199 4683 284 4735; x_wconf 78' lang='lat' dir='ltr'><strong>Codex</strong></span> <span class='ocrx_word' id='word_1_478' title='bbox 308 4683 401 4750; x_wconf 78' lang='lat' dir='ltr'><strong>digesti</strong></span> <span class='ocrx_word' id='word_1_479' title='bbox 418 4684 484 4736; x_wconf 81' lang='lat' dir='ltr'><strong>Noui</strong></span> <span class='ocrx_word' id='word_1_480' title='bbox 507 4702 574 4737; x_wconf 86' lang='lat' dir='ltr'><strong>saec.</strong></span> <span class='ocrx_word' id='word_1_481' title='bbox 586 4685 650 4748; x_wconf 84' lang='lat' dir='ltr'><strong>XII,</strong></span> <span class='ocrx_word' id='word_1_482' title='bbox 673 4685 717 4752; x_wconf 89' lang='lat' dir='ltr'><strong>qui</strong></span> <span class='ocrx_word' id='word_1_483' title='bbox 740 4685 788 4736; x_wconf 86' lang='lat' dir='ltr'><strong>fnit</strong></span> <span class='ocrx_word' id='word_1_484' title='bbox 809 4686 835 4736; x_wconf 91' lang='lat' dir='ltr'><strong>in</strong></span> <span class='ocrx_word' id='word_1_485' title='bbox 854 4685 1007 4737; x_wconf 86' lang='lat' dir='ltr'><strong>bibliotheca</strong></span> <span class='ocrx_word' id='word_1_486' title='bbox 1029 4695 1131 4738; x_wconf 86' lang='lat' dir='ltr'><strong>senatus</strong></span> <span class='ocrx_word' id='word_1_487' title='bbox 1149 4686 1287 4753; x_wconf 83' lang='lat' dir='ltr'><strong>Lipsiensis</strong></span> <span class='ocrx_word' id='word_1_488' title='bbox 1304 4705 1357 4754; x_wconf 88' lang='lat' dir='ltr'><strong>rep.</strong></span> <span class='ocrx_word' id='word_1_489' title='bbox 1371 4688 1396 4739; x_wconf 89' lang='lat'><strong>11</strong></span> <span class='ocrx_word' id='word_1_490' title='bbox 1414 4705 1439 4738; x_wconf 86' lang='grc' dir='ltr'><strong>ιι.</strong></span> <span class='ocrx_word' id='word_1_491' title='bbox 1455 4687 1486 4738; x_wconf 87' lang='grc'><strong>16</strong></span> <span class='ocrx_word' id='word_1_492' title='bbox 1505 4687 1547 4752; x_wconf 82' lang='lat' dir='ltr'><strong>(oi.</strong></span> 
     </span>
     <span class='ocr_line' id='line_1_44' title="bbox 140 4753 1546 4841; baseline 0.002 -18"><span class='ocrx_word' id='word_1_493' title='bbox 140 4753 206 4822; x_wconf 68' lang='lat' dir='ltr'><strong>thas</strong></span> <span class='ocrx_word' id='word_1_494' title='bbox 223 4773 255 4824; x_wconf 74' lang='lat' dir='ltr'><strong>aa</strong></span> <span class='ocrx_word' id='word_1_495' title='bbox 273 4789 340 4839; x_wconf 67' lang='lat' dir='ltr'><strong>gem</strong></span> <span class='ocrx_word' id='word_1_496' title='bbox 359 4781 385 4824; x_wconf 71' lang='lat' dir='ltr'><strong>a</strong></span> <span class='ocrx_word' id='word_1_497' title='bbox 403 4773 456 4825; x_wconf 62' lang='lat' dir='ltr'><strong>ann.</strong></span> <span class='ocrx_word' id='word_1_498' title='bbox 475 4791 500 4840; x_wconf 80' lang='lat' dir='ltr'><strong>p.</strong></span> <span class='ocrx_word' id='word_1_499' title='bbox 513 4774 562 4826; x_wconf 77' lang='lat' dir='ltr'><strong>ao:</strong></span> <span class='ocrx_word' id='word_1_500' title='bbox 586 4774 700 4841; x_wconf 60' lang='lat' dir='ltr'><strong>samem</strong></span> <span class='ocrx_word' id='word_1_501' title='bbox 718 4773 777 4826; x_wconf 73' lang='lat' dir='ltr'><strong>nea.</strong></span> <span class='ocrx_word' id='word_1_502' title='bbox 789 4775 835 4826; x_wconf 67' lang='lat' dir='ltr'><strong>rur.</strong></span> <span class='ocrx_word' id='word_1_503' title='bbox 853 4775 879 4837; x_wconf 85' lang='lat'><strong>4,</strong></span> <span class='ocrx_word' id='word_1_504' title='bbox 897 4775 939 4827; x_wconf 86' lang='lat' dir='ltr'><strong>aa.</strong></span> <span class='ocrx_word' id='word_1_505' title='bbox 955 4773 1012 4826; x_wconf 91' lang='grc' dir='ltr'><strong>ιοι.</strong></span> <span class='ocrx_word' id='word_1_506' title='bbox 1025 4774 1103 4841; x_wconf 83' lang='lat'><strong>213),</strong></span> <span class='ocrx_word' id='word_1_507' title='bbox 1126 4777 1297 4828; x_wconf 67' lang='lat' dir='ltr'><strong>commoneas</strong></span> <span class='ocrx_word' id='word_1_508' title='bbox 1316 4793 1337 4828; x_wconf 67' lang='grc' dir='ltr'><strong>ο.</strong></span> <span class='ocrx_word' id='word_1_509' title='bbox 1351 4795 1373 4828; x_wconf 69' lang='lat' dir='ltr'><strong>a.</strong></span> <span class='ocrx_word' id='word_1_510' title='bbox 1390 4776 1456 4826; x_wconf 79' lang='lat' dir='ltr'><strong>rsao</strong></span> <span class='ocrx_word' id='word_1_511' title='bbox 1474 4776 1546 4826; x_wconf 69' lang='lat' dir='ltr'><strong>nau-</strong></span> 
     </span>
     <span class='ocr_line' id='line_1_45' title="bbox 144 4847 1548 4932; baseline 0.003 -22"><span class='ocrx_word' id='word_1_512' title='bbox 144 4847 205 4910; x_wconf 60' lang='lat' dir='ltr'><strong>hbe,</strong></span> <span class='ocrx_word' id='word_1_513' title='bbox 220 4871 246 4912; x_wconf 88' lang='lat' dir='ltr'><strong>et</strong></span> <span class='ocrx_word' id='word_1_514' title='bbox 264 4879 294 4913; x_wconf 89' lang='lat' dir='ltr'><strong>eo</strong></span> <span class='ocrx_word' id='word_1_515' title='bbox 314 4862 431 4914; x_wconf 78' lang='lat' dir='ltr'><strong>defirncto</strong></span> <span class='ocrx_word' id='word_1_516' title='bbox 450 4879 505 4914; x_wconf 86' lang='lat' dir='ltr'><strong>cum</strong></span> <span class='ocrx_word' id='word_1_517' title='bbox 522 4863 577 4914; x_wconf 86' lang='lat' dir='ltr'><strong>cius</strong></span> <span class='ocrx_word' id='word_1_518' title='bbox 595 4861 747 4915; x_wconf 83' lang='lat' dir='ltr'><strong>bibliotheca</strong></span> <span class='ocrx_word' id='word_1_519' title='bbox 765 4864 899 4915; x_wconf 85' lang='lat' dir='ltr'><strong>distractus</strong></span> <span class='ocrx_word' id='word_1_520' title='bbox 918 4863 1065 4930; x_wconf 89' lang='lat' dir='ltr'><strong>delatusque</strong></span> <span class='ocrx_word' id='word_1_521' title='bbox 1084 4865 1109 4915; x_wconf 93' lang='lat' dir='ltr'><strong>in</strong></span> <span class='ocrx_word' id='word_1_522' title='bbox 1128 4865 1248 4931; x_wconf 90' lang='lat' dir='ltr'><strong>oppidum</strong></span> <span class='ocrx_word' id='word_1_523' title='bbox 1260 4865 1317 4916; x_wconf 78' lang='lat' dir='ltr'><strong>Aba</strong></span> <span class='ocrx_word' id='word_1_524' title='bbox 1336 4865 1419 4932; x_wconf 88' lang='lat' dir='ltr'><strong>paullo</strong></span> <span class='ocrx_word' id='word_1_525' title='bbox 1438 4874 1496 4931; x_wconf 85' lang='lat' dir='ltr'><strong>post</strong></span> <span class='ocrx_word' id='word_1_526' title='bbox 1513 4864 1548 4915; x_wconf 92' lang='lat' dir='ltr'><strong>ibi</strong></span> 
     </span>
     <span class='ocr_line' id='line_1_46' title="bbox 147 4937 1500 5020; baseline 0.003 -20"><span class='ocrx_word' id='word_1_527' title='bbox 147 4937 234 5002; x_wconf 54' lang='lat' dir='ltr'><strong>&#39;mdis</strong></span> <span class='ocrx_word' id='word_1_528' title='bbox 250 4951 398 5018; x_wconf 84' lang='lat' dir='ltr'><strong>absumptus</strong></span> <span class='ocrx_word' id='word_1_529' title='bbox 416 4961 462 5004; x_wconf 83' lang='lat' dir='ltr'><strong>est.</strong></span> <span class='ocrx_word' id='word_1_530' title='bbox 570 4950 582 4986; x_wconf 79' lang='lat'>²</span> <span class='ocrx_word' id='word_1_531' title='bbox 599 4952 696 5004; x_wconf 79' lang='lat' dir='ltr'><strong>Eadem</strong></span> <span class='ocrx_word' id='word_1_532' title='bbox 713 4951 806 5020; x_wconf 82' lang='lat' dir='ltr'><strong>legitur</strong></span> <span class='ocrx_word' id='word_1_533' title='bbox 823 4953 849 5004; x_wconf 91' lang='lat' dir='ltr'><strong>in</strong></span> <span class='ocrx_word' id='word_1_534' title='bbox 867 4951 931 5004; x_wconf 91' lang='lat' dir='ltr'><strong>libro</strong></span> <span class='ocrx_word' id='word_1_535' title='bbox 954 4951 983 5018; x_wconf 88' lang='lat' dir='ltr'><strong>U,</strong></span> <span class='ocrx_word' id='word_1_536' title='bbox 1001 4953 1047 5006; x_wconf 88' lang='lat' dir='ltr'><strong>sed</strong></span> <span class='ocrx_word' id='word_1_537' title='bbox 1065 4953 1165 5005; x_wconf 84' lang='lat' dir='ltr'><strong>adiecta</strong></span> <span class='ocrx_word' id='word_1_538' title='bbox 1183 4953 1283 5005; x_wconf 86' lang='lat' dir='ltr'><strong>saeculo</strong></span> <span class='ocrx_word' id='word_1_539' title='bbox 1301 4954 1400 5005; x_wconf 87' lang='lat' dir='ltr'><strong>demum</strong></span> <span class='ocrx_word' id='word_1_540' title='bbox 1418 4953 1500 5005; x_wconf 86' lang='lat' dir='ltr'>XIIII.</span> 
     </span>
    </p>
   </div>
   <div class='ocr_carea' id='block_1_9' title="bbox 0 0 1796 5326">
    <p class='ocr_par' dir='ltr' id='par_1_9' title="bbox 0 0 1796 5326">
     <span class='ocr_line' id='line_1_47' title="bbox 0 0 1796 5326; baseline 0 1"><span class='ocrx_word' id='word_1_541' title='bbox 0 0 1796 5326; x_wconf 95' lang='lat' dir='ltr'><strong> </strong></span> 
     </span>
    </p>
   </div>
  </div>
 </body>
</html>
