3698 5364
256 191 347 258 XXV
367 193 387 257 3
406 197 487 252 3-t
939 181 1026 262 738
1392 205 1439 252 nn
1461 200 1701 252 nonosonnnm

257 347 390 402 Hadriani
407 344 510 400 iactum
529 349 580 414 est,
598 349 637 414 nt,
657 344 767 398 etiamst
785 347 929 398 constante
947 343 1120 398 matrimonio
1137 346 1233 412 partus
1252 343 1288 396 sit
1306 341 1404 410 editus,
1423 341 1458 394 de
1477 338 1653 409 agnoscendo
1665 352 1700 393 eo

224 445 239 489 ι
258 441 364 505 agatur.
401 433 472 499 Quid
490 449 565 502 ergo,
585 433 608 487 si
626 433 688 502 quis
705 438 770 501 post
787 438 901 487 mortem
919 432 1006 501 patris
1023 436 1154 486 nascatur
1172 445 1225 486 auo
1244 431 1399 500 superstite,
1418 430 1446 483 in
1464 429 1542 483 cuius
1560 431 1700 497 potestate

257 539 403 578 recasurus
421 528 473 592 est,
491 526 523 576 ut
541 523 582 576 si¹
601 537 636 576 ex
654 519 710 576 filio
728 521 788 576 eius
806 525 951 590 susceptus
966 519 1116 590 probetur?
1142 518 1292 574 uidendum
1304 518 1370 588 quid
1382 518 1437 574 dici
1449 517 1557 573 debeat.
1584 520 1613 572 et
1624 519 1701 570 certe

225 611 429 681 eprobandnm
447 617 497 666 *est
519 626 581 666 cum
606 625 659 664 ano
680 609 896 678 praeiudicium¹
914 609 949 664 de
967 614 1048 679 partu
1067 608 1242 677 agnoscendo
1261 608 1385 662 similiter
1402 606 1548 676 agendum.
1585 603 1702 669 Quidni

68 677 73 680 ”
145 743 148 748 ⁴
257 699 310 754 hoo
327 699 416 768 ipsum
435 699 463 754 in
481 699 670 768 quaestionem
688 698 789 766 ueniat,
808 702 900 752 utrum
918 698 946 752 in
964 697 1137 752 matrimonio
1155 712 1191 750 an
1208 701 1306 765 postea
1325 696 1335 768 ΙΙ
1354 695 1445 750 editus
1463 696 1519 750 sit?
1552 693 1700 750 dicendum
1721 691 1808 743 tets'

224 795 240 840 4
258 793 302 842 est
319 792 347 840 et
364 801 447 856 super
464 787 517 842 hoc
535 802 570 842 cx
589 791 701 842 senatus
720 787 852 842 consultis
870 785 1016 855 agendum.
1044 786 1081 840 Et
1099 785 1165 854 quid
1183 785 1227 854 sit,
1246 785 1270 840 si
1288 801 1324 840 an
1338 799 1407 840 uxor
1418 783 1500 839 fuerit
1512 781 1701 853 disceptetur?
1723 789 1737 829 6

225 883 239 930 t
258 881 287 930 st
303 875 424 930 Iulianus
443 874 528 930 Sexto
547 874 666 930 Caecilio
683 873 815 930 Africano
833 875 975 944 respondit
992 876 1082 930 locum
1102 889 1163 928 esse
1181 873 1357 944 praeiudicio.
1383 872 1454 928 Iliad
1468 873 1616 928 tenendum
1629 871 1702 925 haec

258 967 370 1018 senatus
389 965 514 1018 consulta
530 969 595 1034 post
613 969 728 1019 mortem
746 964 868 1033 parentis
886 978 1009 1033 cessare,
1034 963 1057 1017 si
1075 963 1100 1017 is
1123 964 1256 1032 supersit,
1280 963 1308 1018 in
1327 963 1405 1016 cuius
1422 966 1560 1031 potestate
1578 958 1702 1014 recasuri

258 1066 313 1108 non
331 1053 420 1106 aunt³.
449 1052 515 1121 quid
533 1068 599 1124 ergo
618 1053 681 1106 est?
707 1052 885 1121 inpetitione
903 1051 1076 1120 hereditatis,
1097 1067 1179 1121 quam
1198 1050 1270 1106 filius
1288 1051 1414 1120 intendit,
1433 1055 1588 1120 quaeretur,
1606 1052 1702 1102 utrum

258 1155 293 1194 ex
316 1155 350 1194 eo
372 1144 454 1195 natus
477 1142 514 1195 sit
536 1142 614 1196 cuius
636 1140 816 1196 hereditatem
840 1142 911 1210 petit
934 1157 969 1196 an
992 1157 1056 1196 non.
1088 1140 1158 1194 adeo
1176 1139 1228 1195 hoo
1246 1156 1343 1195 uerum
1362 1145 1418 1208 est,
1442 1145 1474 1193 ut
1491 1140 1612 1194 lulianus
1630 1136 1703 1191 libro
1726 1144 1755 1184 1⁰

258 1243 330 1285 nono
348 1228 455 1283 decimo
473 1228 642 1298 digestorum
661 1229 814 1299 scribat,si
832 1231 898 1284 uiuo
916 1235 994 1298 patre
1012 1229 1149 1284 redditum
1169 1230 1206 1284 sit
1222 1230 1420 1299 praeiudicium
1439 1232 1467 1282 et
1479 1231 1625 1296 antequam
1638 1240 1703 1280 sen·

225 1325 240 1372 t
258 1317 345 1371 tentia
363 1314 475 1384 feratur,
492 1321 573 1386 pater
589 1317 747 1388 decesserit,
766 1319 964 1373 transeundum
982 1317 1019 1373 ad
1038 1317 1241 1372 Carbonianum
1260 1317 1390 1381 edictum.
1416 1319 1486 1372 item
1504 1316 1573 1370 haec
1587 1330 1628 1370 se·
1648 1307 1703 1396 [(Ἰἶι

259 1412 341 1459 natus
362 1406 488 1460 consulta
506 1406 643 1475 pertinent
661 1406 697 1461 ad
715 1421 777 1476 eos,
801 1407 849 1476 qui
867 1407 909 1461 sui
927 1406 1043 1462 heredes
1061 1407 1279 1476 adgnascentur:
1303 1412 1424 1462 ceterum
1442 1407 1471 1460 si,
1483 1403 1553 1460 forte
1571 1420 1627 1460 non
1645 1405 1704 1458 sint

192 1515 195 1520 Δ
258 1494 287 1548 in
304 1498 470 1563 potestatem
490 1495 618 1564 recasuri,
637 1495 730 1550 uerius
748 1499 792 1550 est
809 1500 922 1550 senatus
940 1496 1066 1550 consulta
1084 1510 1201 1550 cessare.
1725 1501 1757 1541 ¹⁴

219 1581 240 1638 4
311 1583 431 1638 Pauuus
455 1581 524 1637 libro
542 1583 664 1638 secundo
682 1585 888 1639 sententiarum.
924 1583 1030 1638 Neoare
1048 1584 1158 1639 uidetur
1174 1600 1229 1639 non
1247 1589 1355 1640 tantum
1373 1583 1397 1638 is
1415 1583 1462 1652 qui
1480 1598 1541 1652 par-
1573 1593 1705 1664 serg-4
1725 1583 1754 1637 P

258 1674 317 1725 tum
335 1669 483 1740 praefocat,
507 1671 557 1726 sed
575 1675 603 1726 et
621 1671 645 1725 is
663 1673 710 1740 qui
729 1671 813 1726 abicit
831 1671 924 1742 etqui
942 1673 1070 1728 alimonia
1087 1673 1207 1742 denegat
1225 1678 1253 1726 et
1270 1673 1294 1728 is
1312 1673 1359 1741 qui
1377 1670 1494 1742 publicis
1512 1659 1705 1725 looismiseri·

259 1759 370 1814 cordiae
388 1775 473 1814 cansa
491 1761 611 1830 exponit,
631 1775 714 1829 quam
732 1761 791 1829 ipse
810 1777 865 1816 non
883 1761 975 1816 habet.

221 1845 240 1903 5
264 1883 271 1890 -
313 1847 465 1903 Uunrsnus
482 1848 552 1903 libro
570 1849 692 1904 secundo
711 1848 746 1903 de
764 1847 855 1904 officio
873 1850 1001 1904 consulis.
1029 1848 1059 1906 Si
1076 1849 1138 1918 quis
1156 1865 1173 1903 a
1191 1849 1283 1904 liberis
1302 1849 1338 1904 ali
1350 1847 1488 1903 desideret
1499 1849 1543 1902 uei
1563 1843 1705 1929 [W
1725 1851 1754 1904 E

226 1945 238 1989 1
259 1935 283 1990 si
302 1934 387 2006 liberi,
406 1941 438 1992 ut
456 1952 473 1990 a
490 1943 604 2006 parente
622 1937 810 2007 exhibeantur,
830 1937 913 1992 iudex
930 1937 966 1992 de
978 1953 1012 1993 ea
1023 1953 1052 1992 re
1064 1942 1222 2007 cognoscet.
1250 1937 1305 1992 Sed
1317 1943 1408 1992 utrum
1422 1951 1470 1991 eos
1482 1941 1587 1991 tantum
1601 1937 1705 1991 liberos

259 2025 306 2093 qui
325 2031 390 2078 aunt
408 2026 435 2079 in
454 2029 593 2094 potestate
611 2031 727 2095 cogatur
744 2026 806 2095 quis
825 2025 966 2095 exhibere,
985 2043 1020 2082 an
1038 2041 1104 2082 uero
1123 2027 1206 2080 etiarn
1224 2027 1411 2096 emancipatos
1429 2026 1474 2079 uel
1492 2040 1527 2079 ex
1545 2025 1599 2079 alia
1617 2041 1706 2079 causa
1727 2034 1759 2074 so

260 2113 303 2167 sui
326 2113 393 2168 iuris
416 2115 595 2184 constitutos,
619 2114 769 2170 uidendum
788 2119 839 2170 est.
874 2120 903 2169 et
921 2116 1009 2184 magis
1027 2121 1108 2185 puto,
1131 2116 1312 2170 etiamsinon
1330 2120 1395 2170 sunt
1412 2113 1489 2168 liberi
1507 2114 1534 2168 in
1552 2119 1705 2184 potestate,

226 2210 241 2255 ι
260 2200 377 2272 alendos
398 2217 415 2256 a
437 2201 597 2271 parentibus
621 2208 650 2258 et
668 2204 729 2258 uice
747 2210 843 2259 mutua
861 2205 934 2258 alere
951 2211 1080 2273 parentes
1098 2203 1207 2259 debere.
1243 2203 1340 2259 Utrum
1359 2210 1452 2259 autem
1469 2207 1576 2258 tantum
1594 2208 1705 2272 patrem

261 2305 380 2344 auumue
403 2298 547 2360 paternum
571 2306 741 2360 proauumue
765 2293 872 2362 paterni
895 2293 940 2347 aui
962 2297 1069 2361 patrem
1091 2299 1252 2363 ceterosque
1275 2293 1362 2348 uirilis
1382 2307 1465 2347 sexus
1482 2296 1611 2361 parentes
1628 2292 1706 2346 alere

260 2392 405 2447 cogamur,
427 2395 462 2434 an
480 2394 547 2434 uero
565 2381 648 2435 etiam
668 2386 783 2436 matrem
802 2386 963 2450 ceterosque
980 2386 1109 2450 parentes
1127 2387 1156 2436 et
1172 2397 1223 2452 per
1239 2383 1315 2437 ilium
1333 2371 1429 2436 sensim
1448 2382 1638 2450 confingentes
1657 2395 1706 2436 oo·

228 2477 231 2480 ·
261 2482 360 2536 gamm
377 2468 458 2537 alere,
478 2467 636 2524 uidendum.
664 2475 693 2524 et
710 2469 799 2539 magis
818 2475 869 2539 est,
887 2475 919 2524 ut
936 2469 1083 2539 utrubique
1101 2485 1132 2525 se
1144 2471 1228 2526 iudex
1239 2471 1404 2541 interponat,
1423 2469 1593 2540 quorundam
1607 2483 1706 2524 neces-
1727 2479 1762 2520 as

261 2554 390 2610 sitatibus
409 2554 516 2610 facilius
534 2573 722 2628 succursurus,
741 2557 912 2628 quorundam
925 2559 1120 2627 aegritudini⁴r
1139 2564 1242 2614 etcum
1255 2574 1289 2614 ox
1302 2561 1441 2629 aequitate
1453 2559 1521 2614 haec
1532 2573 1576 2612 res
1588 2558 1706 2613 deseen-

228 2653 243 2698 a
261 2642 310 2696 dat
327 2644 496 2713 cantateque
514 2647 665 2716 sanguinis,
684 2648 852 2717 singulorum
872 2647 1009 2702 desideria
1025 2648 1195 2717 perpendere
1206 2649 1323 2704 iudicem
1336 2652 1452 2718 oportet.
1479 2647 1556 2702 Idem
1569 2646 1597 2700 in
1608 2645 1706 2701 liberis

227 2741 243 2787 ι
262 2747 371 2801 quoque
389 2731 550 2788 exhibendis
568 2735 763 2804 aparentibus
781 2735 926 2790 dicendum
945 2742 996 2790 est.
1024 2736 1099 2806 Ergo
1117 2741 1146 2791 et
1163 2743 1275 2792 matrem
1294 2752 1425 2806 cogemus
1443 2735 1603 2806 praesertim
1618 2735 1706 2804 uolgo

228 2828 242 2875 t
261 2821 402 2890 quaesitos
420 2820 520 2878 liberos
538 2824 611 2878 alere
630 2839 681 2878 neo
699 2823 848 2892 nosipsos
867 2839 937 2879 eam.
972 2825 1042 2879 Item
1061 2825 1142 2880 diuus
1160 2826 1226 2880 Pius
1244 2824 1389 2896 significat,
1407 2825 1487 2894 quasi
1505 2838 1574 2878 auras
1592 2838 1706 2893 quoque

228 2919 242 2964 e
262 2915 402 2964 maternus
422 2911 494 2966 alere
513 2913 700 2982 compellatur.
737 2912 813 2966 idem
832 2913 985 2982 rescripsit,
1004 2912 1135 2968 utilium
1154 2929 1231 2968 sunm
1250 2918 1329 2983 pater
1347 2913 1487 2982 exhibeat,
1507 2913 1531 2966 si
1548 2912 1707 2967 constiterit
1729 2923 1761 2964 so

229 3007 243 3052 7
262 2998 336 3067 apud
359 2999 491 3054 iudicium
514 3001 586 3056 iuste
609 3017 670 3056 eam
688 3005 868 3070 procreatam.
905 3001 961 3056 Sed
979 3003 1003 3056 si
1020 2999 1093 3056 iilius
1110 3003 1199 3072 possit
1217 3017 1247 3057 se
1265 3001 1408 3071 exhibere,
1432 3001 1577 3056 aestimare
1596 3001 1706 3056 iudices

262 3085 378 3156 debent,
403 3103 437 3143 ne
455 3103 510 3144 non
529 3088 648 3144 debcant
665 3089 692 3143 ei
710 3089 840 3144 alimenta
857 3089 1013 3145 decernere.
1041 3090 1159 3160 denique
1177 3091 1250 3146 idem
1268 3091 1334 3146 Pius
1352 3091 1392 3145 ita
1409 3090 1562 3160 rescripsit:
1582 3089 1670 3144 'Aditi
1689 3106 1708 3144 a

262 3174 297 3229 ‘te
316 3181 504 3245 competentes
523 3177 627 3232 iudices
645 3177 727 3232 alite
746 3193 763 3232 a
780 3183 860 3248 patre
877 3183 926 3233 tuo
944 3177 1078 3234 iubebunt
1099 3193 1150 3248 pro
1172 3179 1254 3234 modo
1278 3177 1450 3234 facultatium
1469 3180 1538 3248 sius,
1562 3179 1585 3234 si
1610 3179 1706 3249 modo,

229 3273 243 3320 t
263 3263 332 3319 'cum
352 3264 476 3334 opificem
495 3269 524 3321 te
542 3281 604 3321 esse
622 3265 713 3335 dicas,
737 3267 766 3321 in
784 3281 818 3321 ea
835 3266 994 3322 ualetudine
1012 3281 1056 3338 es,
1080 3272 1111 3322 ut
1129 3268 1219 3336 operis
1241 3265 1367 3324 sufficere
1385 3283 1440 3324 non
1458 3267 1564 3338 possis'.
1601 3265 1631 3322 Si
1652 3264 1707 3351 [ᾧ

262 3353 306 3407 uel
325 3369 425 3422 parens
443 3359 527 3425 neget
544 3354 630 3410 filium
649 3355 808 3424 idcircoque
826 3357 899 3410 aiere
917 3370 947 3410 se
960 3371 1014 3411 non
1027 3355 1129 3411 debere
1142 3356 1298 3425 contendat,
1316 3358 1361 3412 nel
1373 3356 1445 3412 iilius
1458 3363 1541 3426 neget
1550 3361 1706 3428 parentem,
1731 3367 1762 3408 as

262 3442 418 3496 summatim
437 3443 543 3498 iudices
561 3447 669 3513 oportet
686 3459 770 3514 super
787 3459 821 3499 ea
838 3459 868 3499 re
886 3459 1053 3513 cognoscere
1060 3448 1080 3499 ⁶.
1099 3445 1123 3499 si
1141 3445 1294 3500 constiterit
1311 3444 1396 3500 filium
1415 3447 1459 3501 uel
1471 3451 1613 3516 parentem
1632 3461 1707 3516 esse,

229 3540 244 3584 s
262 3535 329 3584 tunc
347 3531 383 3584 ali
401 3530 547 3586 iubebunt:
565 3537 686 3587 aeterum
705 3533 728 3587 si
748 3549 803 3588 non
821 3533 982 3602 constiterit,
1001 3549 1052 3588 nec
1064 3533 1213 3588 decernent
1226 3534 1363 3588 alimenta.
1389 3535 1545 3590 Meminisse
1563 3531 1709 3617 [Ερζῖςιῆ

262 3623 354 3672 autom
373 3624 490 3690 oportet,
508 3621 562 3674 etsi
579 3621 817 3690 pronuntiauerint
834 3611 870 3676 ali
888 3627 1022 3691 oportere,
1041 3627 1162 3678 attamen
1180 3637 1240 3678 eam
1259 3638 1316 3678 rem
1335 3623 1531 3694 praeiudicium
1544 3639 1599 3679 non
1610 3611 1709 3680 iaoeffi

262 3707 385 3760 ueritati:
410 3723 462 3762 nec
485 3709 557 3763 enim
581 3709 633 3764 hoc
656 3711 848 3778 pronuntiatur
865 3709 949 3765 filium
969 3725 1044 3780 esso,
1069 3711 1120 3766 sed
1138 3712 1174 3766 ali
1191 3711 1306 3768 debere:
1329 3718 1358 3768 et
1378 3713 1417 3768 ita
1434 3712 1515 3768 diuus
1533 3713 1643 3768 Marcus
1663 3729 1708 3770 re-

197 3805 244 3850 ἰο
262 3795 380 3863 scripsit.
417 3794 446 3850 Si
469 3797 530 3866 quis
554 3813 589 3852 ex
606 3797 648 3852 his
667 3798 740 3853 alere
759 3799 906 3868 detrectet,
930 3814 980 3869 pro
998 3799 1079 3856 modo
1103 3798 1273 3856 facultatium
1296 3803 1425 3857 alimenta
1445 3802 1544 3856 consti·
1563 3798 1709 3888 [Q
1730 3821 1763 3860 ao

262 3887 386 3936 tuentur:
410 3884 485 3954 quod
503 3885 527 3939 si
544 3900 599 3940 non
616 3893 803 3957 praestentur,
826 3887 987 3956 pignoribus
1010 3888 1098 3958 captis
1117 3893 1146 3944 et
1163 3889 1302 3944 distractis
1320 3895 1435 3959 cogetur
1453 3889 1604 3946 sententiae
1623 3895 1709 3948 satis-

215 3980 243 4026 11
263 3968 362 4025 iacere.
391 3969 476 4026 'Idem
494 3973 578 4028 iudex
596 3975 742 4030 aestimare
765 3975 860 4046 debet,
884 3992 949 4032 num
973 3976 1075 4032 habeat
1097 3977 1201 4047 aliquid
1223 3993 1323 4048 parens
1346 3979 1391 4034 uel
1409 3995 1444 4033 an
1461 3983 1540 4048 pater
1557 3979 1634 4049 quod
1653 3979 1709 4066 [(ιῑ)

262 4068 433 4138 annuc)

265 4184 273 4217 ¹
292 4187 326 4236 ut
343 4181 376 4252 si]
395 4182 442 4238 ubi
461 4187 496 4248 (ιι.
511 4185 558 4250 t.)?
629 4185 825 4255 ¹praeiudicio
844 4188 942 4256 (eddji
1012 4189 1024 4224 ⁸
1042 4190 1065 4244 i
1083 4204 1137 4245 non
1157 4188 1276 4260 supersit
1293 4189 1320 4243 in
1339 4189 1417 4244 cuius
1430 4193 1568 4260 potestate
1583 4194 1712 4248 recasuri

263 4254 347 4309 sunt?
418 4257 430 4290 ⁴
447 4256 577 4325 aegrius?
648 4259 659 4293 ⁶
678 4263 706 4312 et
724 4267 771 4314 ins.
787 4260 865 4326 (edd.)

263 4378 465 4433 letiamsioF
505 4381 659 4436 dinanius
672 4386 811 4451 potestate
828 4383 889 4455 sep]
908 4384 956 4446 τοῨ
1009 4384 1147 4440 F'DEIG
1193 4383 1710 4454 eeadifiat01ntu⁶,aditioner··‚

263 4447 407 4504 ιιὲιλοιιτοι
420 4449 499 4512 airon
513 4451 580 4521 ἓχειιι
594 4452 755 4518 ῨιιεΞοῩιιοιι,
767 4451 885 4515 sicano?
897 4455 955 4518 γῐοῨ
1009 4455 1144 4510 adiciant·
1160 4455 1187 4522 T,
1207 4456 1242 4510 ad
1254 4457 1343 4510 titiam
1358 4471 1393 4510 ne
1405 4457 1439 4520 1¹,
1458 4456 1493 4510 ad
1505 4457 1597 4512 tioium
1611 4459 1650 4522 D,
1670 4461 1711 4516 nd

262 4517 354 4589 ὲτὲχθιι
368 4521 395 4574 Β
439 4523 549 4592 tquid]
569 4525 628 4592 quit
646 4527 681 4578 ι’
726 4525 905 4579 8recasu‘s'ri
919 4526 955 4579 Fi
1008 4525 1126 4581 iciannm
1152 4531 1244 4592 (anum
1264 4536 1289 4580 in
1308 4530 1355 4592 ιιι.)
1377 4529 1406 4589 0,
1427 4527 1539 4582 aditiam
1560 4529 1592 4594 1¹,
1611 4529 1650 4584 ad
1670 4532 1712 4584 Ε·

263 4589 371 4644 9'here’
382 4591 540 4648 hereditatis
553 4595 589 4647 Γ)
628 4595 661 4649 11
675 4595 938 4651 scribitF²DEITO
950 4595 954 4666 Ι
1009 4599 1044 4652 33
1058 4598 1126 4666 eius]
1140 4599 1182 4653 ius
1195 4600 1223 4662 F,
1236 4595 1568 4669 'Ptisis)iussit'mcrpol
1610 4602 1648 4656 34
1660 4607 1712 4657 te*

261 4667 359 4730 paors
378 4664 414 4715 F‘
430 4667 434 4730 Ι
451 4664 629 4720 sententia'm'
643 4667 680 4720 Ρ
737 4667 771 4721 15
790 4669 956 4722 sententia·
1009 4683 1071 4723 esse
1089 4670 1126 4722 F*
1175 4670 1210 4724 35
1229 4670 1268 4738 se]
1294 4671 1318 4724 si
1341 4671 1378 4722 F·
1430 4671 1465 4724 36
1484 4675 1649 4727 summatem
1669 4675 1711 4726 ΓΙ

261 4747 323 4816 rum
342 4731 378 4786 F‘
434 4737 466 4789 16
484 4735 633 4806 praefocat]
651 4737 761 4802 DEIO,
780 4736 904 4806 personat
921 4741 956 4793 F:
1009 4739 1044 4794 38
1063 4739 1165 4808 autem}
1185 4741 1259 4795 antei
1277 4741 1313 4793 Ρ
1334 4741 1339 4807 Ι
1360 4745 1485 4810 opertere
1502 4741 1530 4792 F
1576 4743 1713 4802 etenim

263 4803 452 4866 onsiroaB
518 4809 551 4862 21
579 4809 652 4862 iures
680 4810 717 4860 F·
740 4811 745 4875 Ι
769 4808 893 4863 liber'ar'i
919 4809 956 4862 Fi
1010 4810 1161 4880 'quod'hoo
1179 4811 1215 4863 Γ*
1258 4812 1293 4866 41
1312 4813 1400 4880 captis
1411 4811 1518 4866 ‘s'otF’
1533 4812 1537 4880 Ι
1553 4811 1710 4887 distractis]

262 4873 298 4927 26
312 4871 454 4928 iiciliusF¹
470 4877 957 4948 1aegritudinumpasquitateF’
1009 4881 1160 4938 fflsmaxitis
1179 4884 1215 4936 P
1267 4883 1303 4936 42
1314 4881 1434 4939 *habeat
1451 4881 1502 4937 ΡΗ

262 4943 297 4997 28
316 4945 441 5014 matrem]
461 4955 560 5004 matret
573 4951 598 5002 F
637 4950 671 5004 31
684 4950 956 5021 iudiciumiiudioem
