3652 5362
259 169 378 238 XXVII
398 171 418 235 3
439 176 475 231 20
493 205 525 216 -
545 170 601 234 41
937 161 1025 242 800
1247 185 1293 232 na
1316 183 1523 232 corrasam
1550 183 1721 231 rucanas

259 341 316 382 rem
336 330 368 381 ut
384 325 487 381 mucre
503 325 621 394 pecunia
643 323 854 380 condemnatum
877 323 906 378 in
928 323 1065 393 integrum
1088 322 1196 378 restitui
1218 323 1331 393 placuit
1357 337 1391 378 ea
1413 336 1459 377 res
1482 321 1644 376 materiam
1664 321 1719 374 litis

260 415 394 470 aduenas
411 415 526 470 alterum
545 415 698 468 curatorem
717 412 910 468 instaurandae
935 427 990 468 non
1014 411 1091 467 dabit
1115 412 1194 482 quasi
1217 413 1321 466 minore
1339 410 1458 482 pecunia
1476 410 1716 479 condemnatum,

260 505 285 558 si
306 519 361 558 uon
386 504 422 558 sit
443 503 503 558 eius
526 502 625 558 aetatis
646 504 735 571 actor,
758 502 803 556 cui
825 500 966 557 subueniri
989 500 1102 556 debeat:
1128 500 1178 556 sed
1202 500 1349 570 aequitatis
1372 499 1478 554 ratione
1499 498 1649 554 suadente
1667 513 1717 568 per

228 602 240 646 1
260 593 354 648 utilem
373 591 508 648 actionem
526 591 552 645 ei
569 589 722 658 subueniri,
746 590 774 645 in
792 595 925 660 quantum
942 591 1012 646 alter
1028 591 1166 645 releuatus
1184 597 1240 659 est,
1263 592 1380 658 oportet
1415 588 1478 642 Non
1497 587 1612 643 idcirco
1632 588 1714 650 actio,

260 696 332 752 quae
349 685 413 750 post
429 679 528 749 uiginti
546 679 666 748 quicque
685 693 771 734 annos
790 680 888 735 aetatis
906 679 978 734 intra
995 679 1176 734 restitutionis
1194 682 1302 748 tempus
1316 677 1450 732 aduersus
1462 681 1591 732 tutorem
1606 677 1714 732 minore
1731 687 1744 727 i

260 769 377 840 pecunia
394 769 496 824 tutelae
514 765 615 822 iudicio
633 767 844 824 condemnatum
863 767 999 838 redditur,
1018 767 1121 822 inutilis
1139 767 1204 837 erit,
1223 766 1297 837 quod
1315 765 1488 824 adulescenti
1505 770 1659 822 curatores
1677 765 1713 821 ob

260 873 321 914 sam
340 858 448 928 culpam
466 855 640 911 condemnati
658 861 736 911 sunt:
759 856 852 926 itaque
870 857 894 911 si
912 871 967 912 non
985 856 1134 912 iudicatum
1153 872 1170 910 a
1187 854 1358 910 curatoribus
1376 853 1480 910 factum
1501 859 1561 925 est,
1581 871 1639 926 per
1656 854 1712 910 doli

261 946 451 1016 exceptionem
470 949 610 1000 curatores
628 945 759 1014 consequi
776 951 906 1014 poterunt
924 960 983 1000 eam
1003 945 1137 1000 actionem
1156 944 1289 1013 praestari
1307 942 1368 998 sibi.

204 1033 240 1092 21
314 1033 477 1090 irruituro
495 1034 582 1104 primo
601 1032 797 1088 definitionum.
829 1033 1029 1105 Oumpnpillus
1045 1035 1149 1090 tutelae
1164 1033 1272 1088 amicae
1290 1037 1385 1088 contra
1402 1037 1522 1088 tutorem
1543 1028 1753 1116 [ΒΕῖῇΡ

261 1124 376 1179 alterum
394 1123 487 1192 tutori,
505 1137 586 1193 quem
605 1122 689 1178 iudex
706 1122 734 1176 in
752 1122 869 1178 solidum
888 1124 1090 1192 condemnauit,
1109 1122 1201 1192 cessit,
1219 1122 1345 1191 quamuis
1362 1125 1460 1191 postea
1472 1121 1633 1178 iudicatum
1652 1121 1709 1192 fiat,
1729 1133 1754 1171 1⁰

260 1218 353 1268 nmen
370 1213 442 1268 actio
461 1211 526 1266 data
543 1226 598 1266 aon
615 1210 762 1280 intercidit,
780 1211 845 1280 quia
862 1227 912 1282 pro
929 1217 1008 1283 parte
1028 1211 1201 1268 condemnati
1219 1211 1331 1266 tutoris¹
1347 1225 1401 1265 uon
1414 1211 1502 1265 tutela
1514 1211 1640 1282 reddita,
1658 1211 1710 1267 sed

261 1302 378 1357 nominis
396 1301 513 1371 pretium
531 1300 650 1355 solutum
668 1299 786 1354 uidetur.

203 1389 242 1448 22
314 1390 434 1446 Paucos
451 1388 520 1444 libro
538 1389 620 1444 tertio
638 1388 745 1444 decimo
763 1389 964 1458 quaestionum.
995 1387 1130 1444 Defensor
1141 1388 1239 1444 tutoris
1252 1387 1449 1443 condemnatus
1466 1402 1523 1443 non
1543 1382 1753 1472 [ΜΕΝ

261 1476 370 1534 auferet
385 1478 559 1548 priuilegium
577 1478 685 1548 pupilli:
704 1477 883 1547 nequeenim
902 1482 1000 1548 sponte
1018 1493 1081 1532 oum
1099 1493 1133 1534 eo
1150 1477 1270 1548 pupillus
1286 1477 1431 1532 contraxit.
1462 1541 1466 1548 Ι
1729 1489 1755 1528 ri

203 1566 243 1625 23
313 1567 391 1622 lusu
408 1566 477 1623 libro
495 1581 568 1622 uouo
585 1581 786 1636 responsorum.
825 1567 967 1622 conuento
989 1565 1091 1624 herede
1114 1567 1212 1622 tutoris
1236 1565 1337 1621 iudicio
1355 1567 1458 1622 tutelae
1476 1581 1523 1620 cu·
1543 1560 1752 1650 [ᾗῇ-’ΞΡ

260 1661 378 1712 retorem
397 1655 520 1711 eiusdem
538 1669 627 1725 neque
645 1655 706 1724 ipso
723 1655 782 1710 iure
799 1654 943 1711 liberatum
963 1655 1050 1711 uideri
1068 1669 1157 1726 neque
1175 1655 1364 1725 exceptionem
1383 1653 1575 1710 reiiudicatae
1593 1657 1622 1711 ei
1641 1655 1710 1711 dan·

260 1745 339 1801 dam:
358 1744 485 1814 idemque
503 1745 532 1800 iu
549 1743 696 1800 heredibus
714 1744 924 1812 magistratuum
942 1744 1155 1800 obseruandum.

203 1834 243 1892 24
292 1835 391 1890 λ1111111
414 1833 484 1889 libro
507 1833 628 1889 secundo
651 1833 857 1888 senwntiarum.
893 1834 1024 1890 Postumo
1045 1839 1120 1889 tutor
1137 1833 1219 1888 datus
1236 1847 1291 1890 non
1309 1835 1374 1888 nato
1391 1836 1521 1901 postumo
1555 1843 1584 1889 Β.
1594 1845 1710 1900 aean
1727 1841 1752 1893 P

261 1937 350 1992 neque
368 1923 478 1993 tutelas,
497 1923 562 1992 quia
579 1923 670 1977 nullus
687 1921 807 1992 pupillus
824 1923 892 1992 est’,
917 1937 1007 1992 neque
1025 1913 1197 1992 negotiorum
1215 1925 1356 1992 gestorum
1374 1921 1474 1978 iudicio
1491 1909 1709 1993 teneffisrpii}

260 2011 466 2066 administrasse
484 2011 671 2082 negotiosius
689 2010 770 2081 quia⁸
787 2015 869 2066 natus
886 2025 941 2067 uon
959 2017 1034 2067 esset
1051 2027 1105 2068 nou
1122 2011 1245 2067 uidetur:
1269 2015 1298 2066 et
1319 2010 1381 2067 ideo
1406 2009 1479 2066 utilis
1497 2010 1526 2065 in
1545 2025 1614 2067 eum
1634 2013 1709 2068 actio
1727 2025 1753 2065 re

204 2113 209 2124 ·
260 2098 378 2155 dabitur.

202 2189 242 2249 25
313 2189 572 2244 Hsauocsurauus
594 2187 663 2244 libro
684 2189 779 2258 quinto
796 2189 863 2244 iuris
881 2187 1072 2258 epitomarum.
1108 2189 1170 2244 Non
1187 2188 1274 2244 solum
1293 2187 1395 2243 tutelae
1413 2187 1522 2258 priuile·
1542 2184 1751 2272 [ΒΜΓ

260 2277 336 2346 glum
355 2276 436 2331 datur
453 2277 481 2331 in
498 2275 578 2332 bonis
596 2277 703 2346 tutoris,
722 2276 772 2332 sed
790 2267 958 2346 etiam“eius,
977 2278 1024 2347 qui
1041 2293 1091 2348 pro
1109 2278 1213 2332 tutela⁴
1227 2276 1367 2346 negotium
1385 2277 1485 2346 gessit:
1504 2265 1709 2336 1101ἶῖὀῆ-

259 2366 334 2422 done
352 2365 446 2436 pupilli
463 2366 617 2436 pupillaeue
636 2364 731 2421 furiosi
749 2364 903 2422 ludosaeue
921 2364 1090 2436 debebitur⁵‚
1109 2366 1133 2422 si
1151 2381 1185 2422 eo
1204 2366 1312 2422 nomine
1331 2371 1442 2422 cautum
1460 2381 1516 2422 non
1534 2367 1580 2422 sit

1007 2585 1015 2603 ,
1727 2544 1754 2584 ‚r

355 2655 393 2732 u
432 2653 495 2731 ua
524 2651 798 2731 ocurslsu
825 2520 1047 2731 TU,E¹{¹,¹,E
1074 2653 1137 2731 ui
1165 2653 1291 2730 uini
1317 2653 1525 2731 acriora
1567 2656 1609 2733 ss
1725 2669 1770 2725 aa

224 2805 240 2861 1
313 2809 464 2866 linerauus
491 2809 559 2866 libro
583 2810 726 2879 trigesimo
750 2816 829 2866 sexto
853 2810 890 2866 ad
913 2810 1041 2867 edictum.
1079 2810 1249 2867 &naariam
1273 2813 1375 2866 tutelae
1400 2812 1535 2866 actionem
1559 2808 1745 2894 [festis

259 2904 369 2970 praetor
391 2900 534 2970 proposuit
556 2899 717 2970 induxitque
737 2899 766 2954 iu
784 2913 877 2970 usum,
902 2905 934 2955 ut
951 2898 1058 2956 facilius
1076 2905 1180 2955 tutores
1198 2899 1234 2955 ad
1253 2899 1515 2956 administrationem
1535 2889 1707 2959 accedere]

259 2990 379 3044 scientes
396 2989 528 3058 pupillum
546 3003 654 3059 quoque
672 2988 724 3043 sibi
742 2987 892 3058 obligatum
911 2987 970 3044 iore
988 3004 1023 3044 ex
1040 3005 1092 3044 sua
1103 2989 1347 3045 administratione.
1374 3005 1540 3060 quamquam
1553 2992 1631 3047 enim
1644 2994 1706 3048 sine

259 3079 357 3134 tutoris
380 3078 543 3132 auctoritate
566 3077 661 3147 pupilli
685 3093 740 3133 non
758 3077 914 3147 obligentur
931 3093 982 3132 nec
999 3079 1028 3132 in
1046 3093 1103 3134 rem
1122 3094 1200 3134 suam
1218 3083 1292 3134 tutor
1310 3078 1431 3148 obligare
1448 3079 1582 3148 pupillum
1602 3083 1704 3152 possit,
1724 3093 1751 3134 te

259 3171 382 3222 attamen
402 3169 543 3236 receptum
562 3169 618 3235 est,
642 3169 674 3221 ut
690 3166 774 3220 tutori
792 3182 842 3222 suo
861 3168 981 3237 pupillus
999 3159 1057 3222 sine
1075 3167 1174 3222 tuteris
1192 3167 1356 3223 auctoritate
1374 3165 1490 3242 ciuiliter
1507 3168 1650 3238 obligetur
1668 3187 1704 3226 er

259 3255 494 3312 administratione
512 3255 625 3310 scilicet.
652 3254 753 3310 etenim
770 3255 940 3326 prouocandi
956 3253 1066 3310 luerent
1082 3260 1196 3326 tutores,
1215 3262 1246 3311 ut
1258 3257 1410 3326 promptius
1422 3257 1457 3312 de
1469 3271 1520 3312 suc
1532 3258 1640 3327 aliquid
1652 3275 1704 3329 pro

226 3347 240 3392 1
259 3345 368 3414 pupillis
385 3343 553 3414 impendant,
572 3343 638 3398 dum
657 3343 748 3399 sciunt
765 3359 795 3398 se
813 3350 972 3414 recepturos
989 3344 1018 3398 id
1036 3343 1110 3413 quod
1128 3344 1318 3414 impenderint
1351 3345 1426 3400 Haec
1444 3346 1516 3400 actio
1535 3361 1591 3401 uon
1611 3349 1703 3404 solum

226 3436 241 3480 2
259 3433 351 3502 tutori,
371 3447 467 3487 uerum
486 3433 569 3488 stiam
587 3431 621 3501 ei,
640 3432 687 3502 qui
704 3447 755 3502 pro
773 3438 864 3489 tutore
882 3433 993 3502 negotia
1010 3433 1105 3503 gessit,
1124 3438 1279 3504 competere
1297 3432 1389 3489 debet.
1425 3432 1481 3488 Sed
1499 3437 1528 3489 et
1546 3435 1570 3489 si
1588 3442 1704 3492 curator

259 3521 296 3576 sit
318 3521 363 3576 uel
380 3521 476 3592 pupilli
494 3521 538 3576 uel
557 3520 741 3576 adulescentis
759 3521 804 3576 uel
822 3519 917 3578 furiosi
935 3523 979 3577 uel
996 3521 1117 3592 prodigi,
1142 3521 1288 3578 dicendum
1307 3527 1350 3578 est
1367 3523 1449 3577 etiam
1467 3521 1510 3577 his
1529 3525 1701 3580 contrarium
1721 3537 1748 3578 aa

258 3609 389 3664 mudum.
419 3609 491 3664 idem
510 3609 538 3664 in
556 3613 682 3665 curatore
699 3624 808 3680 quoque
826 3611 930 3666 uenuls
948 3609 1118 3680 probandum
1137 3616 1187 3666 est
1215 3625 1285 3680 quac
1304 3611 1441 3668 sententia
1457 3609 1552 3666 Sabini
1570 3610 1626 3668 luit
1644 3615 1702 3669 exi-

225 3704 240 3749 t
258 3698 396 3753 stimantis
414 3698 512 3754 ceteris
530 3712 639 3768 quoque
657 3697 830 3754 curatoribus
848 3715 883 3755 ex
900 3699 988 3754 isdem
1006 3699 1097 3754 causis
1116 3699 1236 3755 dandum
1255 3701 1419 3755 wntrarium
1438 3699 1578 3756 iudicium.
1606 3702 1703 3758 linito

258 3791 351 3842 autem
369 3783 460 3842 cilicio
477 3785 548 3842 hanc
566 3786 702 3841 actionem
723 3787 732 3858 il
751 3793 907 3858 competere
926 3788 1049 3844 dicemus
1066 3789 1163 3846 tutori:
1182 3792 1303 3845 ceterum
1322 3788 1452 3861 quamdiu
1467 3788 1556 3860 durat,
1573 3791 1700 3846 noudum
1719 3789 1790 3846 tait

258 3883 285 3936 F
289 3885 304 3952 (
306 3883 380 3948 WD,
398 3893 443 3956 qui
459 3887 545 3956 deficit
561 3905 586 3938 a.
598 3884 634 3938 32
652 3892 679 3938 ia
695 3885 806 3956 aliquid,
827 3885 934 3955 Quid)

260 4026 268 4059 ¹
288 4025 463 4080 condemnati
480 4025 588 4096 tutoris]
608 4027 779 4082 coututoris?
849 4029 861 4063 ¹
879 4043 967 4098 neque
986 4044 1035 4098 pro
1053 4034 1158 4098 tutore,
1182 4029 1248 4097 quia
1265 4030 1339 4084 nulla
1356 4026 1519 4099 significatio
1537 4034 1582 4084 est
1600 4039 1651 4085 ine.
1664 4033 1703 4085 Ρ

258 4115 314 4150 eum
334 4097 472 4168 Anonymo
491 4099 620 4169 Byzantio
643 4102 710 4154 mats
732 4099 767 4166 (u.
782 4101 810 4165 i.)
880 4101 957 4170 'qui
974 4103 1010 4169 (a.
1026 4101 1074 4166 ti?
1145 4101 1228 4190 ⁴'pro
1252 4105 1344 4156 tutore
1368 4100 1465 4166 (aridii
1535 4101 1702 4157 ‘debituri
1745 4107 1751 4122 ⁸

259 4227 438 4282 lmaterium
457 4229 496 4281 Ρ
554 4229 691 4284 ddebeat
773 4231 791 4285 4
809 4229 949 4286 subueniri
1002 4231 1090 4287 tuentii
1103 4233 1244 4296 coinitaoc
1262 4233 1379 4296 citano?
1394 4233 1499 4295 ineerta
1513 4234 1551 4288 aei
1570 4231 1637 4296 οῩΔὲ
1655 4256 1700 4290 ae·

258 4317 307 4353 oen.
319 4299 364 4364 F1,
379 4298 528 4354 debeat
541 4299 681 4356 subueniri
692 4301 721 4356 in
732 4307 865 4372 quantum
879 4307 948 4367 (aer-
1003 4304 1073 4370 scria
1085 4304 1198 4372 Διῴκκοε
1211 4305 1259 4366 roi
1272 4305 1338 4359 uuu'e
1352 4305 1499 4376 repeteret„
1517 4313 1576 4358 aaut
1594 4309 1700 4376 quidese

258 4369 298 4423 bie
321 4370 500 4439 inquantum
522 4389 582 4424 moe
598 4391 689 4428 rursus
707 4373 804 4439 deletis)
823 4374 882 4427 add.
897 4374 948 4428 F2:
1001 4379 1098 4430 similia
1116 4377 1187 4446 apud
1200 4375 1362 4448 Anonymam
1380 4376 1486 4446 οῩτετῇ
1506 4374 1639 4430 κΑτὶτῶκ
1660 4378 1700 4432 ὡς

258 4439 275 4494 ὁ
293 4439 338 4511 rip
356 4443 456 4504 sraaior
473 4441 594 4506 loricato
612 4443 730 4505 tolieret
752 4443 794 4498 tid
812 4443 860 4498 ric
878 4443 948 4506 cirr-
1002 4445 1148 4516 'euirpdrrtoa
1161 4444 1255 4512 tropei,
1268 4449 1314 4502 aed
1324 4449 1396 4518 apud
1407 4467 1461 4502 eum
1473 4451 1616 4518 pretatelce
1629 4457 1700 4505 actio

257 4511 315 4566 iias
332 4508 435 4576 &perric
455 4513 601 4568 Boudeictiai
625 4515 674 4568 RS
692 4514 758 4586 (ui.)
812 4514 948 4570 iiudica·
1002 4524 1103 4572 tertium
1121 4519 1202 4572 locum
1218 4499 1312 4572 obtinet
1347 4521 1700 4588 osttutelceetneyottorma

257 4581 326 4652 tum]
349 4582 562 4650 F’WDQEIG,
589 4585 719 4640 iudicium
743 4587 780 4640 ΡΙ
842 4587 874 4640 ll
899 4601 949 4656 pro
999 4595 1137 4660 pectorum.
1154 4595 1268 4658 putarim
1280 4537 1359 4643 aergo
1377 4589 1537 4660 dorcineplc
1555 4607 1600 4644 esec
1613 4592 1699 4646 Paule

256 4659 336 4722 parte
347 4654 522 4709 condemnati
534 4655 643 4780 letorii]
658 4656 696 4711 sic
709 4655 783 4720 liures
795 4656 844 4718 τοῨ
855 4657 949 4728 χρέογο
1002 4659 1082 4730 dique
1106 4659 1305 4735 additamentum
1334 4678 1387 4714 eree
1410 4660 1536 4730 Byzantii
1562 4663 1700 4718 cuiusdam

257 4723 385 4796 lisura)
428 4727 463 4780 14
480 4723 600 4781 suismet
683 4729 717 4782 19
735 4743 824 4798 neque
842 4743 892 4798 pro
907 4735 948 4784 tu·
1000 4735 1106 4799 petitam
1118 4749 1148 4782 ea
1160 4729 1518 4801 euanesceretque
1530 4737 1584 4785 iam
1602 4751 1620 4785 a
1640 4752 1700 4789 eor·

256 4797 316 4848 tore
333 4797 399 4864 quia
416 4796 491 4850 nulla
508 4795 672 4866 significatio
690 4802 734 4854 est
754 4807 814 4870 poet
830 4800 949 4869 pupillus
1001 4808 1099 4853 rectore
1127 4801 1188 4854 iibri
1216 4802 1357 4854 Harmiai
1386 4819 1463 4872 quem
1492 4803 1526 4856 at
1560 4803 1701 4876 Aaonym

256 4868 301 4919 est
318 4867 378 4920 adii.
391 4867 430 4918 F’
442 4875 466 4921 ei
483 4869 544 4922 iibri
554 4871 602 4923 reii
620 4877 661 4923 ai:
680 4873 798 4925 utimur
809 4890 840 4924 aa
852 4874 949 4936 asciare
1002 4870 1038 4924 20
1055 4870 1130 4940 quia]
1143 4869 1294 4938 FWDQE,
1312 4871 1360 4940 qui
1371 4871 1413 4928 10
1458 4873 1493 4928 37
1513 4875 1613 4930 ceteris
1632 4891 1701 4946 quo·

256 4935 289 4990 ab
302 4943 509 5010 interpretatione
520 4889 658 5006 Derctqtrei,
670 4941 736 4996 uude
747 4947 860 4996 citantur
871 4941 948 4997 baec:
1002 4955 1056 5010 quc
1074 4943 1134 4997 add.
1149 4941 1186 4995 Ε*
