3608 5302
772 159 917 228 LXXVII

130 330 233 388 faohnt
255 333 343 389 eines
361 334 492 405 reliquiae
509 339 635 392 seruatae
659 336 687 392 iu
704 335 795 406 legum
813 335 904 392 iudioe
921 339 986 392 noto
1004 334 1057 392 sub
1074 336 1183 392 nomiue
1200 335 1318 406 Tipuoiti
1339 335 1372 404 (ri
1392 334 1442 398 noi
1460 335 1559 406 seirat),

127 437 195 494 alibi
211 439 294 510 plane
312 438 456 511 definiant,
480 441 640 512 saepissimo
662 457 728 499 uero
752 441 861 506 soboIIIs
884 442 1003 513 antiquis
1026 441 1206 498 destituamur
1224 455 1312 514 nequa
1329 441 1409 513 eopia
1426 440 1505 498 nohis
1523 441 1560 497 sit

117 545 183 602 nisi
205 547 342 604 uersionis
359 547 500 620 Anonymi
521 548 696 620 imperfectae
718 554 748 605 et
770 563 853 621 saepo
875 547 993 620 lullsois,
1017 550 1045 605 iu
1068 564 1169 620 magna
1190 553 1269 620 parto
1294 549 1355 606 uiae
1381 565 1435 606 non
1458 547 1559 620 hrenis,

113 668 213 724 quem
230 655 424 727 percurrimus,
441 654 670 728 progredIendum
688 655 740 712 fult
752 657 810 713 siue
823 656 939 713 ducibus
957 655 1008 726 his,
1025 671 1140 728 quorum
1153 671 1317 727 quamquam
1330 653 1463 712 tallaoism
1476 670 1559 726 saepe

106 761 237 832 experti
260 777 385 834 mamus,
407 767 500 818 nmen
521 761 571 820 uhi
587 761 749 835 defluerent,
771 764 868 834 ingens
886 763 1050 820 desiderium
1073 779 1123 820 nos
1145 763 1230 833 oepit:
1252 777 1303 819 neu
1321 762 1432 820 dubium
1451 769 1494 818 est
1511 777 1559 818 eas

105 867 300 938 digestorum
318 874 426 940 partes,
449 885 518 942 quas
535 869 571 926 ad
589 868 709 928 Grasoas
732 871 873 928 uorsiouos
896 871 1006 943 exigere
1027 870 1180 942 potuimus,
1204 869 1284 927 hodie
1307 870 1361 942 legi
1383 869 1493 942 reliquie
1511 869 1558 926 ali·

102 981 263 1046 quantum
281 976 489 1034 emendatiores.

184 1189 248 1246 Diri
261 1189 296 1246 de
311 1189 449 1262 subsidiis,
467 1188 567 1261 quibus
584 1191 732 1248 instruetur
751 1190 822 1248 hano
839 1189 1007 1262 digestorum
1025 1190 1237 1262 rooognitiouem
1249 1187 1359 1262 period,
1372 1191 1558 1262 enarrauique,
1578 1197 1698 1274 urthqgrs-

101 1295 198 1366 qnid
215 1302 329 1354 seoutm
347 1297 398 1354 sim
415 1297 444 1353 in
462 1302 596 1370 apparatu
613 1297 766 1370 oolligeudo
784 1302 813 1354 et
830 1297 988 1369 digerendo.
1019 1301 1113 1369 restat,
1130 1303 1162 1354 ut
1179 1298 1275 1370 pauois
1293 1312 1427 1370 exponam
1446 1298 1481 1354 de
1498 1313 1559 1368 par·
1612 1262 1666 1320 ⁹¹¹¹*

104 1401 205 1459 tubus
222 1404 265 1475 iis,
283 1419 356 1475 quae
373 1419 424 1462 suo
441 1403 552 1462 arbitrio
570 1405 658 1476 magis
676 1421 758 1477 quam
777 1404 813 1462 ad
830 1410 991 1477 apparatum
1003 1405 1101 1462 editori
1113 1404 1272 1462 adornanda
1283 1408 1355 1462 sunt.
1383 1404 1456 1462 etde
1469 1403 1558 1462 ortho-

109 1509 246 1582 graphia
267 1511 378 1582 qnidam
396 1527 486 1583 pauoa
502 1510 649 1568 sufficient.
676 1512 704 1568 in
723 1528 831 1568 summa
848 1527 877 1568 re
895 1512 994 1568 retinui
1011 1511 1114 1568 oodiois
1131 1511 1294 1584 FlorentIni,
1317 1517 1349 1568 ut
1365 1510 1412 1568 uhi
1430 1512 1455 1568 is
1472 1511 1558 1582 dupli-

111 1631 191 1673 «ιιι
212 1619 359 1688 leotionem
382 1619 492 1676 offerret
512 1619 630 1691 priorem
654 1624 683 1676 et
705 1619 896 1690 posteriorem,
919 1619 947 1675 iu
971 1617 1186 1690 orthographicis
1209 1619 1278 1675 haee
1298 1617 1362 1675 mlhi
1378 1618 1468 1689 potior
1484 1622 1559 1674 esset

115 1728 226 1795 utpote
246 1723 372 1796 prolaeta
391 1724 426 1782 ah
443 1724 598 1784 hominihus
616 1724 783 1783 dootiorihus
801 1730 830 1783 et
846 1727 875 1783 in
892 1727 1049 1783 uniuersum
1066 1727 1177 1798 propior
1194 1742 1212 1782 ι
1229 1741 1303 1783 uera.
1336 1723 1557 1796 aequabilitatem

117 1829 164 1886 in
179 1831 394 1904 orthographiois
410 1849 465 1890 non
483 1849 544 1890 sum
562 1838 682 1905 secutus,
700 1833 750 1889 sed
769 1833 905 1905 anoipitia,
923 1839 955 1890 ut
972 1838 1037 1890 sunt
1054 1841 1140 1891 estere
1151 1836 1181 1890 et
1192 1840 1298 1901 ιιιιιιι,
1316 1834 1453 1906 saporare
1468 1839 1497 1890 et
1509 1843 1556 1889 tm·

118 1939 251 2008 palme,
275 1945 436 2012 optineret
453 1941 576 2006 oblinere,
598 1947 636 1997 ιιι
653 1945 682 1996 et
698 1941 745 1996 sed
761 1941 867 2012 aliaque
886 1942 1039 2013 oomplura,
1063 1945 1094 1997 ut
1111 1940 1212 1998 hadita
1229 1940 1399 2012 aooepimus,
1417 1939 1456 1996 ita
1473 1939 1556 1998 edidi.

128 2043 181 2100 sal
197 2049 290 2102 umen
308 2061 380 2117 quae
398 2047 426 2102 iu
443 2047 599 2104 Florentino
618 2046 789 2104 iuuenieham
807 2049 888 2120 plane
905 2046 1099 2118 intolerabilia,
1117 2047 1145 2104 in
1163 2047 1313 2118 marginem
1331 2047 1430 2119 amoni,
1448 2053 1480 2104 ut
1496 2063 1557 2119 per·

131 2157 240 2222 petuam
256 2153 408 2210 liiterarum
427 2155 441 2210 t
460 2160 489 2212 ot
506 2175 530 2222 o,
548 2170 604 2212 non
621 2171 710 2212 raram
728 2155 831 2212 uuoalis
849 2177 862 2212 s
880 2171 942 2212 uum
961 2153 1129 2226 diphthongo
1147 2174 1178 2210 ue
1196 2152 1380 2211 ooniusiouem
1399 2154 1507 2226 aliaqua
1524 2171 1558 2211 ea

139 2263 220 2316 rotate
238 2259 323 2331 uulgo
343 2265 454 2333 reoepte
476 2267 571 2333 aperta
587 2260 713 2320 barbara.
745 2262 818 2319 unde
835 2267 928 2318 tamen
945 2277 980 2319 ne
998 2262 1111 2333 oolligas
1128 2277 1163 2318 aa
1180 2276 1251 2332 quae
1271 2261 1367 2334 reliqui
1384 2262 1475 2318 omnia
1492 2261 1557 2318 mrhi

139 2364 246 2437 probari,
264 2367 312 2438 qui
330 2383 385 2424 nou
401 2368 524 2439 ignorem
541 2383 597 2426 non
614 2385 704 2441 pauoa
721 2370 804 2426 etiem
822 2367 975 2426 reliotorum
984 2412 991 2442 ,
1010 2374 1042 2426 ut
1059 2372 1124 2425 sunt
1139 2377 1308 2442 promissore,
1327 2371 1477 2436 ιιιιιιιιιιιιι,
1495 2390 1556 2442 anp-

136 2475 215 2544 paller,
230 2493 389 2546 ιιφρηηιιιι,
397 2479 425 2549 f
435 2491 485 2548 pro
500 2477 538 2548 pi
555 2477 583 2532 ln
602 2475 723 2548 Graecis,
741 2477 815 2534 nullo
832 2477 983 2550 patrooiuio
1001 2473 1111 2532 delendi
1127 2491 1222 2547 posse:
1244 2475 1293 2532 sod
1311 2490 1347 2532 ne
1364 2475 1478 2532 ulterius
1495 2491 1556 2548 pro·

138 2579 253 2637 ruderum
272 2581 301 2636 ln
318 2596 386 2637 uera
403 2581 595 2654 orthographia
612 2584 777 2655 reuooanda,
795 2583 897 2640 tautum
916 2588 959 2640 est
975 2588 1087 2655 propter
1104 2583 1173 2639 duae
1191 2598 1298 2639 mosas.
1324 2583 1442 2653 primum
1458 2597 1557 2654 eorpus

137 2686 194 2743 iuris
211 2687 320 2744 edimus
342 2693 422 2745 sexto
440 2694 504 2761 post
520 2689 657 2748 Christum
680 2691 789 2748 saeoqu
809 2690 1043 2762 Constantinopoli
1061 2689 1252 2762 oousoriptum,
1271 2690 1349 2747 ouius
1366 2691 1556 2762 compilatores

137 2792 247 2850 dnhiIari
264 2809 320 2852 non
336 2796 426 2866 possit
442 2797 470 2853 in
488 2797 704 2869 orthographicis
722 2813 806 2869 saepe
824 2797 966 2854 aberrasse
984 2813 1002 2853 a
1019 2812 1084 2854 uero
1102 2796 1184 2855 modo
1201 2797 1356 2868 ignorantia
1374 2797 1455 2855 modo
1470 2812 1557 2870 praua

136 2899 252 2957 doehIna
268 2901 447 2960 soholastiaa:
465 2909 496 2961 ιι
512 2905 584 2961 ultra
601 2905 740 2986 auctorem
765 2919 862 2976 sapere
885 2904 1016 2962 editorem
1038 2919 1092 2961 non
1110 2908 1226 2976 oportet.
1262 2903 1362 2960 deinde
1385 2903 1556 2975 aliquatenus

136 3008 211 3065 eliam
227 3023 342 3080 paruere
360 3010 434 3068 uolui
451 3011 559 3068 lootoris
577 3013 725 3084 pationtiae
742 3027 831 3084 neque
843 3011 869 3068 ei
881 3009 1020 3068 fastidium
1033 3025 1145 3069 mouere
1156 3010 1300 3068 oumulatIs
1312 3011 1341 3066 iu
1352 3011 1429 3068 uera
1439 3011 1556 3070 leutions

136 3118 171 3170 tot
192 3113 431 3174 obseruatiom‘bus
453 3118 565 3175 minutis
587 3119 622 3176 de
645 3118 850 3191 orthographia,
875 3133 944 3189 quas
966 3135 1029 3175 oum
1053 3117 1222 3190 supprimere
1245 3133 1299 3174 nou
1321 3118 1415 3175 literet
1437 3117 1465 3175 iu
1484 3124 1555 3177 teste

136 3225 221 3279 uotae
239 3228 269 3280 et
285 3201 457 3281 austeritatis
479 3230 508 3282 et
530 3226 669 3298 utilitatis,
692 3231 784 3284 tamen
806 3241 888 3297 quam
909 3225 1107 3297 simplioissime
1124 3239 1275 3296 proponere
1297 3225 1408 3296 plaouit.
1444 3231 1557 3299 proptor

136 3328 241 3386 similem
265 3346 378 3387 musam
400 3332 429 3388 ln
451 3331 635 3390 numeralibus
657 3347 728 3404 quse
750 3353 767 3388 ι
787 3333 906 3390 litteram
929 3337 1024 3388 antes
1046 3332 1127 3390 modo
1146 3331 1302 3390 adsoisouut
1319 3332 1400 3389 modo
1418 3333 1555 3407 omittunt,

137 3436 334 3495 emendatorum
353 3439 518 3495 mutationes
536 3455 571 3496 ex
585 3440 662 3496 uaria
679 3440 795 3496 leotione
813 3440 841 3495 iu
859 3454 921 3496 oum
940 3439 1029 3496 looum
1047 3439 1138 3496 amussi
1155 3442 1249 3511 (supra
1265 3456 1293 3511 p.
1307 3439 1426 3511 XXIII),
1444 3439 1492 3497 ubi
1509 3455 1554 3498 ue·

137 3543 193 3599 nini
210 3545 343 3602 molestae
361 3549 448 3602 emnt
476 3562 607 3618 quasnam
626 3552 718 3604 sutem
735 3548 811 3618 leges
829 3547 857 3603 in
868 3545 1063 3618 orthographia
1073 3545 1222 3604 Florentiui
1233 3545 1293 3602 lIhri
1306 3547 1452 3618 seriptores
1464 3563 1554 3605 emen·

138 3647 292 3722 daturusque
314 3653 402 3708 ssouti
425 3658 491 3710 sunt
509 3669 613 3728 quasue
631 3652 804 3726 iutrogoriut,
828 3653 863 3710 de
881 3668 914 3710 eo
933 3658 981 3710 aut
996 3651 1149 3711 taoebimus
1166 3658 1215 3710 sut
1232 3651 1432 3726 disputabimus
1448 3654 1509 3712 looo
1526 3657 1556 3712 ot

137 3759 250 3830 tempore
267 3759 468 3830 opportuniore.

182 3864 251 3922 (lum
272 3866 376 3923 nullum
396 3867 510 3924 haduae
532 3859 701 3924 litteraturae
721 3883 790 3938 opus
812 3867 852 3922 ita
873 3866 996 3938 iudigeat
1018 3871 1095 3924 reeta
1115 3871 1145 3924 et
1166 3865 1309 3924 eommoda
1329 3867 1725 3948 iuterpunotioue,1ntsrpmrtio

136 3973 162 4026 ut
185 3972 311 4044 iudlgent
337 3988 371 4030 ea
397 3973 506 4046 digesta
531 3973 655 4046 proieota
681 3973 717 4030 ah
745 3971 902 4030 auctoribus
936 3972 1018 4030 rebus
1048 3973 1136 4044 magis
1162 3973 1274 4031 Intentis
1301 3989 1383 4046 quam
1410 3975 1554 4033 uerborum

136 4083 282 4136 moturae
300 4084 456 4152 ιιιιιιιιιι,
480 4081 575 4138 uuraui
594 4085 725 4153 quantum
743 4081 820 4152 potui
838 4085 869 4136 ut
886 4080 987 4138 tradita
1005 4080 1195 4138 emendaretur
1217 4082 1402 4154 ultaroturque
1426 4084 1554 4155 seopulus

135 4189 250 4257 uterque,
268 4191 326 4243 tam
343 4203 414 4258 quas
432 4189 461 4244 in
478 4188 592 4259 digestis
610 4187 699 4244 adhue
716 4186 834 4245 obtinuit
851 4186 973 4259 prolusio
990 4187 1248 4266 iuoisionum,quss
1267 4188 1331 4245 dum
1350 4190 1475 4260 oopulsm
1492 4206 1553 4262 par·

135 4289 292 4364 ioulsmque
311 4295 411 4351 nullam
430 4295 540 4352 missam
559 4293 625 4352 iaoit
642 4295 702 4352 siue
719 4295 827 4366 ulrgula
845 4295 957 4366 oomite,
981 4295 1144 4352 sententium
1163 4311 1218 4353 non
1236 4296 1368 4369 ooueotit,
1385 4295 1435 4352 sed
1453 4295 1553 4354 disoor·

135 4397 181 4470 pit,
203 4415 287 4471 quam
308 4401 423 4471 penuria
445 4403 504 4474 illa,
528 4417 599 4475 quae
622 4407 714 4459 nostro
737 4406 861 4474 tempore
878 4408 989 4478 regnat,
1014 4417 1068 4474 qno
1087 4408 1189 4475 quanto
1207 4403 1294 4460 rarius
1316 4403 1345 4459 iu
1369 4403 1491 4461 oratione
1513 4405 1553 4461 ln·

135 4503 232 4580 ddunt,
253 4513 333 4565 tanto
355 4509 445 4581 magis
467 4509 597 4582 philologi
620 4508 673 4567 sibi
696 4525 757 4568 esse
779 4509 915 4568 uidentur.
948 4509 1111 4583 quibusdam
1128 4511 1196 4569 loeis
1213 4525 1294 4583 opem
1311 4509 1382 4568 tarro
1399 4511 1477 4583 potul
1494 4511 1554 4568 sola

134 4751 182 4811 huis
202 4760 225 4823 l,
243 4757 262 4810 2
281 4767 364 4812 totum
381 4757 435 4812 iere
452 4759 601 4828 (Heimbaoh
619 4759 729 4829 6‚128),
746 4777 864 4829 mgnum
881 4769 979 4830 purtem
996 4761 1061 4816 tituli
1079 4763 1111 4816 de
1129 4761 1178 4816 ritu
1196 4761 1400 4830 reputaremus,
1417 4759 1435 4813 2
1453 4759 1551 4829 (Helm-

134 4841 186 4902 baoh
203 4849 228 4914 d,
247 4849 309 4917 53),
332 4847 454 4917 pleraque
471 4868 536 4917 quae
552 4849 680 4919 pertinent
698 4851 732 4902 ud
749 4851 911 4914 deouriones,
929 4851 1045 4918 quoniam
1062 4852 1117 4920 ipse
1134 4851 1186 4904 heo
1204 4851 1305 4906 nouallr
1321 4851 1357 4904 46
1374 4851 1455 4904 aurias
1473 4851 1551 4904 dseu-

133 4933 252 5008 u'ouesqne
272 4937 390 4992 aboleuit
407 4937 555 5004 (Heimhaoh
573 4940 599 5004 6,
620 4939 688 5007 126),
706 4940 805 5008 ullaque
823 4941 859 5009 (u.
877 4941 912 4995 ihi
931 4942 956 5008 6,
971 4941 1029 4998 126.
1044 4941 1102 4998 128.
1119 4941 1153 4999 oi.
1167 4941 1239 5016 112).
