3516 5340
205 203 286 271 Vll
313 204 474 270 78-27
887 195 973 275 212
1369 219 1417 266 na
1440 217 1639 266 reaumaus
1753 210 1754 218 ¹

205 357 325 415 nondum
348 362 439 413 auum
462 357 556 412 uinum
579 357 669 412 oleum
691 355 727 411 ab
750 355 841 426 aliquo
862 352 966 410 iactum
992 356 1041 412 sit:
1067 355 1160 412 statim
1184 355 1257 412 enim
1279 356 1339 427 ipse
1361 354 1506 426 accepisse
1530 352 1639 411 trnemn

205 445 404 503 existimandus
422 449 473 500 est.

149 535 187 594 79
257 536 335 590 lesu
351 533 420 589 libro
438 537 517 588 sexto
534 531 666 603 pithanon
686 545 703 586 a
719 531 806 587 Paulo
828 531 1048 601 epitomatorem.
1084 531 1114 588 Si
1136 531 1272 588 bominem
1291 548 1308 587 a
1329 547 1375 587 me
1402 547 1450 602 pe-
1472 526 1670 614 [ΜΛ

205 623 280 679 tieris
299 628 327 677 et
344 623 368 677 is
385 627 450 692 poet
465 622 540 676 1111111
559 623 740 676 contestatam
759 625 882 676 mortuus
900 621 950 691 sit,
974 618 1079 676 fructus
1096 621 1188 690 quoad
1207 622 1232 676 is
1249 621 1350 676 uixerit
1367 619 1511 676 aestimari
1529 623 1636 688 oportet

205 712 333 767 Pauuus.
356 710 399 765 lta
415 709 445 764 id
461 724 557 764 uerum
576 723 638 763 esse
650 712 726 778 puto,
744 708 768 763 si
783 723 838 763 non
849 708 923 779 prius
936 709 959 764 is
971 707 1052 764 bomo
1064 709 1093 763 in
1105 723 1166 764 mm
1179 709 1362 764 ualetudinem
1378 707 1516 775 inciderit,
1535 710 1660 776 propters

206 815 288 870 qnam
306 813 405 869 operae
423 797 482 852 eius
500 796 609 851 inutiles
626 793 716 851 iactae
734 801 811 851 sunt:
829 813 893 852 nam
911 811 946 853 ne
964 796 988 853 si
1005 797 1122 854 uixisset
1138 796 1248 868 quidem
1262 797 1291 852 in
1308 811 1343 852 sa
1353 795 1523 866 ualetudine,
1542 792 1636 849 metus

79 903 89 922 ·
207 887 266 942 eius
283 886 414 956 temporis
431 885 541 940 nomine
559 885 698 940 aestimari
716 885 882 941 conueniret

149 973 189 1033 80
259 974 371 1030 tonnus
391 973 568 1029 musteus
590 971 659 1027 libro
681 973 770 1043 primo
793 971 828 1028 ad
852 972 980 1029 edictum.
1019 973 1051 1028 In
1074 987 1132 1028 rem
1156 974 1290 1029 actionem
1314 973 1373 1043 pati
1396 987 1452 1028 aon
1473 965 1668 1055 ΜΔ

207 1063 400 1132 compellimur,
419 1062 565 1132 quislibet
582 1061 662 1116 alicui
681 1060 771 1116 dicere
789 1075 819 1116 se
837 1076 892 1116 non
908 1061 1058 1132 possidere,
1076 1062 1116 1116 ita
1133 1067 1173 1131 ut,
1191 1063 1216 1117 st
1233 1061 1322 1132 possit
1339 1060 1518 1116 aduermrius
1537 1059 1637 1114 conuin-

207 1165 269 1206 cere
286 1165 343 1205 rem
362 1149 397 1204 ab
416 1149 573 1204 aduersario
590 1148 738 1220 possideri,
760 1147 908 1205 transferet
931 1149 967 1205 ad
990 1165 1020 1206 se
1037 1149 1240 1220 possessionem
1257 1165 1308 1218 per
1324 1148 1459 1219 iudicem,
1488 1148 1554 1202 licet
1570 1162 1637 1202 suam
1651 1163 1672 1204 ro

207 1254 269 1296 esse
287 1254 343 1294 nou
360 1236 562 1309 adprobauerit

1651 1403 1702 1453 tili
1752 1431 1754 1436 ·

444 1524 483 1601 e
521 1522 586 1600 uu
613 1391 971 1602 Pueuiemunssut
997 1523 1097 1612 Ruri
1123 1521 1331 1602 serioue
1370 1523 1409 1600 11
1651 1543 1697 1598 ns
1753 1501 1754 1506 '

174 1680 188 1734 1
261 1677 411 1735 nmmos
429 1675 498 1733 libro
516 1683 594 1734 sexto
612 1677 719 1735 decimo
737 1679 773 1735 ad
791 1679 919 1735 edictum
947 1677 996 1734 Ait
1012 1683 1135 1749 praetor:
1154 1677 1191 1734 'Si
1210 1678 1272 1748 quis
1289 1677 1318 1732 id
1341 1677 1416 1746 quod
1433 1681 1489 1731 tra·
1509 1669 1672 1758 fflll

177 1778 188 1822 1
209 1765 303 1822 'ditur¹
323 1781 358 1820 ex
375 1765 448 1821 iusta
466 1781 551 1822 causa
569 1781 623 1822 non
642 1781 660 1822 a
677 1767 787 1823 domino
806 1772 835 1823 et
852 1765 972 1823 nondum
990 1772 1153 1836 usucaptum
1171 1771 1261 1837 petet,
1279 1765 1411 1820 iudicium
1429 1761 1522 1820 dabo.¹
1552 1763 1638 1818 ilerlto
1653 1777 1673 1817 re

208 1858 318 1924 praetor
340 1854 379 1908 ait
397 1853 524 1909 'nondum
547 1854 733 1924 usucaptum':
756 1872 819 1911 nam
843 1856 867 1911 sl
884 1859 1048 1924 usucaptum
1067 1860 1123 1926 est,
1147 1853 1231 1909 habet
1248 1854 1357 1910 ciuilem
1375 1853 1514 1909 actionem
1532 1868 1583 1908 nec
1599 1852 1637 1907 de

176 1953 191 1998 1
208 1942 312 1999 siderat
332 1942 529 2014 honorariam„
550 1941 605 1998 Sed
628 1959 677 1998 cur
701 1943 872 2000 traditionis¹
889 1933 1034 1999 dumtaxat
1055 1947 1084 1998 et
1101 1942 1276 2013 usucapionis
1293 1939 1360 1996 iecit
1377 1942 1561 2010 mentionn,
1584 1954 1637 1996 eum

207 2031 276 2087 satis
294 2031 396 2086 multae
414 2035 478 2086 sunt
495 2031 561 2085 iuria
578 2036 679 2101 partes,
698 2031 797 2112 quibua
816 2032 965 2088 dominium
983 2031 1046 2101 quis
1063 2029 1284 2086 nancisceretur?
1311 2035 1343 2084 ut
1359 2033 1429 2100 puta
1445 2031 1569 2099 legatum

171 2119 190 2176 2
260 2119 380 2176 Paunus
403 2117 472 2174 bbro
490 2133 563 2174 nono
581 2119 688 2174 decimo
706 2120 741 2175 ad
760 2120 889 2176 edictum.
925 2121 971 2175 uel
988 2119 1084 2190 mortis
1101 2133 1187 2174 causa
1204 2117 1365 2173 donationes
1383 2116 1489 2173 iactae:
1510 2109 1673 2200 [suffia

208 2223 272 2262 nam
291 2208 394 2263 ambra
409 2207 584 2276 possessione
602 2208 733 2278 competit
749 2208 917 2280 Publiciana,
936 2209 1002 2280 quia
1018 2207 1055 2263 ad
1073 2207 1399 2277 exemplumlcgaterum
1417 2205 1572 2275 capiuntur.
1653 2217 1681 2257 as

140 2294 188 2352 31
262 2294 494 2370 Uuemuuslibro
506 2295 703 2352 sextodecimo
716 2296 892 2352 adedictum.
921 2295 991 2352 Sunt
1003 2293 1279 2365 etaliaepleraeque.
1305 2293 1489 2363 Aitprastor:
1509 2287 1640 2376 Q
1654 2298 1682 2351 ii

209 2381 251 2438 'ex
269 2383 343 2438 iusta
367 2399 452 2438 causa
469 2381 562 2453 petet'
589 2384 636 2454 qui
658 2383 742 2454 igitur
766 2384 866 2440 iustam
890 2399 1003 2440 eausam
1026 2383 1180 2439 traditionis
1198 2381 1293 2452 babet,
1317 2381 1405 2436 utitur
1421 2380 1594 2437 Publiciana:
1615 2386 1640 2435 et

99 2529 101 2534 ,
209 2485 264 2526 non
282 2471 369 2528 solum
388 2471 503 2541 emptori
520 2470 609 2526 bonae
626 2469 691 2526 iidei
702 2473 833 2542 competit
843 2471 1010 2543 Publiciana,
1029 2471 1078 2527 sed
1091 2476 1120 2527 et
1131 2471 1199 2541 aliis,
1217 2475 1250 2526 ut
1266 2475 1334 2540 puta
1351 2469 1377 2524 ei
1396 2469 1441 2524 cui
1452 2469 1527 2526 dotis
1539 2469 1640 2524 nomine

209 2558 311 2614 tradita
334 2575 378 2616 res
395 2565 439 2616 est
455 2558 573 2614 necdum
590 2565 738 2630 usucapta:
763 2564 806 2615 est
823 2560 896 2616 euim
914 2559 1064 2616 iustissima
1081 2573 1178 2628 causa,
1203 2559 1262 2614 siue
1280 2558 1427 2614 matinata
1444 2573 1489 2613 res
1507 2559 1536 2612 in
1554 2557 1640 2613 dotem

211 2647 278 2704 data
295 2648 332 2703 sit
349 2649 408 2704 siue
426 2662 489 2703 non.
519 2648 585 2702 item
603 2648 627 2702 si
645 2663 689 2703 res
707 2663 743 2704 ex
760 2663 845 2705 eausa
861 2647 974 2704 iudicati
992 2647 1029 2704 sit
1045 2647 1147 2702 tradita
1631 2675 1632 2678 =
1661 2658 1707 2699 :s

172 2736 191 2793 4
261 2737 380 2792 Paunus
397 2733 466 2792 libro
484 2735 681 2792 nonodecimo
700 2737 735 2792 ad
753 2737 882 2792 edictum.
908 2737 953 2792 uei
971 2735 1095 2792 soluendi
1113 2749 1197 2790 causa
1521 2735 1639 2792 111114
1658 2731 1706 2783 Ε

173 2825 192 2882 5
262 2823 413 2880 Uurmreue
429 2821 499 2880 libro
517 2827 595 2879 sexto
614 2823 721 2881 decimo
739 2824 775 2881 ad
793 2823 922 2881 edietum.
949 2826 995 2880 uel
1009 2839 1044 2880 ex
1056 2839 1141 2880 causa
1152 2837 1241 2879 noxae
1252 2821 1408 2892 deditionis,
1427 2820 1487 2877 siue
1507 2814 1639 2906 [Q
1665 2826 1706 2880 Ε

210 2927 277 2968 uera
294 2927 378 2967 eausa
395 2912 432 2967 ait
448 2912 509 2967 sine
525 2909 604 2967 salsa.

173 3001 192 3060 6
263 3001 382 3056 Paucos
400 2999 468 3056 libro
485 3015 558 3056 nono
576 2999 683 3056 decimo
701 3000 737 3054 ad
754 2999 883 3056 edictum.
910 3000 980 3055 Item
999 2999 1022 3055 si
1039 3014 1149 3055 minum
1162 3013 1197 3054 ex
1209 3012 1293 3054 cause
1305 2997 1404 3066 noxali,
1422 2998 1489 3067 quia
1507 2989 1639 3080 [Q
1670 3001 1707 3056 Ε

210 3102 264 3144 non
281 3087 487 3158 defendebatur,
504 3089 581 3143 iussu
596 3088 730 3157 praetoris
742 3088 846 3144 duxero
858 3093 887 3143 et
898 3089 1015 3144 amisero
1026 3088 1236 3159 possessionem,
1255 3085 1386 3156 competit
1396 3084 1463 3140 milri
1475 3084 1638 3140 Publiciana
1672 3093 1709 3133 as

174 3176 192 3234 7
263 3175 414 3232 Umnnns
432 3175 500 3232 libro
518 3177 721 3232 sextodecimo
739 3175 775 3230 ad
793 3175 921 3232 edictum.
954 3175 1010 3232 Sed
1023 3181 1052 3232 et
1063 3176 1085 3231 si
1098 3191 1142 3231 res
1160 3175 1316 3231 adiudicat-a
1333 3174 1379 3243 sit,
1396 3172 1487 3228 Publi·
1507 3165 1640 3256 Q
1673 3171 1710 3227 B

178 3277 190 3320 1
210 3263 289 3319 ciana
313 3265 385 3320 actio
408 3265 547 3334 competit
583 3263 613 3320 61
635 3263 669 3319 lis
691 3263 774 3320 suerit
791 3265 948 3335 aestimata,
972 3265 1067 3320 similis
1085 3269 1129 3319 est
1146 3263 1310 3320 uenditionir
1332 3266 1361 3316 et
1379 3261 1418 3316 ait
1435 3261 1558 3316 lulianus
1575 3258 1641 3314 libro

210 3351 362 3408 uicensimo
380 3352 502 3408 seeundo
520 3351 703 3422 digestorum,
723 3353 746 3407 si
764 3351 863 3422 optulit
879 3367 942 3408 reus
960 3353 1177 3408 aestimationem
1194 3351 1258 3420 litis,
1276 3349 1461 3406 Publicianam
1481 3353 1642 3418 competere

177 3453 192 3498 a
209 3439 352 3496 iiarcellus
369 3439 439 3496 libro
457 3441 573 3511 septimo
590 3439 696 3495 decimo
709 3440 878 3510 digestorum
890 3439 985 3496 scribit
996 3455 1067 3509 eum,
1086 3439 1133 3510 qui
1146 3437 1276 3494 aiurioso
1288 3439 1364 3508 igno·
1383 3425 1559 3512 11811111
1574 3439 1643 3486 reae

178 3541 192 3584 a
210 3543 274 3584 rans
292 3543 355 3584 enm
373 3527 463 3584 iurene
481 3529 555 3598 emit,
574 3542 656 3606 posse
674 3543 839 3598 usucapere:
858 3543 925 3599 ergo
943 3533 971 3584 et
989 3527 1175 3584 Publicianam
1190 3525 1313 3582 babebit
1344 3524 1401 3582 Sed
1412 3532 1442 3581 et
1453 3526 1476 3581 si
1489 3525 1551 3595 quis
1571 3517 1646 3606 Q
1688 3525 1726 3568 ’ὅ

211 3631 246 3672 ex
263 3617 403 3672 lucratiais
421 3617 512 3672 causis
529 3631 587 3671 rem
606 3616 720 3686 accepit,
739 3615 823 3672 babet
839 3617 1034 3687 Publicianam,
1053 3631 1125 3687 quae
1143 3616 1225 3671 etiam
1243 3614 1376 3670 aduersus
1393 3614 1554 3670 donatorem
1573 3625 1646 3666 eom·

177 3704 293 3773 4'petit:
318 3710 361 3760 est
384 3705 456 3760 enim
479 3705 569 3760 iustus
592 3717 736 3774 possessor
758 3709 787 3760 et
808 3706 920 3776 petitor,
944 3705 991 3776 qui
1013 3703 1204 3760 bbemlitatem
1227 3703 1341 3773 accepit
1378 3701 1407 3758 Si
1427 3717 1445 3756 a
1462 3702 1568 3756 minore
1586 3699 1647 3769 quis

178 3807 192 3854 t
211 3793 307 3848 emerit
324 3794 453 3862 ignorans
471 3808 533 3849 eum
552 3793 683 3848 minorem
701 3807 771 3863 esse,
790 3792 874 3849 babet
892 3793 1087 3850 Publicianam.
1121 3791 1217 3848 Sedet
1228 3792 1252 3846 si
1264 3791 1427 3861 permutatio
1444 3787 1521 3845 faeta
1538 3789 1583 3858 sit,
1602 3801 1648 3842 ea·

177 3880 273 3940 edem
297 3883 369 3938 actio
392 3883 531 3952 competit
566 3880 725 3936 Publiciana
748 3882 820 3936 actio
842 3881 878 3937 ad
900 3883 987 3938 instar
1009 3881 1199 3952 proprietatls,
1221 3893 1276 3935 non
1299 3879 1444 3934 adinstar
1463 3876 1651 3948 possessionis

178 3983 192 4028 7
210 3969 329 4050 respicit.
358 3968 387 4025 Si
404 3971 509 4040 petenti
526 3969 591 4024 mihi
609 3983 666 4026 rem
685 3969 873 4026 iusiurandum
891 3970 1020 4026 detuleris
1038 3983 1146 4040 egoque
1163 3961 1289 4024 iurauero
1306 3982 1364 4022 rem
1381 3981 1471 4022 meam
1484 3979 1556 4036 esse,
1575 3979 1648 4020 com·
1682 3964 1726 4008 ⁴⁰

209 4059 280 4127 petit
297 4057 457 4114 Publiciana
481 4058 559 4129 mihi,
584 4057 634 4114 sed
652 4057 784 4114 aduersus
801 4063 830 4114 te
848 4058 1005 4114 dumtaxat:
1029 4058 1055 4114 ei
1072 4057 1145 4114 euim
1163 4057 1213 4112 soll
1230 4069 1330 4112 nocere
1347 4054 1431 4112 debet
1447 4052 1651 4120 iusiurandum,

210 4146 258 4217 qui
275 4147 381 4202 detulit
409 4146 459 4202 sed
477 4147 501 4202 si
518 4147 671 4218 possessori
689 4147 810 4203 delatum
828 4148 880 4204 erit
897 4145 1085 4204 iusiurandum
1103 4149 1132 4201 et
1148 4144 1279 4200 iruauerit
1295 4158 1353 4200 rem
1370 4143 1497 4214 petitoris
1509 4157 1566 4198 non
1577 4155 1649 4210 eme,

178 4233 343 4293 saduersus
361 4249 424 4290 eum
443 4235 530 4290 solum
548 4239 689 4304 petentum
706 4236 867 4306 exceptione
885 4239 986 4306 utetur,
1004 4249 1060 4290 non
1077 4239 1109 4290 ut
1120 4238 1149 4290 et
1160 4231 1261 4288 babeat
1272 4232 1416 4288 actionem.
1443 4231 1476 4286 ln
1489 4229 1651 4286 Publiciana

210 4331 410 4403 F[P(VLU)]:
428 4332 493 4388 teo
510 4333 620 4397 om.P·,
639 4333 722 4398 babet
740 4335 787 4388 aad
803 4341 861 4388 ants
878 4333 949 4403 178,
967 4331 1008 4387 P*

211 4467 219 4498 ¹
240 4463 269 4519 id
305 4463 362 4519 uod
379 4463 504 4533 traditur]
525 4472 551 4518 tn
570 4466 651 4520 edicto
660 4467 720 4540 fuit
737 4464 766 4522 id
783 4465 857 4535 quod
874 4463 948 4520 bona
963 4461 1020 4519 fide
1032 4463 1099 4518 emit
1109 4462 1248 4531 traditum,
1267 4465 1300 4536 es.
1319 4461 1365 4515 13
1384 4461 1436 4532 51.
1455 4461 1503 4514 17
1522 4459 1593 4530 §11-
1606 4457 1644 4512 16.

209 4537 243 4660 ξι
238 4480 307 4660 111.αέ
311 4535 414 4676 3111ςῶ
414 4541 457 4662 ng
472 4535 557 4661 (glutus
573 4535 599 4601 4,
618 4535 667 4590 36.-
690 4544 766 4592 sts'am
784 4537 864 4592 eabe
882 4550 937 4592 nou
954 4550 972 4590 s
988 4535 1099 4590 domino
1114 4539 1205 4606 postea
1216 4533 1316 4588 adicem
1328 4533 1447 4586 uideatur
1458 4549 1514 4586 ease
1585 4531 1643 4584 'ex

209 4727 297 4796 bita]
322 4727 361 4781 ait
382 4727 451 4793 Pis
479 4727 519 4783 ait
540 4727 579 4782 ita
606 4727 667 4782 w
739 4728 826 4798 tine]
850 4743 902 4783 nec
955 4725 1075 4782 PVL⁸U
1119 4721 1646 4782 ilaeatimataeresinddatesintP

209 4797 333 4864 PVLUl
349 4796 511 4853 1111111111Ἶ
554 4799 589 4854 10
599 4795 761 4868 possiderit·
773 4797 906 4854 transii*
954 4799 989 4853 27
1007 4811 1042 4852 er
1060 4797 1149 4852 oaeP
1189 4795 1412 4866 tioompetitlll
1457 4793 1642 4850 adamared-

211 4867 246 4922 15
267 4871 344 4937 petet
365 4870 458 4937 (petat
478 4869 585 4936 Pthii)
681 4871 715 4925 16
737 4874 901 4940 usucaptum
953 4869 996 4924 lus
1015 4871 1031 4922 1
1049 4876 1097 4924 tae.
1113 4867 1259 4922 wetti
1308 4867 1343 4922 36
1361 4865 1461 4935 accipit
1478 4865 1517 4932 P,
1535 4877 1643 4934 accepe

210 4957 259 4994 ern.
276 4939 318 4993 P·
372 4939 406 4994 16
433 4939 551 4995 desierat
573 4939 613 4993 P·
666 4941 702 4995 22
728 4940 772 5010 ex]
796 4941 842 5010 qui
866 4955 901 4996 ex
953 4939 1036 4994 ritU
1086 4940 1120 4994 31
1138 4937 1226 5008 qui'i's
1242 4937 1281 4992 1⁵²¹
