4320 5340
292 194 421 244 mnne
485 209 487 216 ‹
964 167 1050 249 873
1407 173 1555 241 xxviiii
1579 176 1593 240 1
1615 177 1731 236 ss-ss

293 333 390 390 midde
406 330 486 403 istit,
504 331 604 388 silure
621 331 734 388 milities
751 330 805 388 init
821 331 969 401 seriptum:
992 331 1112 402 alloquin
1130 331 1156 387 si
1171 331 1334 388 mutiam
1351 331 1504 402 mmmunl,
1521 345 1577 386 noo
1590 345 1655 387 sess
1671 330 1732 386 iuss

260 429 276 474 a
293 421 449 477 rescissum.
485 420 543 476 Nee
560 425 652 478 temen
670 421 744 478 oiroe
760 423 876 478 militem
894 421 991 478 eadem
1008 418 1183 488 adhibebitur
1200 419 1353 477 distinotio:
1376 437 1441 476 nem
1459 433 1631 490 quocumque
1648 418 1732 474 modo

292 513 484 566 testamentum
511 507 620 580 iessrit,
647 510 798 566 nouissime
824 511 967 566 uoluntate
995 508 1178 578 resoiodetur,
1205 509 1334 578 quoniam
1356 510 1485 566 noluntas
1507 522 1616 578 quoque
1639 507 1731 563 militis

292 603 484 656 tesmonium
501 602 568 653 eetv
654 617 657 624 ·
1115 603 1118 642 ῖ
1750 610 1765 650 s

237 683 276 743 35
347 689 424 742 lones
446 685 523 742 libro.
538 700 611 742 nono
633 686 741 742 dommo
763 687 963 757 quaestionum.
999 685 1077 742 liiles
1098 685 1125 740 ,si
1147 687 1343 741 testamentum
1361 684 1539 756 inperieotum
1558 679 1732 768 Q
1748 691 1777 746 P

293 777 436 846 relinquet,
455 775 591 844 scriptura
608 789 679 844 qnae
696 773 834 846 profertur
850 773 964 846 persenti
982 774 1140 830 momenti
1153 778 1318 844 potestatem
1331 773 1450 844 optinet:
1468 790 1532 829 nam
1544 775 1636 830 militis
1647 777 1732 828 testa·

295 871 416 920 mentum
434 865 493 920 sola
510 861 649 933 perficitur
670 865 825 920 uoluntate:
844 864 946 934 quique
963 863 1042 933 plora
1060 877 1109 934 per
1127 863 1186 918 dies
1203 861 1295 918 uarios
1313 861 1420 933 scribit,
1439 877 1522 932 sospe
1539 861 1631 918 faeere
1648 866 1731 918 usta·

294 957 415 1010 mentum
433 951 551 1008 uidetur.
1374 999 1376 1004 ,

238 1039 277 1099 36
305 1065 307 1070 ·
347 1043 425 1096 lonu
441 1039 511 1098 libro
529 1045 608 1096 sento
625 1054 827 1110 responsorum.
857 1039 951 1094 Militis
968 1038 1100 1098 eodidllis
1111 1039 1147 1094 sd
1158 1043 1354 1096 testimenium
1365 1037 1446 1094 iestis
1457 1039 1540 1094 etism
1559 1031 1736 1122 Qu
1751 1047 1779 1100 Ρ

294 1129 431 1186 beneditus
445 1130 511 1186 iore
535 1129 644 1184 uidetur
661 1128 729 1184 dori.
756 1143 840 1198 quare
863 1129 887 1184 si
905 1133 1011 1198 partem
1029 1127 1170 1184 dimidiam
1189 1127 1347 1184 hereditetis
1365 1127 1496 1184 oodioillis
1514 1127 1628 1197 dederit,
1649 1132 1732 1182 testa·
1752 1139 1780 1180 so

295 1223 388 1274 mento
405 1219 524 1288 scriptus
536 1233 576 1274 ex
595 1233 658 1274 asse
676 1216 755 1272 heres
773 1223 879 1288 partem
898 1217 1039 1272 dimidiam
1057 1216 1177 1284 hebebit,
1195 1218 1288 1286 legate
1300 1220 1391 1272 entem
1403 1215 1649 1272 testamentodate
1659 1231 1732 1271 oom-

265 1307 413 1364 1mnnltsr
433 1305 577 1364 debentur.
613 1307 691 1362 Miles
714 1307 893 1362 amboesium
916 1305 1051 1362 bonorum
1075 1311 1104 1360 et
1124 1321 1180 1361 non
1197 1305 1377 1362 omoeusion
1395 1304 1512 1360 diosmis
1529 1303 1676 1360 heredibus
1693 1305 1733 1360 in-

295 1395 398 1452 stitutis
420 1399 520 1466 postes
541 1396 721 1451 bostrensium
744 1395 877 1450 bonorum
900 1395 969 1450 elios
992 1394 1107 1450 heredes
1129 1394 1255 1450 instituit.
1281 1392 1419 1464 prioribus
1438 1392 1540 1450 tebulis
1561 1399 1667 1448 tsnmm
1686 1391 1733 1448 ab

296 1486 406 1540 stilisse
423 1485 542 1554 uidetur,
561 1485 739 1553 quantumin
750 1483 916 1554 posteriores
928 1484 1085 1538 oontulerit:
1104 1497 1156 1538 neo
1167 1482 1277 1538 uidetur
1287 1486 1402 1552 mutare,
1421 1481 1474 1538 etsi
1485 1481 1621 1553 prioribus
1632 1480 1734 1537 tabulis

262 1585 278 1630 e
295 1589 366 1629 unos
384 1572 464 1628 beses
481 1575 600 1643 seriptus
617 1571 723 1628 musea
759 1573 837 1628 illies
854 1573 883 1634 in
901 1573 1036 1642 supremis
1054 1570 1212 1628 ordinandis
1229 1571 1342 1640 ignerus
1355 1585 1467 1626 uxomm
1480 1585 1543 1628 esse
1553 1575 1733 1642 praegnatem
1753 1581 1781 1625 se

295 1662 478 1720 uestrisnon
500 1661 596 1717 hebuit
618 1662 793 1718 mentionem.
819 1665 1022 1732 postmortem
1044 1660 1142 1730 putris.
1155 1657 1211 1714 iilis
1232 1664 1298 1716 note
1320 1663 1430 1730 ruptum
1454 1674 1516 1716 esse
1539 1663 1734 1716 testementum

296 1752 424 1822 apparuit
440 1765 529 1821 nsque
546 1751 640 1822 legate
656 1749 759 1806 deberi
791 1750 815 1805 si
832 1765 888 1820 que
905 1765 971 1806 nero
990 1747 1080 1804 modio
1102 1753 1225 1818 tempore
1249 1748 1367 1818 seriptus
1389 1747 1470 1806 heres
1486 1749 1580 1819 legate
1597 1747 1733 1818 soluissst,

288 1839 408 1896 utilibus
431 1839 587 1896 ustionibus
609 1837 681 1894 filies
704 1838 776 1894 dotis
795 1837 831 1894 ob
849 1839 1024 1910 improuisom
1042 1853 1141 1896 ossum.
1156 1851 1218 1892 esse
1235 1836 1392 1892 reostende
1408 1851 1460 1894 nst
1477 1837 1645 1906 insdtntuns,
1670 1851 1734 1892 oum

263 1929 384 1986 ebonoe
402 1927 467 1984 tidsi
483 1943 628 1998 possessor
644 1926 734 1996 suerit,
753 1927 828 1997 qnod
846 1927 909 1983 inde
928 1927 1032 1982 seruari
1042 1941 1098 1982 oon
1110 1926 1253 1996 potuisset
1272 1930 1419 1996 praestare.
1449 1925 1603 1982 Ueteronus
1615 1925 1734 1981 moriens

295 2023 490 2074 testamentum
514 2019 573 2072 iure
596 2016 734 2072 oommnni
757 2021 880 2086 tempore
903 2016 1016 2072 milities
1037 2014 1141 2070 isotnm
1158 2014 1263 2069 irritum
1281 2029 1343 2070 esse
1360 2013 1449 2070 uoluit
1466 2017 1496 2068 st
1512 2012 1658 2070 motetus
1676 2029 1735 2070 esse
1753 2025 1782 2066 so

296 2107 400 2162 moluit.
433 2105 563 2162 heredum
586 2106 772 2161 institutiones
795 2120 829 2159 eo
851 2104 1061 2160 substitutiones
1084 2104 1112 2158 in
1137 2102 1234 2159 eodem
1258 2106 1333 2158 statu
1351 2103 1486 2158 monuisse
1503 2103 1619 2173 plsouit,
1642 2103 1736 2173 legato

296 2211 362 2252 uero
385 2201 510 2266 pstentm
533 2195 702 2264 suseptions'
716 2193 772 2250 doli
790 2193 854 2248 moli
872 2193 1023 2248 seeundum
1041 2193 1085 2248 ius
1103 2205 1248 2248 eommuns
1265 2192 1446 2262 summoueri,
1470 2193 1549 2250 onius
1566 2191 1735 2262 subeptionis

296 2287 369 2342 uires
387 2301 422 2340 ex
438 2299 556 2355 persons
572 2283 694 2354 petentis
711 2283 905 2338 aestimentur:
923 2284 968 2335 st¹
982 2280 1102 2350 suoqmn
1119 2280 1209 2350 potior
1226 2285 1270 2336 est
1287 2281 1316 2336 in
1333 2295 1363 2336 re
1380 2281 1441 2351 puri
1458 2295 1543 2338 oense
1555 2281 1735 2351 possessoris.

263 2374 373 2429 sldiles
398 2374 457 2428 iure
481 2373 617 2428 wmmuni
640 2376 759 2427 testetm
782 2376 881 2440 postea
903 2373 1069 2426 testamento
1091 2369 1150 2424 iure
1173 2369 1286 2424 milities
1310 2384 1393 2440 snper
1414 2367 1494 2426 bonis
1517 2369 1643 2426 omnibns
1661 2367 1735 2425 iusto

296 2465 361 2532 post
377 2477 479 2518 sunum
497 2453 611 2516 milities
628 2461 687 2515 nita
704 2459 875 2515 desesssrnt:
899 2458 997 2528 prieris
1014 2457 1185 2527 momenti,
1204 2457 1277 2528 qnod
1295 2461 1405 2529 ruptum
1423 2472 1485 2514 esee
1503 2457 1661 2528 sonstsbat,
1679 2473 1736 2514 noo
1753 2467 1782 2511 ss

296 2551 476 2620 redintegrari
491 2551 565 2606 uires
583 2549 714 2605 eonstitit.

239 2636 279 2696 37
350 2639 469 2694 Pennus
486 2639 556 2694 libro
573 2639 690 2709 septimo
707 2637 908 2708 quaestionum.
945 2632 975 2688 Si
992 2631 1100 2689 dnobus
1119 2649 1136 2688 a
1154 2634 1240 2689 milite
1257 2633 1354 2690 liberto
1374 2635 1483 2704 seriptis
1494 2633 1541 2688 iss·
1560 2627 1736 2717 Q
1752 2641 1780 2696 Ρ

298 2726 409 2782 nedibus
432 2727 500 2782 ulter
519 2727 643 2784 omiserit
660 2725 852 2794 hereditatem,
875 2739 925 2795 pro
944 2737 978 2778 sa
994 2726 1072 2791 perte
1090 2723 1236 2778 intestatus
1253 2722 1392 2780 uidebitur
1409 2722 1556 2779 defunotus
1573 2722 1736 2792 detersisse,

298 2816 363 2886 quie
380 2815 458 2870 miles
476 2819 505 2870 et
520 2830 571 2885 pro
589 2821 667 2884 perte
685 2815 781 2882 testari
797 2818 899 2884 potest,
918 2817 948 2868 st
964 2811 1097 2882 sompetit
1113 2815 1230 2883 patrono
1248 2811 1283 2868 eb
1301 2813 1431 2868 intesteto
1442 2811 1574 2868 bonorum
1588 2809 1735 2880 possessio,

298 2905 350 2961 nisi
372 2905 397 2960 si
420 2905 488 2960 baso
508 2905 637 2959 uoluntas
655 2903 776 2959 deiunoti
792 2901 910 2973 probate
926 2899 1023 2971 iuerit,
1046 2905 1078 2956 ut
1095 2900 1240 2956 omittente
1257 2901 1343 2956 altero
1361 2901 1397 2956 ad
1415 2901 1530 2958 oleron
1548 2899 1633 2956 uesset
1648 2903 1736 2956 totam
1755 2911 1783 2954 te

297 2995 386 3050 rsdim
403 2993 591 3050 hereditatem.

239 3078 283 3138 38
350 3085 428 3138 mnu
445 3081 514 3138 libro
533 3085 632 3136 οοοοοο
650 3080 849 3150 quaestionum.
887 3077 966 3144 Quod
984 3077 1093 3147 dieitur,
1111 3077 1135 3132 si
1154 3077 1232 3134 miles
1253 3077 1325 3134 intre
1342 3091 1444 3134 ennom
1462 3089 1543 3146 quem
1576 3069 1737 3144 Ussit]
1755 3083 1781 3136 P

297 3171 398 3228 missus
420 3175 464 3225 sst
485 3169 647 3239 deossssrit‚
670 3169 762 3224 ualere
784 3168 844 3224 sius
866 3171 1061 3224 testemonium
1081 3164 1091 3233 ΙΙ
1111 3165 1185 3235 qued
1208 3166 1267 3222 inre
1288 3167 1398 3222 militari
1425 3165 1542 3236 isserat,
1564 3151 1737 3234 uerum-est,
1754 3169 1834 3222 tsss'

298 3259 406 3315 etiamsi
426 3261 491 3329 post
514 3274 616 3314 sunum
639 3257 763 3314 eondieio
784 3257 964 3312 institutionis
986 3255 1133 3326 exstiterit,
1157 3258 1266 3312 mortno
1289 3270 1323 3310 so
1345 3255 1418 3310 intre
1441 3269 1551 3336 annum.
1583 3259 1611 3309 et
1632 3253 1738 3310 idsosi

298 3348 392 3404 heredi
414 3346 469 3403 ilio
492 3347 679 3416 substituerit,
700 3346 767 3402 nihil
789 3346 915 3415 interest,
931 3343 1048 3414 ,quando
1070 3341 1142 3398 lilius
1164 3343 1308 3400 morietur:
1332 3341 1435 3400 suffieit
1452 3344 1525 3400 enim
1542 3347 1649 3413 putrem
1665 3343 1738 3400 intre
1756 3354 1784 3395 ss

267 3447 280 3492 1
299 3452 399 3491 ennom
424 3435 525 3492 obisse.
560 3437 637 3492 llilss
660 3439 854 3491 testamentum
879 3433 995 3503 leserat,
1019 3432 1121 3488 deindo
1143 3445 1198 3488 non
1221 3432 1388 3502 ignominiae
1409 3447 1494 3488 osuse
1510 3433 1611 3488 misem
1628 3447 1737 3488 sursum

299 3525 406 3580 elnotus
423 3529 468 3578 est
484 3524 512 3578 in
525 3525 578 3579 siin
589 3525 697 3580 militie:
715 3522 906 3594 quaerebatur,
925 3538 960 3578 on
973 3525 1164 3578 testumerm
1174 3521 1243 3590 eius,
1261 3521 1335 3590 quod
1346 3521 1375 3578 in
1386 3520 1483 3576 militia
1492 3517 1605 3591 ieosrel,
1623 3521 1737 3578 ualeret.

275 3664 280 3669 .
300 3613 438 3684 quaesiui,
461 3617 552 3668 utrum
576 3613 634 3667 iure
657 3612 766 3666 militari
789 3627 825 3666 sn
849 3611 986 3666 sommoni
1010 3611 1069 3667 inre
1092 3613 1211 3666 testsms
1229 3613 1280 3664 set
1307 3613 1336 3664 st
1353 3610 1377 3665 si
1394 3609 1506 3679 quidem
1523 3609 1661 3666 sommuui
1678 3609 1738 3664 iure

300 3707 418 3758 testatus
437 3705 487 3770 est,
506 3701 580 3756 nulla
598 3700 733 3756 dubitatio
750 3703 802 3769 est,
820 3699 887 3769 quin
904 3699 1005 3754 ualeat
1033 3700 1082 3754 sed
1102 3700 1125 3754 si
1143 3702 1175 3754 ut
1192 3697 1271 3754 miles
1288 3695 1399 3754 ississst
1410 3703 1614 3768 testamentum,
1632 3699 1738 3768 agitare

300 3791 387 3860 osopi,
405 3789 516 3858 quando
534 3788 697 3857 adsumtos
715 3786 821 3858 inisset,
844 3793 990 3856 postquem
1009 3787 1093 3844 desiit
1110 3788 1138 3842 in
1155 3787 1275 3844 numeris
1293 3799 1364 3855 esse,
1384 3792 1477 3842 utrum
1494 3787 1566 3843 intra
1583 3801 1684 3842 annum
1702 3801 1738 3842 en
1755 3799 1785 3838 so

300 3884 364 3950 post
381 3893 496 3934 ennom:
519 3877 638 3946 eoguoui
655 3877 727 3932 intre
744 3891 846 3936 ennom
864 3891 928 3930 enm
946 3875 1131 3946 adsumptum.
1158 3891 1224 3946 ergo
1242 3876 1280 3944 si,
1298 3889 1361 3930 oum
1378 3873 1470 3931 edhsm
1487 3875 1546 3930 inre
1564 3875 1672 3932 militari
1691 3891 1738 3930 us·

299 3969 376 4038 leret,
395 3981 490 4022 rursus
508 3965 605 4020 eodem
623 3965 681 4019 iure
699 3969 794 4036 posset
811 3964 916 4033 testoni
934 3963 1067 4034 numquid
1085 3965 1168 4021 etism
1186 3969 1250 4036 post
1266 3979 1368 4020 sunum
1386 3979 1420 4019 so
1432 3968 1540 4020 mortno
1552 3964 1739 4019 nolesttssts·

300 4055 442 4112 mentum?
465 4069 510 4110 nse
533 4052 676 4124 monebat,
700 4052 775 4122 qnod
797 4054 852 4110 ulls
874 4054 972 4109 militis
995 4057 1039 4109 est
1060 4054 1208 4122 posterior:
1232 4053 1282 4110 ssd
1306 4053 1451 4108 humanius
1475 4057 1519 4108 est
1538 4052 1628 4108 disere
1645 4052 1738 4108 uslere

299 4148 509 4213 omentum,
533 4143 613 4212 qussi
630 4141 776 4198 ooniunoto
792 4155 907 4200 munere
924 4143 1044 4198 militias.
1071 4157 1127 4199 nou
1144 4143 1240 4212 loquor
1257 4141 1292 4198 de
1310 4155 1357 4213 so,
1375 4142 1423 4213 qni
1440 4141 1528 4199 uoluit
1544 4141 1637 4197 uslere
1653 4143 1739 4196 testa-

299 4261 345 4329 Ρ(
350 4259 412 4314 WD
417 4258 524 4327 QEIO)

302 4423 310 4456 ¹
330 4423 358 4474 et
376 4421 423 4474 del.
442 4417 581 4490 (Kraeper)

301 4585 544 4642 itestementoi'
592 4584 838 4656 tetamentum]
863 4585 994 4652 Denso,
1047 4580 1517 4655 iilprssetssisspresstebitllliltl
1531 4581 1737 4652 aduenisset

301 4655 503 4712 testamentiF
556 4657 674 4725 ‘lsspas
693 4657 726 4711 F:
748 4657 870 4712 robiate
891 4657 992 4712 norico
1047 4653 1199 4711 sssstFW
1233 4652 1585 4723 22snosptions‘s'doliF’
1622 4653 1738 4709 aenis-

302 4727 427 4782 sessione
446 4727 559 4782 loseiB
573 4727 705 4799 (synope)
752 4727 877 4797 diaetis]
890 4726 995 4784 lesen
1046 4727 1102 4782 iias
1120 4724 1292 4782 uii'iseuii's
1303 4723 1341 4779 F‘
1382 4725 1418 4780 33
1435 4724 1494 4779 iure
1511 4744 1560 4778 om.
1573 4725 1609 4778 ii
1645 4725 1738 4780 3401·

302 4799 338 4852 Ρ
376 4801 409 4854 10
421 4797 540 4868 uidetur]
551 4798 595 4862 F1,
608 4797 746 4854 uidebitur
755 4800 792 4852 F’
806 4801 812 4866 l
827 4799 944 4869 qua‘s'rs
956 4801 995 4855 Ρ
1046 4799 1166 4854 *stiterit
1188 4797 1226 4852 F’
1284 4798 1318 4852 37
1341 4799 1506 4852 testsmsnto
1528 4794 1615 4862 FWl
1635 4793 1740 4852 isserat

303 4869 337 4924 18
360 4869 441 4938 datis]
467 4869 559 4934 Deo,
587 4868 660 4925 dotis
681 4867 764 4925 vFWI
781 4873 786 4940 Ι
805 4871 994 4944 improuisum]
1047 4871 1134 4927 blei*
1175 4870 1210 4926 38
1227 4866 1354 4940 quaesibi
1363 4868 1400 4923 Ρ
1416 4868 1423 4936 Ι
1437 4865 1635 4922 teste'meo'tus
1647 4872 1691 4923 est
1705 4865 1738 4922 i*

302 4939 417 5006 DEPO,
434 4941 583 5011 promisnm
601 4941 647 5008 F¹‚
668 4941 868 5011 impromissum
887 4943 994 5000 ΜΠ*
1046 4944 1082 5000 39
1100 4945 1208 5016 egiturs
1225 4941 1262 4997 F¹
