3504 5340
106 225 148 272 rrr
168 225 426 274 omausoamus
790 203 845 284 93
1310 207 1352 276 Ill
1375 211 1395 275 3
1414 215 1530 271 43-4'1

107 363 280 433 popularibus
296 363 459 434 actiom‘lrus,
478 364 525 420 nbi
542 365 603 434 quis
621 365 699 434 quasi
717 379 787 420 unus
801 380 835 420 ex
847 365 947 436 popsdo
959 365 1024 434 agit,
1043 363 1228 420 defensionem
1240 369 1271 419 ut
1282 369 1444 435 procurator
1454 379 1530 435 prae-

77 457 176 506 setara
194 452 335 523 cogendus
352 467 408 508 non
426 457 478 507 est.
514 453 555 522 Ia,
574 454 620 522 qui
639 459 790 508 curatorem
809 455 888 509 alicui
906 453 1042 524 praesenti
1060 457 1149 522 petat,
1168 469 1222 509 non
1241 455 1319 509 aliter
1336 454 1462 509 audietur
1479 452 1531 508 nisi

76 551 93 596 t
110 541 197 596 adulto
215 542 417 596 consentiente:
436 541 511 611 quod
526 542 549 596 si
562 541 676 611 absenti,
694 547 780 596 ratam
793 555 849 598 rem
862 558 923 598 eum
935 541 1089 596 habiturum
1102 557 1214 598 necesse
1226 541 1325 598 habet¹
1338 543 1411 598 dare.
1439 543 1531 597 Poena

75 617 161 686 enon
175 627 348 686 defendentis
365 629 547 699 procuratoris
564 629 632 686 haec
650 635 705 700 est,
730 637 762 686 ut
779 631 929 701 denegetur
946 631 971 684 ci
989 631 1068 686 actio.
1103 629 1131 686 Si
1150 635 1308 700 procurator
1326 637 1391 702 agat
1409 637 1436 686 et
1453 645 1530 702 prae-

74 726 167 774 esen's
185 719 222 774 sit
240 718 361 774 absentis
379 735 485 788 seruus,
504 718 648 775 Atilicinus
666 720 704 794 ait
723 733 802 776 seruo
821 720 980 790 cauendum,
999 735 1053 774 non
1073 721 1247 789 procuratori.
1282 721 1334 786 Qui
1352 737 1406 776 non
1424 719 1531 790 cogitur
1549 731 1562 772 s

112 806 252 862 defendere
270 807 420 878 absentem,
439 813 531 864 tamen
550 809 573 862 si
590 808 738 863 iudicatum
757 809 827 864 solui
844 807 987 864 satisdedit
1005 807 1167 862 defendendi
1186 807 1413 878 absentisgratia,
1432 823 1529 878 cogen-

113 895 169 951 dum
186 898 410 967 procuratorem¹
426 897 560 952 iudicium-
574 898 705 967 accipere,
724 913 759 952 ne
777 897 927 967 decipiatur
944 897 968 952 is
986 897 1033 967 qui
1050 897 1117 951 satis
1130 897 1248 966 accepit:
1267 913 1330 951 nam
1343 911 1399 966 eos,
1418 898 1530 967 quinon

113 991 240 1054 mfflrntur
257 1001 315 1040 rem
333 984 493 1056 defendere,
515 990 579 1056 post
595 987 800 1041 satisdationem
819 987 888 1056 cogi.
925 985 1017 1041 Labeo
1036 1001 1120 1040 causa
1137 985 1247 1055 cognita
1264 985 1483 1056 temperandum,
1503 991 1531 1040 et

5 1105 11 1120 ·
115 1075 236 1144 sicaptio
255 1076 356 1130 actoris
373 1075 410 1130 sit
424 1081 536 1146 propter
552 1076 683 1145 temporis
700 1081 831 1145 tractum,
855 1073 984 1130 iudicium
1003 1089 1065 1129 eum
1083 1075 1206 1144 accipere
1225 1075 1391 1144 cogendum:
1416 1074 1529 1144 quodsi

116 1169 153 1218 sut
169 1162 299 1219 adfinitas
316 1163 453 1235 dirempta
470 1165 507 1219 sit
523 1167 571 1219 ant
588 1164 742 1220 inimicitiae
759 1164 961 1219 intercesserint
972 1169 1019 1219 aut
1030 1163 1102 1219 buna
1114 1163 1233 1218 absentis
1246 1163 1379 1232 possideri
1391 1163 1530 1232 coeperint
1550 1175 1577 1214 ro

54 1247 102 1304 44
158 1251 309 1308 [lerneus
325 1252 394 1308 libro
412 1253 528 1323 septimo
546 1253 768 1323 disputationum.
795 1253 840 1308 uel
858 1253 882 1308 ei
899 1253 1046 1322 longinquo
1064 1253 1100 1307 sit
1119 1250 1243 1307 afuturus
1260 1253 1304 1307 uel
1321 1253 1374 1307 alia
1393 1247 1530 1335 Q}
1550 1258 1585 1311 'S

115 1339 176 1395 iusta
192 1357 280 1396 ausa
297 1342 482 1412 internenerit,
797 1363 803 1375 ·
1276 1359 1277 1362 ¹

62 1422 101 1479 45
154 1431 277 1484 Pennus
294 1429 364 1486 lforo
381 1445 454 1486 nono
472 1430 508 1484 ad
525 1430 652 1485 edictum.
683 1445 737 1486 non
755 1430 915 1500 cogendum.
947 1428 1063 1485 Sabinus
1081 1433 1172 1484 autem
1191 1429 1279 1484 nullas
1296 1443 1372 1498 prae-
1391 1423 1530 1512 [Q
1562 1435 1589 1489 Ε

111 1519 168 1574 toria
191 1524 288 1588 partes
306 1534 367 1574 esse
385 1518 421 1573 ad
440 1519 654 1589 compellendum
673 1518 832 1590 defendere,
857 1519 906 1574 sed
924 1534 959 1574 ex
977 1519 1108 1589 stipulatu
1126 1517 1162 1574 ob
1178 1533 1236 1572 rem
1255 1532 1309 1572 non
1327 1515 1466 1573 defensam
1485 1520 1530 1588 agi

106 1621 197 1674 posse:
217 1615 248 1662 at
264 1608 289 1662 si
306 1608 392 1663 iustas
411 1621 508 1662 causas
525 1607 633 1678 habeat,
652 1625 701 1664 cur
717 1609 846 1664 iudicium
865 1609 988 1678 accipere
1006 1607 1081 1677 nolit,
1099 1605 1273 1662 fideiussores
1287 1621 1341 1661 non
1353 1607 1447 1676 teneri,
1466 1609 1531 1676 quia
1549 1619 1576 1660 ra

104 1695 143 1750 uir
160 1696 253 1764 bonus
271 1695 450 1751 mbitratrrus
467 1695 628 1768 confuerit,
647 1704 678 1752 ut
689 1699 736 1768 qui
747 1698 847 1752 iustam
859 1697 1062 1752 excusationem
1075 1693 1202 1766 adferret,
1221 1693 1366 1749 defendere
1379 1701 1529 1765 cogeretur.

75 1787 83 1830 1
101 1783 150 1839 aad
168 1791 199 1840 et
217 1786 242 1840 si
260 1786 327 1840 satis
345 1801 399 1840 non
417 1785 501 1854 dedit,
520 1786 570 1842 sed
588 1787 786 1857 repromittenti
803 1787 828 1841 ei
846 1786 978 1842 creditum
997 1790 1048 1855 est,
1067 1783 1138 1839 idem
1157 1783 1333 1839 statuendum
1348 1787 1399 1838 est.
1427 1783 1478 1850 Qui
1490 1785 1530 1839 ita
1647 1827 1650 1838 .

96 1869 135 1928 de
152 1859 267 1943 publico
285 1879 386 1944 agunt,
409 1879 442 1929 ut
460 1879 488 1929 et
504 1875 640 1945 priuatum
659 1873 830 1930 commodum
849 1873 1010 1944 defendant,
1033 1889 1117 1930 causa
1134 1873 1244 1943 cognita
1260 1872 1453 1942 permittuntur
1469 1887 1529 1942 pro·

64 1965 77 2009 ²
95 1965 257 2017 curatorem
280 1961 360 2031 dare,
384 1967 414 2017 et
437 1968 534 2032 postea
551 1963 620 2018 alius
638 1979 723 2033 agens
741 1963 901 2033 exceptione
919 1963 1071 2033 repelletur.
1108 1960 1138 2018 Si
1156 1961 1323 2032 procuratori
1341 1975 1410 2030 opus
1428 1975 1529 2016 nouum

92 2051 258 2106 nuntiamm
277 2051 314 2105 ait
330 2051 409 2120 isque
427 2049 570 2107 interdicto
588 2057 681 2106 utatur
700 2051 741 2106 ‘ne
759 2053 792 2114 ei,
803 2061 846 2107 urs
858 2049 906 2106 liat
919 2050 1088 2121 aedificanti,
1107 2050 1257 2106 defensoris
1270 2055 1435 2121 partescum
1448 2050 1529 2105 susti-
1548 2061 1576 2102 ao

93 2153 166 2194 uere
190 2153 244 2194 nec
267 2139 394 2208 compelli
417 2155 514 2195 cauere
536 2145 623 2195 ratam
641 2155 699 2195 rem
718 2140 856 2196 dominum
874 2139 1028 2195 habiturum
1046 2139 1166 2194 lulianus
1184 2140 1236 2210 ait,
1260 2143 1289 2194 et
1306 2139 1329 2193 si
1347 2138 1528 2210 satisdcderit,

91 2243 155 2283 non
174 2227 373 2298 animaduerto,
390 2229 479 2299 inquit
495 2229 623 2299 Iulianus,
642 2245 703 2300 quo.
715 2241 781 2284 caeu
800 2230 939 2300 stipulatio
958 2229 1151 2284 committatur.

33 2309 68 2369 46
154 2315 251 2372 Garun
272 2316 341 2372 libro
362 2319 443 2372 tertio
461 2317 496 2372 ad
513 2317 633 2374 edictum
651 2318 825 2390 prouinciale.
862 2317 914 2384 Qui
932 2318 1039 2388 proprio
1057 2317 1165 2372 nornine
1182 2316 1312 2371 iudicium
1330 2331 1373 2372 aa·
1392 2311 1528 2400 Q
1559 2321 1587 2374 E

92 2405 236 2475 cepisset,
254 2406 279 2460 si
297 2406 381 2461 uellet
397 2411 599 2478 procuratorem
617 2405 696 2477 dare,
715 2407 742 2462 in
760 2421 840 2478 quem
859 2411 935 2461 actor
952 2404 1097 2461 uenalerat
1114 2405 1252 2475 iudicium,
1271 2405 1358 2460 audin'
1376 2405 1459 2460 debet
1476 2407 1528 2460 sol·
1547 2416 1577 2456 as

47 2501 64 2544 1
93 2491 283 2564 temniterqne
300 2495 368 2564 pro⁸
386 2495 533 2551 iudicatum
552 2497 621 2552 solui
639 2495 816 2552 satisdatione
834 2511 940 2552 cauere.
961 2493 970 2564 l
989 2495 1023 2550 Ei
1041 2495 1088 2565 qui
1105 2493 1228 2549 defendit
1241 2509 1311 2565 eum,
1331 2495 1408 2549 euius
1420 2495 1528 2550 nomine
1545 2498 1561 2548 t.
1572 2495 1609 2548 er'

45 2587 68 2632 ὓ
96 2582 162 2652 ipae
179 2598 236 2638 uon
254 2569 328 2654 agat,
349 2583 463 2639 liberum
482 2589 525 2640 est
542 2586 587 2640 uel
604 2585 631 2640 in
650 2601 732 2641 unam
750 2599 807 2640 rem
826 2583 980 2640 defendere.
1016 2583 1068 2649 Qui
1085 2583 1168 2638 aliurn
1186 2580 1314 2653 defendit,
1333 2583 1466 2638 satisdare
1484 2599 1528 2638 co·

44 2675 69 2718 ⁸
100 2673 190 2741 gitur:
213 2688 296 2728 nemo
319 2673 392 2727 enim
411 2673 513 2729 adanae
531 2673 587 2728 litis
605 2673 719 2729 idoneus
738 2671 864 2728 defensor
881 2673 939 2728 sine
957 2672 1133 2728 satisdatione
1150 2671 1322 2741 intellegitru.
1358 2671 1427 2726 item
1445 2687 1527 2742 quae·

101 2761 185 2830 ritur,
210 2762 234 2816 si
256 2760 387 2816 indicium
411 2763 546 2832 acceperit
569 2761 696 2819 defensor
713 2768 742 2817 et
759 2767 835 2818 actor
852 2763 880 2817 in
897 2762 1032 2831 integrum
1050 2761 1193 2816 restitutus
1210 2760 1258 2830 sit,
1282 2775 1317 2815 an
1335 2761 1474 2830 cogendus
1493 2761 1529 2815 sit

44 2852 73 2898 4
105 2850 303 2905 restitutorium
321 2849 451 2906 iudicium
469 2851 606 2921 accipere:
624 2857 652 2907 et
671 2852 759 2920 magis
776 2851 866 2922 placet
884 2850 1045 2921 cogendum.
1075 2849 1236 2904 emeram
1252 2853 1285 2904 ut
1301 2849 1329 2904 in
1347 2849 1444 2905 ceteris
1462 2863 1527 2920 quo·

107 2953 159 3008 que
175 2939 294 3008 negotiis
311 2939 447 3009 gerendis,
464 2940 504 2994 ita
520 2945 549 2995 et
565 2940 593 2994 in
610 2939 705 2995 litibus
723 2955 758 2994 ex
776 2939 848 2995 bona
865 2939 919 2995 lide
936 2939 1067 2994 rationem
1085 2937 1199 2993 reddere
1217 2937 1307 2993 debet.
1344 2939 1436 3008 itaque
1455 2938 1528 3008 quod
1547 2947 1576 2989 ao

110 3040 142 3081 ex
161 3028 209 3082 lite
231 3033 397 3083 consecutus
419 3028 470 3083 erit
493 3027 551 3082 siue
573 3029 757 3099 principaliter
779 3030 864 3100 ipsius
884 3029 923 3083 rei
942 3028 1049 3083 nomine
1068 3027 1126 3084 siue
1144 3027 1311 3092 extrinsecus
1329 3027 1364 3082 ob
1383 3041 1443 3082 cam
1461 3043 1527 3097 rem,

110 3115 188 3172 debet
205 3116 328 3182 mandati
346 3117 446 3172 iudicio
463 3118 606 3172 restituere
624 3132 711 3186 usque
729 3117 807 3188 adeo,
825 3123 857 3172 ut
874 3122 903 3172 et
920 3117 943 3172 si
960 3131 1010 3187 per
1028 3129 1143 3172 errorem
1162 3121 1211 3171 aut
1228 3116 1351 3171 iniuriam
1365 3116 1461 3171 iudicis
1473 3131 1527 3172 non

50 3203 80 3251 ὅ
110 3204 228 3260 debimn
246 3210 409 3261 consecutus
426 3203 516 3274 fuerit,
533 3205 562 3260 id
580 3201 688 3276 quoquc
705 3206 818 3261 reddere
836 3205 943 3262 debeat.
970 3207 1040 3262 item
1057 3210 1152 3262 oontm
1168 3205 1241 3275 quod
1260 3202 1295 3260 ob
1311 3219 1368 3260 rem
1381 3205 1527 3260 iudicatam

111 3299 264 3363 procurator
286 3295 412 3364 soluerit,
433 3295 568 3350 contrario
585 3295 706 3350 mandati
724 3295 824 3350 iudicio
841 3295 992 3365 reciperare
1010 3294 1106 3350 debet:
1130 3309 1245 3364 poenam
1264 3297 1368 3364 autem,
1392 3309 1474 3364 quam
1493 3309 1527 3349 ex

56 3383 86 3430 G
111 3397 156 3437 suo
172 3381 272 3438 delicw
289 3383 438 3454 praestitit,
456 3384 607 3453 reciperare
624 3399 678 3440 nou
697 3383 787 3444 dene.
819 3383 888 3439 Litis
906 3383 1043 3454 impendia
1060 3381 1203 3438 bonafide
1220 3380 1294 3436 facta
1311 3381 1356 3436 uei
1374 3381 1409 3437 ab
1427 3383 1527 3438 actoris
1546 3394 1574 3436 aa

60 3471 89 3520 ⁷
111 3476 279 3539 procuratore
302 3471 347 3527 uel
370 3487 388 3526 a
409 3472 448 3526 rei
470 3471 570 3528 debere
593 3474 618 3528 ei
635 3469 742 3528 restitui
760 3473 883 3542 aequitas
901 3471 1006 3528 suadet.
1043 3470 1072 3527 Si
1090 3470 1197 3527 duobus
1214 3470 1343 3526 mandata
1360 3471 1396 3526 sit
1413 3471 1526 3526 admini-

111 3561 200 3616 stratio
217 3561 398 3632 negotiorum,
416 3575 531 3631 quorum
549 3561 618 3616 alter
635 3560 742 3616 debitor
758 3561 795 3616 sit
813 3560 986 3632 mandatoris,
1006 3577 1040 3615 an
1058 3561 1126 3615 alter
1143 3575 1204 3614 cum
1217 3575 1250 3616 eo
1262 3565 1335 3616 recte
1348 3565 1458 3615 acturus
1471 3559 1527 3616 siti

110 3651 135 3702 et
155 3650 250 3720 utique
273 3656 361 3705 recte:
384 3663 439 3706 non
461 3650 532 3705 enim
552 3649 588 3706 ob
605 3649 634 3705 id
652 3649 741 3706 minus
759 3655 917 3720 procurator
933 3649 1110 3720 intellegitur,
1133 3648 1248 3719 quodie
1266 3663 1453 3720 quoquecum
1472 3663 1526 3719 quo

110 3739 195 3808 agiam
211 3744 372 3808 procurator
389 3738 433 3792 sit.
1545 3749 1574 3790 aa

24 3807 95 3880 ἢ
154 3827 298 3884 lucunas
314 3826 383 3882 libro
401 3831 497 3897 quarto
519 3825 555 3882 ad
573 3825 697 3883 Urseium
714 3825 862 3883 Ferocem·
890 3825 942 3893 Qui
959 3825 1028 3882 duos
1045 3832 1234 3896 procuratores
1252 3825 1371 3882 omniurn
1390 3821 1527 3912 Q
1546 3833 1581 3888 's
1673 3885 1676 3890 ,

107 3949 254 4019 FPiVlU)
313 4028 316 4034 ¹

109 4127 198 4184 ¹salis
217 4137 264 4184 sne.
283 4127 365 4197 (liat)
435 4129 666 4200 ¹procuratorem
684 4131 730 4185 det
802 4129 881 4201 ⁸pro
899 4143 931 4184 eo
950 4131 984 4196 (a
998 4127 1048 4196 sl?

107 4268 340 4340 tproeuratorem
358 4269 406 4334 P‘,
426 4275 454 4324 et
470 4277 621 4328 curatorem
639 4270 726 4338 P‘Ul
741 4271 788 4326 ali-
841 4269 937 4326 fenda-
956 4271 991 4325 tr
1041 4272 1114 4328 ltine
1134 4271 1338 4326 elliturPVLU
1351 4273 1355 4338 Ι
1369 4276 1525 4341 procurato·

106 4341 147 4410 pri
169 4341 217 4394 pa
273 4340 404 4410 iigratia
425 4343 522 4396 om.F¹
576 4342 745 4414 iaccepere
768 4343 793 4395 F
841 4342 946 4397 reml'*
982 4343 1017 4397 20
1034 4343 1060 4396 ei
1077 4289 1527 4412 υἰεῗΡἨΠωπιΒΜηωιὴυὸι·

105 4411 120 4464 9
143 4413 187 4482 att]
215 4412 240 4467 si
268 4413 296 4466 F
313 4414 318 4478 Ι
342 4413 489 4481 temporis*
515 4413 553 4466 F⁸
624 4415 658 4469 10
684 4413 789 4483 direpte
841 4414 904 4468 boec
959 4416 1090 4490 oserrantur
1106 4413 1212 4478 Latiae,
1230 4413 1289 4467 elus
1307 4413 1334 4465 F
1380 4414 1413 4468 21
1432 4414 1525 4468 iulia-

106 4481 205 4538 PVLU
217 4485 222 4552 Ι
238 4487 288 4540 aut
304 4481 388 4552 bona]
406 4483 450 4538 uel
468 4483 608 4539 bonaPV
657 4487 690 4539 12
708 4485 788 4538 inter·
842 4499 893 4539 nus
936 4483 948 4516 ⁵
1000 4483 1241 4554 tepr01proeo,
1261 4485 1525 4556 quodtmentccdd.

105 4555 275 4610 uenen'utP‘
323 4556 357 4608 13
370 4553 617 4625 autem]autcm···
631 4556 679 4622 P⁰,
698 4561 787 4612 autem
842 4555 1433 4642 dett,commendantB(Aaon.):tolerarint?
1446 4555 1526 4618 ΑῩτοῨ

104 4625 137 4679 ait
157 4626 206 4696 1²⁶,
230 4627 271 4680 ait
296 4625 375 4678 Vsu
391 4627 395 4692 Ι
414 4631 484 4712 part.
502 4631 587 4696 praet.
611 4627 639 4680 P
695 4628 728 4681 15
751 4625 788 4697 at]
841 4626 889 4678 riu
902 4625 1040 4690 scolaces
1085 4627 1119 4680 26
1136 4625 1165 4680 in
1182 4642 1263 4680 unam
1280 4643 1300 4680 r.
1314 4625 1368 4681 def.
1380 4643 1426 4698 qur
1443 4623 1525 4682 alium

103 4695 278 4762 theu-r]
294 4697 335 4750 air
351 4695 398 4750 U⁰:
417 4697 521 4751 eueal'e
534 4697 787 4803 eflorueuafarrel-
841 4694 895 4751 def.
915 4716 962 4750 om.
973 4697 1008 4748 F1
1025 4699 1029 4764 Ι
1045 4701 1158 4766 cogetur
1170 4697 1248 4752 PLU
1287 4697 1525 4768 28acceperatF²

102 4785 135 4820 ru
152 4769 179 4824 B
195 4769 311 4843 (Aaou.)
359 4767 392 4822 17
408 4769 604 4837 repromittenti
618 4768 652 4838 ei]
667 4767 788 4834 FP⁸U⁵,
841 4768 876 4823 29
908 4765 1061 4838 acc‘e'ipere
1091 4767 1118 4820 F
1141 4769 1145 4836 Ι
1175 4773 1376 4838 procuratorem
1410 4767 1529 4823 P⁰VLU

101 4839 313 4926 repromittentei
326 4838 372 4904 F¹,
390 4839 593 4908 repromittendi
604 4841 629 4893 ei
645 4841 678 4904 t,
696 4855 787 4910 repro·
841 4839 876 4894 30
894 4839 920 4893 in
938 4838 1039 4908 litibus]
1054 4837 1146 4894 litibus
1159 4839 1204 4903 P⁶,
1218 4849 1264 4895 iar.
1275 4841 1311 4894 12⁶
1351 4841 1386 4895 32
1404 4838 1525 4894 iudici'i'a

101 4913 215 4968 nrttendi
234 4911 286 4967 P·.
307 4909 508 4978 repromittenti
523 4909 553 4974 V,
570 4911 744 4980 promittendi
763 4909 787 4966 ei
841 4925 894 4965 non
919 4910 945 4962 F
1009 4911 1044 4964 33
1070 4908 1114 4980 ob]
1138 4909 1176 4966 ub
1199 4911 1245 4964 β’
1274 4913 1279 4980 Ι
1307 4911 1453 4967 iudicatum
1478 4909 1525 4962 ll*

104 4979 367 5051 &veremendum
379 4981 417 5032 F²
456 4982 491 5036 18
502 4979 668 5048 defendant
679 4981 724 5047 Fi,
741 4981 787 5036 de·
840 4981 875 5036 35
893 4981 1046 5050 praestitit⁴
1063 4981 1102 5034 1⁴⁸³
