3510 5332
278 103 387 158 solitum
411 105 454 156 est
476 101 541 156 anui
563 99 653 170 quarti
676 99 815 156 studiosos
832 99 939 157 Graeco
962 107 991 157 et
1012 106 1143 158 consueto
1167 101 1285 170 quodam
1309 99 1444 157 uocabulo
1467 100 1547 162 sirac
1570 99 1706 169 appellari,

277 189 398 246 habeant
419 189 544 260 queen,
567 189 591 244 si
614 189 773 258 maluerint,
797 187 849 244 hoc
873 205 1038 260 cognomen:
1061 205 1111 260 pro
1132 191 1271 260 responsis
1290 195 1381 245 autem
1399 188 1604 260 prudentissimi
1623 187 1707 256 Pauli,

277 294 348 350 quae
371 282 453 334 autea
475 293 510 334 ex
532 277 607 334 libris
630 277 729 348 uiginti
752 277 839 333 tribus
864 279 912 334 uix
933 280 961 334 iu
985 279 1080 334 decem
1098 284 1128 334 et
1144 285 1208 335 octo
1225 277 1391 348 recitabant,
1415 293 1464 348 per
1480 279 1535 333 iam
1555 276 1707 348 expositam

277 367 464 424 confusionem
483 381 531 423 eos
548 367 686 436 legentes,
707 366 802 423 decem
821 365 905 422 libros
923 368 1084 438 singulares,
1102 369 1148 437 qui
1167 384 1201 423 ex
1219 367 1437 438 quattuordecim
1455 381 1524 436 quos
1543 369 1627 420 antea
1643 379 1708 420 euu-

277 458 443 513 merauimus
462 461 616 525 supersunt,
635 455 764 510 studeant
781 456 917 511 lectitare:
937 456 1022 512 multo
1040 457 1151 512 maioris
1170 461 1198 511 et
1211 457 1349 526 amplioris
1360 456 1521 527 prudentiae
1533 470 1568 510 er
1579 453 1620 508 eis
1632 453 1708 509 then
1750 494 1755 497 -

276 562 387 602 sautum
406 545 587 615 consecuturi,
605 560 687 615 quam
705 559 788 614 quem
806 559 841 600 es
859 545 996 600 Pauliauis
1014 544 1153 600 habebant
1169 546 1316 616 responsis.
1345 549 1374 600 et
1390 546 1430 601 ita
1447 545 1534 600 omnis
1549 543 1617 599 ordo
1629 541 1708 598 libro

276 652 336 691 rum
359 635 537 705 singularium
560 650 577 689 a
600 633 679 688 nobis
700 634 868 704 compositus
886 633 960 688 etin
979 633 1073 688 decem
1092 639 1122 690 et
1139 640 1244 704 septem
1262 634 1346 691 libros
1363 635 1480 705 partitus
1498 649 1592 690 eorum
1611 631 1709 687 animis

276 725 421 795 inponetur
438 727 530 793 (quem
549 724 577 778 in
594 721 703 778 duabus
720 722 889 792 digestorum
908 722 1032 793 partibus
1049 723 1201 794 posuimus,
1222 724 1251 779 id
1269 730 1312 779 est
1329 729 1426 794 quarta
1443 727 1473 778 et
1489 723 1594 793 qtriuta,
1613 735 1708 777 secuu-

276 815 341 869 dum
360 817 466 884 septem
484 812 602 883 partium
621 810 851 875 distributionem)
870 815 899 866 et
917 811 990 882 quod
1008 813 1063 867 iam
1081 813 1175 883 primis
1193 811 1285 868 uerbis
1298 813 1427 868 orationis
1439 818 1549 868 nostrae
1560 811 1708 882 posuimus,

276 918 371 958 uerum
389 902 569 970 inueniatur1,
587 905 618 955 ut
636 915 671 955 ex
689 901 803 971 triginta
820 917 869 957 sex
886 899 1015 956 librorum
1034 901 1193 956 recitatione
1208 900 1276 957 fiant
1287 902 1401 957 iuuenes
1413 901 1527 972 perlecti
1539 907 1568 957 st
1580 899 1616 955 ad
1628 915 1708 955 omue

275 1007 345 1061 epus
363 991 516 1061 legitimum
533 989 659 1044 instructi
677 995 705 1044 et
722 994 816 1045 nostro
833 995 957 1060 tempere
975 1005 1029 1046 nen
1047 990 1166 1060 indigni:
1186 989 1293 1046 duabus
1312 991 1371 1045 aliis
1383 989 1515 1060 partibus,
1532 991 1561 1046 id
1573 993 1710 1045 estsexta

276 1086 305 1136 et
328 1081 446 1150 septima
463 1082 616 1136 nostrorum
635 1077 817 1148 digestorum,
841 1093 913 1148 quae
930 1079 959 1134 iu
977 1079 1195 1148 quanuordecim
1213 1078 1296 1135 libros
1315 1081 1482 1150 compositae
1500 1083 1578 1148 suut,
1603 1078 1644 1133 eis
1662 1076 1708 1132 de

276 1170 386 1241 positis,
409 1173 441 1224 ut
463 1168 569 1239 possint
592 1171 690 1237 postea
706 1183 755 1223 eos
773 1175 802 1223 et
819 1169 911 1239 legere
929 1173 958 1223 et
975 1168 1003 1223 iu
1021 1168 1130 1223 iudiciis
1147 1169 1300 1224 ostendere.
1331 1167 1431 1238 quibus
1448 1169 1472 1223 si
1489 1167 1561 1224 bene
1579 1182 1642 1222 sese
1660 1167 1708 1221 im·

276 1257 394 1314 buerint.
407 1262 436 1313 et
458 1258 486 1312 in
509 1256 597 1326 quinti
615 1257 693 1326 anui,
717 1272 772 1326 quo
790 1257 915 1328 prolytae
933 1263 1137 1328 nuncupantur,
1161 1264 1249 1313 metas
1267 1257 1491 1314 constitutionum
1509 1256 1633 1312 codicem
1652 1259 1708 1308 tam

275 1349 367 1418 legere
384 1363 467 1416 quam
485 1345 621 1414 suptiliter
639 1345 797 1416 intellegere
816 1346 953 1415 studeant,
971 1346 1037 1402 nihil
1055 1348 1095 1402 eis
1113 1347 1251 1417 legitimae
1269 1348 1399 1403 scientiae
1417 1345 1513 1416 decrit,
1531 1344 1582 1400 sed
1599 1358 1708 1399 omnem

276 1435 312 1491 ab
329 1435 406 1491 initio
424 1450 512 1504 usque
530 1433 566 1489 ad
584 1433 666 1490 linem
685 1435 742 1490 suis
760 1434 859 1490 animis
876 1436 1074 1505 amplectantur,
1093 1440 1122 1492 et
1139 1437 1224 1507 (quod
1241 1453 1330 1507 paene
1344 1438 1373 1492 in
1385 1437 1439 1492 alia
1449 1436 1524 1490 nulla
1535 1433 1631 1490 euenit
1642 1437 1708 1503 arte,

276 1540 339 1580 cum
357 1525 409 1580 etsi
426 1523 576 1579 uilissimae
594 1523 656 1593 siut,
675 1539 771 1579 omnes
789 1529 882 1579 umen
900 1521 1023 1580 iuliuitae
1041 1531 1116 1592 suut)
1134 1525 1203 1581 haee
1220 1527 1280 1582 sola
1294 1527 1409 1581 scientia
1420 1525 1521 1581 babeat
1532 1522 1616 1578 linem
1629 1523 1709 1578 mira·

242 1617 256 1664 e
274 1613 366 1684 bilem,
383 1615 411 1668 iu
429 1612 567 1683 praesenti
584 1617 707 1682 tempore
726 1628 743 1666 a
760 1611 840 1668 uobis
858 1613 963 1668 sortita.
999 1612 1133 1683 Disciptdi
1151 1615 1235 1683 igitur
1252 1615 1377 1670 omuibus
1395 1615 1436 1670 eis
1453 1613 1583 1683 legitimis
1602 1611 1709 1666 arcanis

275 1703 402 1759 reseratis
420 1700 486 1756 nibil
503 1700 624 1756 habeant
641 1700 842 1772 absconditum,
860 1701 909 1756 sed
927 1701 1054 1757 omnibus
1071 1704 1208 1773 perlectis,
1226 1719 1298 1774 quae
1316 1703 1395 1759 uobis
1412 1719 1462 1773 per
1479 1700 1639 1757 Tribouiaui
1657 1699 1712 1755 uiri

275 1792 376 1847 excelsi
393 1789 572 1878 ministerium
591 1794 798 1859 oeterorumque
816 1791 968 1860 composita
986 1797 1058 1861 suut,
1077 1797 1105 1846 ct
1122 1797 1244 1848 oratores
1262 1793 1374 1848 maximi
1392 1801 1419 1848 et
1435 1793 1557 1847 iustitiae
1576 1790 1710 1846 satellites
1732 1802 1744 1842 a

275 1881 448 1936 inueniuntur
470 1885 499 1935 et
520 1879 682 1935 iudiciorum
706 1879 802 1950 optimi
825 1884 881 1934 mm
906 1879 1025 1937 athletae
1048 1897 1131 1952 quam
1151 1881 1349 1951 gubernatores
1367 1882 1394 1936 in
1412 1881 1486 1937 omui
1503 1882 1564 1936 loce
1582 1892 1710 1948 aouoque

242 1973 257 2019 u
275 1968 377 2026 ieliees.
403 1969 479 2024 Haec
497 1972 590 2024 autem
608 1968 661 2023 tria
679 1968 818 2024 uolumina
836 1985 853 2024 a
871 1968 950 2026 uobis
968 1971 1121 2040 composita
1137 1970 1210 2025 tradi
1227 1971 1268 2027 eis
1286 1975 1342 2026 tam
1361 1969 1389 2024 in
1403 1970 1486 2040 reglis
1497 1967 1613 2024 urbibus
1625 1983 1706 2038 quarn

275 2059 303 2114 iu
321 2058 522 2130 Berytieusium
541 2056 722 2128 pulcherrima
735 2057 862 2128 ciuitate,
880 2074 963 2128 quam
982 2051 1011 2114 et
1027 2060 1119 2129 legum
1137 2060 1270 2115 nutricem
1286 2059 1356 2114 bene
1368 2058 1429 2128 quis
1441 2059 1568 2128 appellet,
1587 2063 1706 2113 tautum·

275 2148 357 2204 modo
374 2149 510 2217 uolumus,
528 2146 603 2217 quod
620 2147 674 2202 iam
693 2151 722 2202 et
738 2162 757 2202 a
774 2150 847 2202 retro
864 2147 1033 2218 principibus
1051 2149 1230 2204 coustitutum
1249 2151 1300 2218 est,
1318 2153 1347 2203 et
1364 2161 1419 2203 neu
1437 2147 1465 2202 iu
1483 2148 1543 2202 aliis
1555 2147 1624 2203 locis
1636 2159 1705 2216 quae

275 2253 293 2292 a
310 2236 458 2294 maioribus
475 2238 530 2291 tale
548 2251 603 2291 non
622 2236 769 2291 meruerint
786 2237 973 2306 priuilegium:
992 2238 1056 2308 quia
1074 2237 1228 2292 audiuimus
1246 2237 1328 2294 etiam
1347 2239 1374 2293 in
1387 2237 1573 2293 Alexandrina
1587 2233 1704 2306 splendi-
1719 2243 1742 2284 ss

274 2325 388 2382 dissima
411 2327 523 2381 ciuitate
545 2331 574 2380 ct
597 2325 624 2379 iu
643 2325 860 2381 Caesariensium
884 2332 913 2382 et
935 2327 963 2381 iu
986 2327 1045 2382 aliis
1069 2326 1202 2395 quosdam
1221 2327 1361 2397 imperitos
1379 2326 1502 2383 homiues
1520 2325 1662 2394 deuagare
1678 2327 1704 2378 et

274 2414 425 2470 doctrinam
449 2413 590 2484 discipulis
612 2413 791 2469 adulterinam
814 2415 937 2470 tradere:
961 2431 1029 2484 quos
1053 2415 1105 2470 sub
1129 2414 1181 2470 bac
1202 2416 1421 2472 interminatione
1438 2415 1474 2471 ab
1492 2415 1543 2471 boc
1562 2413 1704 2470 conamine

274 2503 438 2574 repellimus,
457 2509 496 2574 ut,
514 2505 539 2559 si
557 2503 616 2558 ansi
634 2501 735 2558 fuerint
752 2503 780 2558 iu
798 2509 938 2574 posterum
957 2504 1009 2560 hoc
1026 2510 1182 2575 perpetrare
1195 2509 1224 2560 et
1235 2511 1313 2560 extra
1325 2505 1407 2561 urbes
1419 2504 1510 2574 regias
1522 2509 1550 2560 et
1562 2501 1703 2575 Berytiem

274 2591 345 2647 dum
368 2593 540 2663 metropolim
557 2592 610 2648 hoc
628 2591 732 2662 iacere,
755 2591 885 2648 denarum
905 2592 1034 2650 librarum
1052 2594 1112 2648 auri
1129 2609 1218 2665 poena
1235 2595 1389 2664 plectantur
1406 2597 1436 2650 et
1452 2593 1600 2649 reiciantur
1618 2589 1654 2646 ab
1672 2605 1704 2645 ea

242 2687 256 2733 e
274 2681 395 2752 ciuitate,
413 2681 441 2736 in
459 2695 514 2750 qua
525 2696 580 2736 uon
592 2682 668 2751 leges
680 2681 788 2751 docent,
807 2681 856 2738 sed
869 2682 896 2738 in
908 2683 984 2753 leges
996 2684 1177 2740 committunt
1204 2683 1274 2738 Illud
1286 2687 1388 2754 autem,
1406 2675 1702 2767 [celest—rem
1720 2687 1745 2728 ³⁰

273 2769 348 2840 quod
371 2770 425 2825 iam
449 2785 512 2825 eum
534 2769 570 2825 ab
592 2770 669 2826 initio
691 2769 743 2826 hoc
765 2785 835 2840 opus
858 2772 1039 2829 mandantes¹
1061 2774 1089 2829 in
1111 2778 1206 2830 nostra
1224 2775 1348 2829 oratione
1365 2778 1474 2842 etpost
1491 2772 1658 2840 completum
1675 2769 1702 2823 in

274 2859 328 2914 alia
345 2859 431 2914 nostri
449 2859 460 2930 l
479 2859 598 2914 numinis
616 2860 810 2916 constitutione
828 2862 995 2932 scripsimus,
1013 2868 1042 2918 et
1059 2878 1132 2917 nuuc
1144 2863 1246 2917 utiliter
1266 2849 1355 2946 [const
1367 2843 1734 2919 lmff's't—u'lffiffiss

273 2949 413 3019 ponimus,
436 2953 468 3003 ut
489 2963 569 3004 nemo
593 2947 695 3004 audeat
717 2965 811 3004 eorum
835 2951 882 3020 qui
905 2950 989 3006 libros
1012 2951 1189 3008 conscribunt
1205 2952 1276 3021 sigla
1284 2941 1380 3007 'iu'his
1397 2965 1498 3021 ponere
1516 2955 1545 3004 et
1562 2963 1613 3019 per
1630 2962 1703 3002 com·

272 3036 402 3107 pendium
425 3037 479 3108 ipsi
502 3037 593 3107 legum
615 3037 831 3108 interpretationi
849 3039 894 3094 uel
910 3040 1101 3110 compositioni
1120 3043 1268 3097 maximum
1287 3039 1394 3097 adferre
1411 3039 1571 3094 discrimen:
1594 3035 1704 3092 scituris

273 3123 399 3181 omuibus
417 3125 548 3197 librariis,
570 3127 617 3197 qui
638 3126 691 3182 hoc
708 3127 736 3182 iu
753 3130 894 3198 posterum
912 3129 1110 3200 commiserint,
1134 3130 1208 3200 quod
1225 3135 1290 3201 post
1306 3129 1467 3188 criminalem
1484 3141 1602 3198 poenam
1620 3125 1703 3181 etiam
1721 3126 1748 3168 ³⁵

273 3215 490 3271 aestimationem
513 3214 575 3272 libri
597 3216 626 3270 iu
648 3215 761 3287 duplum
787 3216 897 3274 domiuo
920 3218 993 3288 eius,
1017 3219 1040 3274 si
1061 3221 1194 3276 nescienti
1211 3219 1349 3288 dederint,
1374 3216 1473 3273 inferre
1491 3215 1702 3287 compellentur:

273 3317 336 3360 cum
354 3308 386 3382 et¹
398 3303 466 3376 ipse,
484 3304 531 3375 qui
549 3305 632 3360 mem
650 3304 747 3361 libmm
765 3307 974 3378 comparauerlt,
991 3323 1041 3378 pro
1060 3308 1142 3365 nihile
1161 3323 1224 3364 eum
1242 3307 1362 3378 habebit,
1380 3307 1488 3363 nemine
1504 3305 1595 3362 iudice
1607 3301 1703 3360 exalt

240 3392 342 3449 alibro
358 3391 419 3449 fieri
437 3393 624 3450 multationem
642 3393 818 3466 concedente,
837 3395 886 3450 sed
904 3411 953 3466 pro
971 3416 1021 3451 nen
1039 3398 1140 3468 scripto
1158 3413 1220 3454 eum
1239 3396 1333 3452 baberi
1351 3396 1522 3467 (imponente.
1549 3391 1620 3450 lllud
1637 3405 1703 3448 uero

272 3481 341 3538 satis
358 3483 542 3540 numadum
560 3483 739 3540 coustitutum
756 3498 819 3540 cum
837 3499 945 3542 summa
962 3483 1181 3544 interminatione
1197 3486 1338 3556 edicimus,
1357 3489 1389 3541 ut
1405 3499 1485 3541 neme
1500 3482 1603 3539 audem
1614 3494 1703 3552 neque

272 3589 350 3658 ΠΟ)

273 3733 283 3768 ²
302 3729 457 3786 inuenietur
474 3730 577 3800 (Hom
647 3732 659 3767 ¹
677 3741 817 3806 requiritur
835 3734 1026 3791 maudauimus

274 3872 524 3943 lgraeeolpraeco
538 3875 573 3926 li¹
589 3875 595 3943 Ι
611 3877 690 3937 aaran
703 3875 739 3928 F¹
787 3876 846 3931 2si
866 3879 961 3931 om.F¹
1014 3878 1094 3946 letae]
1114 3877 1337 3949 optimatulaetae
1359 3877 1394 3930 F¹
1411 3871 1638 3944 {gubernatores}
1658 3871 1703 3935 1⁷³,

273 3942 507 3999 3re‘r'citabaut*
521 3946 710 4014 Fltaddffl)
762 3947 962 4016 ilegeut'er'es
1014 3949 1226 4019 queberuatores
1246 3950 1306 4002 F1·
1341 3949 1376 4002 22
1398 3945 1500 4014 felices]
1520 3943 1622 4000 alilices
1641 3941 1701 4000 ΡΙ

273 4015 313 4068 F’
337 4017 342 4083 1
366 4021 589 4072 enumerautmus
616 4017 661 4082 ΙΝ,
691 4019 894 4074 numerauimus
925 4021 962 4072 Ρ
1014 4020 1197 4076 belumiuaF¹
1214 4023 1218 4088 Ι
1234 4018 1365 4076 uo'uo’bis
1378 4020 1417 4085 ΡΙ
1433 4016 1541 4087 rc‘i'giis
1555 4017 1580 4069 F
1610 4013 1702 4070 2336-

273 4086 479 4142 blectitare‘m'
497 4089 583 4142 mrdto
605 4089 650 4154 ΡΙ
672 4089 817 4160 ampliores
843 4090 961 4160 pruden-
1014 4093 1183 4164 rytitensium
1211 4090 1393 4162 pulcherrima
1419 4089 1531 4144 ciuitate
1561 4102 1645 4157 quam
1674 4089 1703 4139 et

273 4157 370 4212 diaeF
400 4158 665 4230 Grespousis's'etl'
695 4161 960 4232 lseptem1sepel'¹
1014 4163 1115 4234 legum
1134 4165 1171 4216 Ρ
1224 4164 1259 4218 24
1277 4160 1413 4229 uolumus]
1431 4161 1503 4215 tradi
1520 4159 1649 4214 uolumus
1665 4157 1702 4210 f1

273 4229 423 4299 equinus
434 4231 472 4283 1²²
515 4231 650 4301 9posuim
664 4245 758 4286 uerum
772 4235 798 4286 F
837 4235 871 4288 12
882 4237 961 4302 quat·
1013 4237 1048 4289 25
1067 4251 1084 4289 a
1102 4255 1151 4288 om.
1166 4235 1221 4302 F¹l
1243 4234 1335 4302 etiam]
1355 4233 1476 4302 quotiam
1495 4232 1530 4285 ΡΙ
1552 4235 1558 4298 l
1578 4227 1702 4299 spleude·

273 4299 546 4357 tuordecim‘i'libros
564 4305 601 4356 Ρ
616 4303 621 4370 Ι
636 4302 758 4358 eisdem⁴
772 4305 808 4358 F³
860 4306 894 4359 13
912 4320 960 4376 po-
1014 4305 1173 4360 dissimaF²
1218 4308 1253 4361 26
1265 4305 1485 4360 caesarieetsinm
1499 4303 1534 4354 Ρ
1583 4303 1618 4356 27
1630 4299 1703 4354 doci·

273 4372 333 4427 sitis
351 4370 418 4427 u'n't
435 4372 473 4424 F²
530 4374 564 4429 14
586 4373 711 4443 prolutas
732 4376 767 4428 F¹
787 4376 792 4442 l
812 4391 905 4432 mecas
923 4378 960 4429 ΡΙ
1013 4377 1119 4447 prinam
1132 4378 1167 4430 F¹
1212 4378 1247 4432 28
1259 4377 1288 4431 iu
1299 4382 1438 4446 posterum
1448 4371 1490 4430 ‘iu'
1503 4372 1557 4428 hoe
1569 4373 1606 4426 F*
1622 4373 1627 4438 Ι
1641 4386 1702 4440 per-

274 4443 308 4498 15
319 4457 402 4512 quam
412 4459 444 4498 su
463 4444 547 4499 tiliter
555 4445 714 4514 intellegere
723 4465 772 4500 em.
782 4449 817 4500 F¹
855 4449 888 4502 ll
901 4446 960 4502 inii·
1013 4453 1139 4518 putrere
1150 4452 1196 4502 *et*
1208 4454 1288 4504 extra
1299 4449 1336 4501 F’
1388 4445 1643 4518 29plecteuturi'l
1658 4442 1701 4510 ea]

272 4514 411 4569 uitale⁴F²
426 4516 431 4581 Ι
445 4460 605 4570 Bebasen.
618 4516 677 4571 mir.
692 4517 720 4572 in
734 4518 782 4580 (im
797 4521 877 4573 edero
894 4521 960 4586 loco)
1013 4533 1047 4574 ee
1075 4521 1110 4572 ΡΙ
1169 4521 1203 4573 31
1230 4518 1302 4588 cum]
1329 4527 1368 4573 stc
1394 4518 1420 4571 F
1472 4517 1508 4571 33
1534 4514 1637 4571 libros*
1663 4514 1703 4566 F’

272 4586 520 4654 praesentiabtsl'
551 4589 585 4643 18
593 4588 694 4643 soru'sa
702 4589 738 4642 ΕΙ
770 4589 804 4644 19
814 4588 958 4656 abeautFl
1012 4591 1048 4646 35
1056 4589 1252 4646 cuminadnen
1262 4593 1297 4660 Fi
1310 4590 1411 4644 *etiam*
1420 4583 1704 4644 aesunauonewr’

273 4656 480 4726 quaeta⁴nobis
498 4658 534 4710 Ρ
586 4661 621 4714 20
638 4665 667 4714 et
683 4660 812 4730 iustitiae]
831 4675 866 4715 ex
884 4661 960 4716 iusti·
1012 4661 1265 4731 tlprunihiloll'
1308 4663 1343 4718 38
1356 4675 1533 4731 pronoupro
1545 4656 1687 4728 scriptoF
1695 4655 1700 4720 Ι

272 4727 328 4784 tiae
347 4729 387 4796 Fl
402 4729 551 4785 satellites
571 4731 607 4783 F³
659 4733 693 4786 21
712 4732 808 4801 optimi
825 4737 882 4788 tam
901 4731 959 4788 ath·
1012 4733 1112 4790 habere
1130 4735 1166 4788 F¹
1185 4737 1241 4801 (ens.
1255 4733 1303 4800 Ρ)
