3652 5362
236 170 340 240 XXVI
362 172 379 236 7
404 175 519 232 39-4ι
798 113 800 116 ¹
907 159 994 242 768
1282 187 1329 234 os
1351 185 1695 236 summasunmna

237 330 284 400 qni
301 329 415 384 tutelam
434 341 530 396 gerere
547 326 642 395 noluit,
663 329 727 395 post
745 327 851 380 ceteros
869 324 917 393 qui
933 328 1079 393 gesserunt
1097 325 1232 381 actionem
1251 325 1343 380 utilem
1362 326 1465 382 tutelae
1486 325 1551 380 dari
1571 326 1693 396 placuit

238 418 311 489 quod
330 423 422 472 mmen
440 430 475 470 er
492 415 579 470 tutela
596 430 651 470 non
669 413 797 484 peruenit
813 411 849 468 ad
867 428 928 482 eos,
947 413 994 481 qui
1012 427 1042 468 se
1060 414 1178 484 negotiis
1197 415 1378 484 miscuerunt,
1402 414 1452 470 sed
1470 416 1625 470 communi
1645 431 1693 470 ne·

190 511 220 556 12
237 505 377 578 glegentia
394 505 472 574 perit,
491 505 560 560 citra
577 502 780 560 substitutionis
798 501 920 557 ordinem
940 503 1089 570 aequaliter
1106 503 1227 560 omnium
1245 503 1394 574 periculum
1407 508 1528 573 spectat.
1563 504 1693 560 Tutores

237 595 341 666 pubere
358 593 461 664 pupillo
479 593 628 648 constituto
646 593 721 648 litem
739 591 930 662 appellationis
949 590 1103 647 inchoatam
1122 592 1199 648 iussu
1217 593 1358 648 consulum
1376 591 1412 648 ob
1424 594 1555 648 notitiam
1570 593 1617 648 rei
1629 608 1693 663 per·

190 688 220 734 ro
238 684 374 740 iecerunt:
395 698 456 740 cum
474 681 624 738 iudicatum
641 682 768 752 persequi
786 697 841 736 non
858 685 1013 750 potuerunt,
1031 681 1153 750 periculo
1170 681 1266 752 culpae
1284 697 1339 738 non
1357 681 1541 738 subiciuntur.
1576 682 1629 738 Ab
1648 698 1692 752 eo,
1711 695 1724 734 a

238 774 285 844 qui
302 771 481 846 restitutionis
500 771 600 826 auxilio
619 786 674 826 non
693 771 816 840 iuuatur,
840 770 964 840 quaestio
988 771 1085 840 cnlpae
1108 775 1230 826 tutorum
1254 773 1434 828 conuentione
1452 772 1562 827 remitti
1582 777 1692 843 potest,

191 866 221 913 14
239 879 290 918 nec
308 862 447 928 donatum,
466 859 515 915 sed
534 865 701 916 consectum
720 859 838 916 uidetur.
868 859 1066 929 Neglcgentiae
1077 864 1198 914 tutorum
1210 861 1330 930 periculo
1345 862 1494 931 nominum,
1515 877 1594 931 quae
1607 868 1692 932 pater

238 952 329 1008 usuris
352 948 500 1006 maioribus
522 947 602 1018 iecit,
631 947 770 1019 adscripto
797 949 901 1018 pupilla
924 947 1034 1018 quidam
1062 948 1198 1004 actionem
1222 949 1369 1004 calendarii
1393 956 1536 1020 praestare
1564 952 1691 1028 cogitur,

191 1043 221 1090 ll
239 1047 350 1098 exactas
373 1043 466 1095 autem
489 1053 588 1094 usuras
609 1039 712 1094 tutelae
735 1043 858 1108 tempore
882 1037 952 1092 citra
978 1037 1061 1092 rdlem
1082 1039 1332 1108 compensationem
1355 1040 1461 1094 retinet.
1502 1039 1692 1097 Adulescens

238 1129 375 1186 tutoribus
393 1128 545 1198 conuentis,
564 1144 581 1183 a
598 1127 699 1196 quibus
716 1132 804 1182 toturn
823 1126 928 1182 seruari
950 1141 1005 1182 non
1027 1127 1130 1196 potuit,
1154 1127 1287 1182 aduersus
1311 1133 1463 1198 curatores,
1488 1130 1537 1199 qui
1565 1132 1691 1186 tutelam
1712 1141 1738 1180 rr

239 1219 276 1275 ad
292 1234 324 1274 se
341 1217 515 1288 neglegentia
532 1231 587 1272 non
604 1217 810 1286 manatulernnt,
827 1215 963 1286 integram
982 1217 1116 1272 actionem
1135 1216 1246 1272 retinet:
1266 1232 1354 1286 neque
1368 1218 1439 1278 enim
1450 1219 1560 1274 tutelae
1581 1219 1692 1276 indicio

192 1312 221 1360 ιι
239 1313 432 1378 consumptum
449 1306 571 1376 uidetur,
595 1305 669 1375 quod
687 1305 798 1360 alterius
816 1303 899 1360 cilicii
918 1306 1064 1376 querellam
1088 1304 1192 1360 habuit.
1211 1306 1329 1374 .Tntor,
1353 1308 1400 1378 qui
1423 1309 1523 1364 tutoris
1547 1309 1690 1366 idoneum

239 1397 367 1453 heredem
386 1396 532 1452 conuenire
550 1394 646 1464 pnpilli
662 1395 772 1450 nomine
791 1395 890 1466 noluit,
911 1395 1004 1450 damni
1021 1394 1141 1450 sicarius
1160 1393 1346 1465 substituitur,
1370 1400 1402 1450 ut
1418 1396 1455 1464 is,
1479 1398 1528 1467 qui
1547 1414 1612 1455 non
1631 1400 1692 1455 ido-

192 1491 220 1539 ιι
239 1501 321 1542 neum
342 1486 445 1540 tutelae
466 1488 775 1554 ,tempore-suspectum
798 1481 890 1538 facere
912 1483 1075 1553 supersedit.
1116 1485 1231 1540 Tutelae
1255 1485 1385 1540 indicium
1408 1485 1470 1541 ideo
1494 1485 1608 1543 differri
1634 1505 1693 1545 non

191 1581 221 1628 18
240 1579 355 1646 oportet,
374 1574 448 1646 quod
465 1572 557 1629 fratris
575 1576 604 1628 et
621 1572 763 1629 coheredis
781 1572 929 1644 impuberis
947 1573 1020 1628 idem
1038 1573 1152 1628 tutelam
1171 1573 1314 1628 sustineat.
1343 1573 1422 1639 Quod
1434 1574 1468 1629 de
1481 1577 1600 1644 peculio
1614 1581 1694 1634 serui
1713 1587 1741 1629 re

240 1664 348 1735 actoris,
366 1679 447 1734 quem
467 1662 628 1718 adulescens
646 1667 792 1732 postquem
810 1677 854 1718 res
873 1677 937 1718 suas
955 1661 1145 1718 administrare
1158 1663 1250 1732 coepit
1263 1664 1427 1734 manumisit,
1441 1664 1556 1720 retinnit
1575 1673 1631 1722 aut
1650 1685 1694 1724 re·

240 1754 327 1810 tinere
344 1753 443 1824 potnit,
461 1752 489 1808 in
507 1753 613 1808 ratione
631 1751 772 1808 reddenda
789 1752 907 1807 curatori
924 1766 973 1822 per
990 1751 1107 1808 iudicem
1127 1757 1241 1821 accepto
1259 1750 1369 1808 leretur.
1459 1776 1460 1784 ι

182 1837 224 1896 40
293 1843 371 1898 lnnrr
394 1841 464 1898 libro
486 1845 565 1897 sexto
591 1855 793 1911 responsorum.
837 1840 976 1910 Impuberi
1002 1839 1057 1896 tilio
1084 1841 1207 1896 centurio
1228 1847 1381 1900 curatorem
1403 1842 1489 1898 dedit.
1520 1838 1696 1926 [ss-2359
1715 1853 1740 1906 Ρ

241 1931 351 1988 decreto
369 1931 503 2002 praetoris
520 1945 576 1986 non
594 1939 689 1986 secuto
708 1930 732 1985 si
749 1929 815 1984 nihil
837 1935 947 1986 curator
968 1930 1049 1985 datus
1072 1930 1255 1999 administret,
1279 1931 1399 2000 periculo
1423 1925 1697 1994 contumaciaenel

241 2021 432 2092 neglegentiae
449 2035 504 2075 nou
523 2019 722 2089 adstringetur:
745 2034 808 2074 narn
826 2019 997 2089 priuilegium
1017 2019 1132 2074 militum
1156 2019 1192 2074 ad
1216 2019 1332 2075 alienam
1356 2021 1481 2076 iniuriam
1501 2027 1618 2095 porrigi
1638 2044 1697 2084 non
1716 2038 1744 2078 rc

241 2115 350 2182 oportet
367 2125 418 2166 nec
436 2110 465 2165 in
482 2109 542 2164 aliis
560 2109 634 2164 circa
651 2123 804 2178 supremam
823 2109 992 2164 uoluntatem
1010 2109 1161 2178 imperitiae
1179 2109 1260 2164 nenia
1278 2109 1359 2164 datur
1376 2125 1458 2179 quam
1482 2111 1513 2166 in
1533 2111 1624 2172 bonis
1645 2118 1697 2172 mi·

241 2200 328 2268 litum,
346 2197 394 2254 tilii
412 2213 478 2254 nero
495 2199 582 2253 tutela
599 2198 657 2254 iure
675 2197 780 2267 patriae
797 2198 951 2268 potestatis,
969 2213 1024 2254 non
1035 2199 1154 2254 ’militiae
1172 2199 1293 2268 praemio
1312 2199 1464 2254 mandatur.

184 2282 222 2341 41
295 2287 372 2342 loesr
389 2285 459 2342 libro
476 2287 593 2358 septimo
612 2301 812 2357 responsorum.
849 2286 901 2354 Qui
918 2288 1010 2357 plnres
1027 2293 1132 2344 tutores
1150 2287 1253 2358 habuit,
1271 2303 1364 2358 unum,
1383 2289 1429 2358 qni
1447 2289 1501 2344 sol·
1522 2287 1699 2380 Q
1719 2301 1744 2355 Ρ

241 2376 333 2432 uendo
350 2390 405 2432 non
422 2374 482 2446 fuit,
500 2377 634 2432 rationem
652 2379 730 2432 actus
748 2376 791 2432 sui
808 2377 897 2431 uetuit
913 2376 1036 2432 reddere.
1065 2377 1194 2446 quoniam
1212 2378 1271 2432 eius
1288 2376 1425 2448 liberatio,
1444 2379 1522 2448 quod
1540 2398 1581 2438 ex
1602 2389 1700 2442 tutela

242 2465 366 2537 pareepit
382 2468 431 2520 ant
448 2464 511 2522 dolo
529 2466 673 2536 contraxit,
692 2481 746 2522 non
765 2471 808 2522 est
825 2466 927 2536 relicta,
946 2469 1116 2536 certatores,
1138 2467 1185 2536 qui
1202 2471 1359 2535 suspectum
1378 2466 1469 2524 iacere
1487 2471 1698 2546 neglexerunt,
1720 2485 1748 2527 se

243 2569 278 2612 ex
296 2555 377 2624 culpa
393 2559 468 2610 recte
486 2555 698 2610 conueniuntnr:
716 2559 791 2612 tutor
809 2555 880 2612 enim
895 2555 1045 2624 legatarius
1057 2570 1092 2611 ex
1103 2555 1192 2626 culpa,
1211 2571 1281 2626 quae
1293 2559 1458 2614 testamento
1471 2560 1599 2617 remissa
1613 2563 1625 2636 Ι]
1642 2572 1699 2636 est,
1717 2573 1783 2619 tarr

243 2659 298 2700 non
315 2648 432 2699 tenetur.

186 2729 225 2788 lo
295 2733 373 2788 mnu
392 2731 460 2788 libro
477 2732 565 2802 primo
584 2731 780 2790 definitionum.
816 2732 858 2789 Ex
876 2732 998 2803 pluribus
1017 2732 1153 2798 tutoribus
1175 2734 1203 2790 in
1221 2733 1338 2790 solidum
1357 2750 1440 2790 unum
1458 2739 1503 2792 ιιι-
1523 2733 1700 2820 [effi
1720 2750 1747 2804 p

243 2827 329 2880 torem
348 2821 432 2877 iudex
450 2821 651 2878 condemnauit.
678 2823 706 2877 in
724 2837 781 2878 rem
800 2837 878 2878 snam
896 2822 1033 2878 iudicatus
1050 2829 1210 2892 procurator
1228 2823 1309 2880 datus
1326 2824 1499 2894 priuilegium
1517 2813 1700 2898 pupilliffi

243 2910 364 2982 habebit,
382 2911 455 2981 quod
473 2925 525 2966 nec
542 2910 636 2966 heredi
653 2912 748 2982 pnpilli
765 2911 860 2968 datur:
879 2927 934 2967 non
952 2912 1024 2968 enim
1043 2927 1156 2983 cauam,
1180 2912 1229 2968 sed
1246 2928 1380 2984 personae
1403 2916 1593 2989 succurritur,
1621 2937 1699 2992 qnae
1720 2937 1748 2976 sn

244 3001 343 3056 meruit
358 3001 535 3070 praecipuum
554 2998 684 3056 fauorem.

186 3085 226 3146 43
296 3089 416 3146 Psunus
438 3087 507 3144 libro
531 3091 649 3160 septimo
672 3090 872 3159 quaestionum.
910 3091 978 3147 Cum
996 3094 1060 3162 post
1078 3094 1192 3146 mortem
1210 3091 1306 3161 pnpilli
1322 3091 1423 3147 desinit
1441 3107 1503 3148 ease
1523 3090 1699 3176 [ιῇῇᾟ
1720 3109 1746 3162 p

211 3187 224 3232 1
243 3193 343 3235 nomen
361 3177 503 3248 idoneum,
524 3181 599 3234 tutor
616 3180 737 3249 periculo
755 3180 890 3235 eximitur.
928 3179 1003 3249 Qui¹,
1028 3195 1090 3234 eum
1113 3185 1188 3236 esset
1206 3178 1296 3236 fratris
1315 3182 1358 3236 sni
1375 3179 1447 3236 tiliae
1464 3171 1697 3260 caroffi—fin}-

244 3268 389 3338 dringenta
407 3266 479 3322 dotis
497 3267 606 3323 nomine
626 3269 723 3324 marito
741 3269 801 3324 eius
819 3283 849 3324 se
868 3268 994 3324 daturum
1013 3270 1151 3339 promisit:
1170 3284 1286 3340 quaero,
1303 3286 1339 3324 an
1357 3272 1576 3330 succurrendum
1598 3279 1641 3333 sit
1659 3281 1697 3350 ei,

244 3375 306 3416 cnm
325 3363 421 3428 postea
439 3371 502 3412 aera
520 3357 609 3413 alieno
628 3363 786 3428 emergente
805 3373 887 3428 supra
905 3358 978 3416 uuas
996 3359 1151 3429 patrimonii
1171 3359 1229 3414 eius
1252 3359 1303 3416 dos
1325 3361 1460 3429 promissa
1477 3361 1527 3431 sit,
1551 3368 1696 3433 quoniam
1718 3385 1747 3424 rs

244 3447 272 3504 in
290 3448 470 3504 instrumento
488 3447 527 3502 ita
544 3447 675 3518 scriptum
694 3448 731 3504 sit
754 3447 805 3504 ‘ille
823 3453 938 3518 patruus
956 3453 985 3502 et
1002 3453 1112 3504 curator
1135 3448 1277 3518 stipulanti
1294 3448 1456 3519 spopondit'.
1484 3457 1585 3508 monet
1604 3472 1697 3526 quae·

245 3537 371 3604 ationem,
390 3535 464 3606 quod
481 3551 537 3591 non
556 3541 587 3591 ut
604 3537 639 3591 de
657 3553 708 3593 sno
726 3536 817 3592 dotem
837 3536 923 3605 daret,
942 3535 992 3592 aad
1010 3553 1072 3592 cnm
1084 3537 1208 3593 crederet
1219 3539 1352 3594 rationem
1370 3539 1530 3609 pupillarem
1545 3541 1696 3618 sufficere,

244 3626 377 3698 promisit
404 3630 548 3695 praeterea
565 3630 594 3680 et
610 3625 677 3682 illud
695 3625 739 3682 hio
756 3631 849 3696 potest
865 3626 991 3695 tractari,
1014 3631 1058 3697 ut,
1083 3627 1106 3682 si
1125 3627 1214 3682 sciens
1237 3631 1346 3684 curator
1363 3643 1417 3688 non
1434 3626 1564 3686 sufficere
1584 3637 1697 3702 promi·

245 3715 320 3784 serit,
338 3715 384 3770 uel
401 3715 519 3770 donasse
538 3714 664 3770 uideatur
681 3716 734 3785 uel,
753 3715 880 3785 qnoniam
899 3715 961 3770 dolo
979 3713 1053 3785 fecit,
1072 3731 1126 3770 non
1143 3716 1181 3771 illi
1199 3720 1381 3778 succurratur.
1409 3717 1553 3787 respondi:
1574 3730 1698 3780 curator

246 3819 308 3860 cum
326 3802 446 3860 officinm
464 3820 543 3860 sunm
563 3819 691 3874 egressus
709 3811 806 3874 sponte
824 3819 855 3860 se
873 3803 1045 3874 obligauerit,
1064 3821 1119 3860 non
1135 3811 1202 3874 puto
1214 3807 1240 3860 ei
1253 3823 1270 3861 a
1281 3811 1406 3876 praetore
1419 3806 1560 3864 subueniri
1574 3810 1696 3886 debere,
1717 3823 1746 3863 ro

246 3908 301 3948 non
319 3893 407 3963 magis
425 3907 507 3962 quam
526 3894 550 3948 si
569 3893 696 3949 creditori
720 3895 826 3964 puellae
849 3894 993 3964 pecuniam
1018 3908 1048 3948 se
1073 3893 1201 3950 daturum
1226 3895 1431 3966 spopondisset:
1456 3895 1506 3951 sed
1530 3897 1554 3952 is
1575 3899 1696 3973 dequo

246 3986 397 4037 tractams
416 3983 440 4038 si
457 3997 512 4038 non
530 3981 651 4038 donandi
668 3983 768 4052 animo,
786 3981 836 4038 sed
848 3981 951 4052 negotii
963 3981 1076 4050 gerendi
1088 3998 1172 4038 causa
1184 3983 1275 4038 dotem
1293 3984 1424 4054 promisit,
1444 3983 1528 4040 habat
1540 3990 1695 4050 mulierem

246 4069 395 4140 obligatum
414 4075 443 4126 et
459 4071 560 4141 poterit
577 4071 631 4126 dici
649 4072 731 4127 etiam
751 4077 884 4126 manente
896 4072 1067 4128 matrimonio
1090 4087 1150 4128 earn
1174 4073 1261 4128 teneri
1285 4073 1360 4143 (quia
1380 4072 1463 4128 habat
1480 4073 1575 4131 dotem
1598 4081 1642 4136 aia
1663 4089 1697 4138 ur

246 4159 274 4214 in
293 4159 437 4216 collatione
455 4158 587 4216 bonorum
606 4160 714 4228 dieitur)
737 4162 782 4217 uel
805 4167 878 4217 certe
901 4167 965 4231 post
986 4161 1132 4216 diuortium
1158 4163 1228 4226 (siue
1251 4167 1349 4218 exacta
1372 4163 1407 4218 sit
1425 4162 1476 4218 dos
1493 4165 1555 4220 sine
1574 4177 1698 4228 maneat

247 4252 367 4318 nomen),
385 4247 451 4318 quia
467 4252 560 4319 potest
578 4247 695 4318 efficere,
713 4253 745 4303 ut
762 4250 788 4303 ei
807 4253 921 4319 accepto
938 4248 1051 4306 feratur.
1078 4251 1152 4321 quod
1170 4252 1193 4305 si
1211 4252 1308 4310 mulier
1326 4269 1405 4308 suum
1424 4258 1581 4310 curatorem
1603 4259 1697 4316 adim-
1717 4270 1746 4312 aa

246 4337 321 4408 plere
338 4336 375 4407 id,
394 4336 469 4408 qnod
486 4353 570 4408 supra
588 4337 660 4394 unes
677 4339 833 4408 patrimonii
850 4340 910 4395 eius
928 4340 957 4394 in
975 4339 1067 4396 dotem
1086 4340 1152 4394 dare
1169 4341 1306 4412 promisit,
1325 4343 1395 4398 ¹nou
1413 4346 1506 4413 queat,
1529 4353 1696 4406 curatorem

247 4425 357 4497 quidem
376 4428 404 4484 in
421 4426 482 4498 hoo,
501 4426 574 4498 quod
593 4427 761 4498 superfluum
779 4433 834 4498 est,
853 4443 902 4498 per
920 4429 1108 4500 exceptionem
1127 4429 1257 4484 releuari:
1281 4431 1378 4487 mulier
1394 4445 1461 4486 uero
1479 4434 1646 4494 cautionem
1666 4439 1697 4495 in

198 4545 202 4568 ¹
248 4533 293 4603 F(
294 4533 368 4600 WD,
387 4542 431 4607 qur·
448 4535 529 4589 denuc
548 4541 640 4607 recepe
655 4554 680 4590 rr.
694 4535 729 4590 14
746 4535 815 4592 md.
828 4534 900 4606 ideo,
920 4535 1004 4604 EIO)

248 4684 258 4718 ¹
277 4683 388 4753 qnidam
407 4683 505 4751 (auru
575 4681 714 4742 ¹araeera
732 4695 825 4760 aaa„

248 4815 393 4872 Giubatur
410 4818 445 4872 Ρ
501 4819 535 4874 16
557 4818 677 4890 retinuit]
702 4825 731 4874 et
747 4819 860 4875 retinuit
876 4819 938 4874 libre·
990 4823 1033 4875 est
1047 4817 1148 4875 WE‘O
1198 4821 1234 4875 ³4
1251 4820 1277 4876 ei
1295 4837 1344 4876 om.
1357 4821 1395 4874 Ρ·
1447 4821 1484 4878 38
1501 4827 1637 4893 promisit

242 4888 282 4942 «18
301 4889 462 4960 contyriol'
500 4889 534 4944 19
552 4892 605 4960 uel]
619 4906 673 4946 non
687 4893 723 4944 F¹
771 4893 805 4946 21
820 4890 937 4962 oportet]
991 4889 1116 4948 sufficere
1134 4899 1173 4948 ter
1190 4892 1227 4945 F¹
1280 4892 1317 4947 40
1334 4907 1351 4946 a
1368 4909 1417 4944 cm.
1431 4893 1469 4946 F¹

247 4957 336 5013 FDE¹
348 4963 386 5028 (iar
397 4969 513 5033 margine
524 4961 657 5032 PIisuou:
676 4963 826 5034 tripotenti
839 4963 862 5030 I,
878 4967 938 5034 pot·
