3652 5362
149 207 194 256 ar
215 204 386 256 enarcnuo
408 205 578 255 nunoanu
820 183 906 264 767
1303 187 1408 256 XXVI
1429 191 1447 255 7
1469 195 1584 251 es-ee

150 359 205 402 non
223 345 260 400 sit
276 344 434 416 ademptum
452 345 512 400 sina
530 344 688 414 ademptam
706 344 756 414 sit,
779 344 853 400 inid
871 344 945 414 quod
968 342 1059 400 iacere
1080 345 1176 415 possit
1204 344 1278 414 quod
1299 345 1323 400 si
1345 347 1492 416 superioris
1516 350 1584 402 tem·

149 434 224 504 poris
246 435 355 490 nomina
377 438 484 502 patrem
507 433 542 488 de
564 433 672 503 peculio
694 434 814 502 pupillas
837 435 983 490 conuenire
1007 435 1133 490 maluerit
1158 437 1256 500 (annus
1278 434 1350 490 enim
1372 437 1447 491 utilis
1473 451 1507 490 ex
1530 449 1584 506 quo

150 524 251 578 tutela¹
270 523 316 592 agi
334 538 416 593 posse
434 523 525 592 coepit
542 521 769 591 computabiturl:
794 538 828 578 ne
851 523 975 594 capiatur
992 529 1071 593 pater
1093 524 1205 580 inducta
1227 525 1311 580 totius
1335 525 1466 594 temporis
1491 539 1583 595 causa,

150 617 268 682 tempus,
286 627 342 682 quo
360 611 431 668 filius
449 610 565 668 familias
583 611 696 668 tutelam
715 612 810 682 gessit,
829 611 1113 682 comprehendendum
1132 613 1191 668 erit.
1602 625 1617 664 1

93 703 132 763 38
203 703 281 756 111111(
298 701 366 756 libro
384 701 547 758 duodecimo
565 701 764 771 quaestionum.
796 699 825 756 Sl
843 703 935 772 plures
953 703 1067 758 tutelam
1086 717 1140 758 non
1159 702 1408 758 administraueriut
1426 697 1585 786 [Μ
1601 707 1629 762 Ρ

150 795 180 846 (1
196 805 293 846 omnes
310 791 441 847 soluendo
459 792 527 861 siut,
550 797 655 860 (11111111,
678 791 744 860 quia
762 791 852 846 nullas
871 797 963 861 partes
984 791 1227 847 administrationis
1244 791 1433 861 inueniuntur,
1458 792 1585 848 electioni

150 881 228 936 locus
246 880 299 934 erit
316 895 351 934 an
369 885 401 934 ut
417 879 540 952 eiusdem
558 880 692 950 pecuniae
710 879 847 935 debitores
872 881 997 951 excipere
1018 879 1157 936 debebunt
1173 881 1286 950 periculi
1304 881 1484 936 societatem?
1510 880 1585 950 quod

118 979 130 1024 1
151 969 239 1038 msm's
257 969 326 1024 ratio
344 969 450 1024 suadet
487 967 517 1025 Si
535 967 645 1040 quidam
665 983 700 1024 ex
718 967 760 1024 his
778 969 869 1024 idonei
887 985 942 1026 non
961 971 1023 1040 sint,
1042 969 1227 1025 onerabuntur
1245 971 1304 1025 siue
1321 965 1404 1024 dubio
1423 969 1515 1040 ceteri,
1533 979 1585 1025 nec

118 1068 132 1113 a
150 1059 251 1128 inique,
270 1073 331 1113 cum
350 1059 517 1129 singulorum
537 1059 710 1116 contumacia
727 1059 829 1128 pupillo
847 1059 976 1114 damnum
992 1059 1019 1114 111
1033 1059 1149 1115 solidum
1162 1058 1276 1114 dederit.
1307 1058 1387 1115 Unde
1399 1059 1584 1128 quaerendum

150 1153 205 1218 est,
229 1163 265 1204 au
283 1148 404 1204 actiones
421 1149 541 1217 pupillus
558 1149 598 1218 si,
622 1149 669 1218 qul
687 1148 761 1203 solus
779 1149 952 1218 contenitur,
976 1149 1004 1203 in
1022 1149 1135 1204 alterum
1155 1163 1205 1218 pro
1228 1153 1306 1218 parte
1324 1149 1428 1203 scilieet
1445 1153 1584 1218 praestare
1604 1163 1632 1203 rc

150 1236 258 1292 debeat
285 1237 336 1292 sed
354 1253 416 1293 cum
435 1238 544 1308 propria
562 1239 693 1307 cuiusque
711 1237 884 1293 contumacia
901 1237 1037 1307 puniatur,
1056 1253 1111 1307 qua
1128 1235 1218 1293 fronte
1235 1238 1336 1308 peterit
1353 1237 1405 1292 boc
1416 1237 1585 1292 desiderari?

93 1323 131 1383 39
203 1326 280 1382 lanu
302 1325 371 1382 libre
395 1327 490 1396 quinto
514 1341 716 1396 responsorum.
752 1327 883 1397 Tutores,
907 1326 954 1396 qui
978 1331 1042 1396 post
1064 1323 1146 1382 finem
1170 1327 1274 1382 tutelae
1296 1341 1345 1397 per
1369 1342 1409 1382 er·
1428 1323 1584 1410 [ζηρῥ
1601 1335 1630 1389 Ρ

149 1431 238 1472 rorem
257 1413 341 1472 officii
358 1415 488 1470 durantes
506 1431 596 1470 rerum
615 1415 876 1471 administrationem
889 1416 1067 1485 retinuerunt,
1085 1416 1224 1471 nominum
1238 1421 1412 1486 paternorum
1424 1418 1583 1487 perieulum,

150 1519 221 1574 quae
244 1509 307 1574 post
330 1503 501 1574 pubertatem
525 1504 709 1560 adulescentis
732 1505 832 1560 idonea
858 1503 980 1575 inerunt,
1007 1511 1148 1574 praestare
1176 1503 1293 1574 eogendi
1318 1519 1373 1560 non
1397 1511 1494 1576 erunt,
1521 1521 1583 1561 eum

117 1605 130 1649 1
150 1595 286 1650 actionem
305 1589 404 1648 inferre
422 1607 477 1648 uon
494 1598 650 1664 potuerunt.
687 1593 803 1650 Gumtor
820 1609 837 1648 a
854 1597 932 1663 patra
950 1597 1115 1649 testamento
1138 1593 1220 1648 datus
1243 1593 1393 1663 impuberis
1416 1595 1534 1663 negotiis
1554 1609 1584 1650 se
1603 1603 1632 1644 11

150 1698 200 1754 per
222 1697 341 1738 errorem
363 1682 523 1738 immiscuit:
549 1689 646 1753 postea
664 1699 681 1738 a
697 1689 824 1753 praetore
846 1681 984 1738 tutoribus
1006 1682 1066 1738 aliis
1089 1682 1161 1737 datis
1183 1683 1332 1752 periculum
1351 1682 1435 1738 taturi
1453 1684 1585 1754 temporis

118 1772 203 1840 dille,
222 1772 268 1840 qni
286 1777 383 1842 postes
400 1772 465 1827 nibil
482 1773 577 1842 gessit,
596 1787 650 1828 non
668 1771 828 1842 praestabit.
859 1771 911 1836 Qui
927 1785 957 1826 se
972 1771 1090 1840 negotiis
1102 1771 1251 1842 impuberis
1263 1787 1317 1827 nen
1335 1773 1393 1827 iure
1411 1777 1486 1828 tutor
1503 1773 1584 1828 datus

151 1860 301 1916 secundum
319 1862 406 1931 patris
424 1862 591 1916 uoluntatem
609 1862 770 1931 immiscuit,
794 1875 886 1916 errore
903 1866 1042 1930 comperto
1060 1865 1176 1916 tutorem
1196 1865 1355 1930 apraetore
1373 1861 1503 1916 constitui
1520 1877 1583 1918 con·

151 1950 248 2004 sattius
265 1953 355 2020 petet,
373 1965 408 2006 ne
425 1949 508 2020 tome,
530 1951 553 2006 si
571 1965 628 2006 rem
647 1957 771 2022 coeptam
790 1949 954 2020 deseruerit,
978 1949 1082 2004 fraudis
1100 1950 1145 2006 uel
1162 1951 1258 2020 eulpae
1276 1965 1360 2005 causa
1378 1949 1583 2008 condemnetur.

151 2053 205 2094 non
223 2038 295 2094 idem
313 2046 447 2109 seruatur,
466 2041 490 2095 si
508 2040 569 2110 quis
587 2041 658 2096 ultro
676 2041 817 2110 negotium
836 2040 953 2094 alienum
972 2040 1098 2110 gesserit,
1117 2053 1179 2094 cum
1198 2039 1265 2094 satis
1283 2039 1446 2110 abundeque
1465 2037 1584 2095 sufficiat
1602 2049 1631 2089 ae

118 2128 195 2183 ausi
216 2127 244 2182 in
268 2144 323 2183 una
346 2130 438 2199 speeie
461 2145 510 2200 per
533 2131 613 2186 amici
636 2129 755 2186 laborem
775 2129 885 2184 domino
904 2129 1016 2184 (01111111.
1053 2129 1141 2184 Heres
1163 2129 1317 2198 institutus,
1341 2128 1389 2198 qui
1411 2144 1467 2184 nen
1488 2128 1585 2184 habuit

151 2216 338 2287 substitutum,
357 2220 514 2288 priusquam
532 2219 711 2274 hereditatem
732 2218 827 2288 adiret,
845 2233 929 2288 quam
946 2217 1081 2287 impuberi
1099 2218 1241 2274 restituere
1259 2216 1362 2288 debuit,
1381 2219 1439 2273 uita
1451 2217 1582 2273 decessit:

150 2321 213 2362 cum
232 2305 368 2362 hereditas
387 2307 415 2362 in
432 2309 511 2364 ltalia
528 2314 615 2378 esset,
638 2309 756 2379 scriptus
775 2314 866 2363 (11111111
890 2307 969 2362 heres
992 2309 1020 2362 in
1038 2308 1179 2378 prouincia
1200 2307 1259 2362 uita
1277 2305 1454 2377 decessisset,
1478 2312 1583 2362 tutores
1625 2323 1628 2326 ·

150 2395 357 2465 prouincialium
374 2411 463 2452 rerum
483 2397 579 2468 culpae
597 2399 705 2453 nomine
728 2396 949 2452 condemnandos
972 2397 1141 2467 existimaui,
1166 2397 1190 2452 si
1212 2411 1325 2451 causam
1347 2397 1506 2451 testamenti
1529 2411 1583 2452 non

151 2485 308 2554 ignorantes
330 2485 475 2542 utilitatem
494 2485 642 2556 impuberis
660 2486 854 2542 deseruerunt:
878 2502 941 2542 nam
966 2485 1142 2542 hereditatis³
1159 2485 1187 2540 in
1210 2486 1351 2555 prouincia
1372 2483 1583 2541 fideicommissa
1601 2493 1630 2537 ac

83 2631 91 2646 ‚
150 2573 277 2628 restituto
302 2588 413 2628 oausam
436 2574 545 2644 quidem
570 2577 636 2631 iuris
659 2577 781 2647 expediri
803 2577 939 2646 potuisse,
963 2589 1052 2630 rarum
1076 2579 1168 2630 autem
1193 2574 1455 2630 administrationem
1480 2574 1516 2629 ad
1535 2589 1582 2630 eos

117 2670 133 2716 t
150 2663 271 2718 recidere
289 2661 426 2733 debuisse,
444 2664 492 2733 qui
510 2666 624 2720 tutelam
641 2665 669 2720 in
688 2666 767 2720 ltalia
784 2665 979 2735 suscepissent.
1016 2663 1158 2719 Aduersus
1175 2667 1303 2732 tutorem,
1322 2663 1369 2732 qui
1387 2661 1518 2733 pupillum
1537 2663 1582 2719 be·

150 2751 265 2806 reditate
282 2753 367 2822 patria
385 2751 524 2824 abstinuit,
543 2754 677 2810 actionem
697 2754 827 2824 denegari
845 2767 900 2810 non
917 2757 1026 2824 oportet
1043 2753 1178 2823 creditori,
1197 2753 1243 2822 qui
1262 2767 1323 2807 cum
1342 2753 1403 2822 ipso
1415 2756 1506 2808 tutore
1518 2768 1581 2808 con·

117 2842 246 2912 ttraxit,
269 2841 395 2911 quamuis
412 2847 488 2897 tutor
504 2845 648 2912 pecuniam
666 2843 695 2898 in
712 2859 769 2898 rem
793 2841 941 2913 impuberis
964 2847 1091 2899 uerteret
1128 2841 1274 2897 Curatores
1293 2841 1476 2896 adulescentia
1495 2842 1582 2898 mutui

149 2931 261 3002 periculi
279 2931 369 3000 gratia
386 2931 539 2986 cautionem
558 2933 676 2988 inuicem
694 2931 746 2988 sibi
764 2931 948 3002 praebuerunt
965 2937 994 2988 et
1012 2933 1040 2988 in
1058 2948 1118 2988 eam
1137 2945 1193 2986 rem
1212 2932 1328 3001 pignora
1345 2930 1494 2986 dederunt:
1519 2947 1581 2986 oum
1600 2939 1630 2980 111

149 3019 240 3077 cilicio
259 3020 385 3092 deposito
403 3021 535 3076 soluendo
553 3019 682 3091 fuissent,
702 3021 805 3076 irritam
824 3022 978 3078 cautionem
997 3037 1058 3077 esse
1076 3020 1178 3077 laetam
1196 3023 1225 3074 et
1241 3019 1364 3090 pignoris
1382 3021 1519 3076 uinculum
1539 3035 1581 3076 sc·

116 3112 235 3166 elutum
260 3109 395 3180 apparuit
432 3109 519 3165 Tutor
541 3109 623 3166 datus
646 3111 779 3166 addemus
801 3110 888 3180 ipsam
911 3112 1077 3166 creationem
1100 3110 1274 3180 prouocauit:
1301 3108 1380 3164 hares
1403 3111 1462 3166 eius
1485 3115 1582 3179 postea

149 3201 239 3256 uictus
256 3199 396 3270 praeteriti
412 3199 543 3269 temporis
561 3199 710 3271 periculum
728 3199 892 3270 praestabit,
916 3201 982 3270 quia
1003 3215 1057 3256 non
1081 3200 1189 3268 uidetur
1210 3198 1280 3253 leuis
1303 3199 1384 3268 culpa
1402 3205 1498 3255 contra
1515 3200 1581 3255 iuria

118 3289 339 3344 tauctoritatem
358 3287 516 3344 mandatum
534 3289 638 3344 tutelae
656 3286 775 3344 officium
794 3288 954 3344 detrectare.
991 3290 1091 3346 11111111
1115 3288 1322 3360 prouincialium
1344 3293 1450 3344 tutores
1467 3289 1495 3344 in
1513 3288 1581 3344 urbe

150 3393 250 3433 causas
267 3378 456 3447 appellationis
473 3377 645 3448 impuberum
663 3383 790 3448 mentes,
814 3393 905 3434 rerum
923 3379 1078 3434 italicarum
1102 3383 1241 3440 curatores
1263 3382 1296 3432 111
1313 3377 1499 3448 impuberibus
1517 3393 1580 3434 con·
1600 3385 1629 3428 11

150 3467 306 3535 stitnaetur,
325 3467 335 3538 ΙΙ
354 3467 390 3522 ((1
407 3466 527 3523 odicium
545 3483 625 3524 suum
643 3483 773 3524 reuocare
791 3467 905 3523 debent:
929 3469 1047 3539 diequin
1065 3469 1089 3523 si
1106 3469 1181 3537 prius
1203 3469 1232 3522 in
1254 3468 1423 3538 prouinciam
1442 3467 1580 3537 redierint,
1598 3471 1614 3518 1.
1626 3471 1680 3519 sio'

118 3559 133 3606 8
150 3555 242 3610 dolum
261 3559 310 3610 aut
327 3556 433 3625 culpam
452 3569 545 3612 ectum
563 3557 591 3612 in
610 3573 644 3613 sa
660 3571 769 3628 qnoque
787 3563 866 3627 parte
889 3563 964 3612 recte
986 3559 1069 3614 iudex
1092 3557 1245 3614 conueniet.
1275 3557 1392 3612 Pennus
1413 3560 1580 3612 testamento

150 3641 313 3700 1111111111(
331 3649 406 3700 tutor
423 3645 504 3701 datus
522 3661 584 3702 cum
602 3647 631 3702 in
648 3647 728 3702 Italia
745 3645 911 3702 domicilium
929 3645 1050 3716 haberet,
1069 3651 1125 3701 tam
1143 3647 1299 3702 italicarum
1318 3661 1408 3700 rerum
1420 3662 1501 3716 quam
1520 3661 1581 3718 pro·

149 3733 306 3790 uincialium
324 3733 585 3792 administrationem
603 3737 724 3806 suscepit
742 3740 824 3805 atque
842 3736 882 3789 ita
899 3735 1042 3805 pecuniam
1061 3749 1096 3790 ex
1114 3735 1316 3792 conditionibus
1328 3735 1432 3790 Romae
1449 3735 1581 3791 reiectam

149 3825 178 3878 in
195 3823 362 3893 prouinciam
381 3825 488 3880 traiecit
505 3831 534 3880 et
550 3827 579 3880 in
597 3825 781 3880 calendarium
799 3825 894 3895 pupilli
911 3825 1059 3880 conuertit:
1077 3828 1153 3880 tutor
1170 3825 1198 3881 in
1216 3826 1305 3898 locum
1324 3825 1383 3880 elus
1396 3825 1499 3880 Romae
1518 3824 1581 3880 sub·
1600 3831 1629 3872 11

149 3913 261 3968 stitutus
284 3912 546 3970 administrationem
569 3915 715 3986 pecuniae,
739 3929 810 3984 quae
833 3927 887 3969 non
910 3914 1028 3983 pertinet
1050 3913 1086 3969 ad
1108 3915 1222 3970 tutelam
1245 3899 1337 3983 suam,
1361 3914 1501 3985 suscipere
1526 3929 1581 3969 non

117 4007 131 4054 s
149 4002 265 4071 cogitur.
295 4001 441 4059 Curatores
458 4007 625 4060 testamnto
643 4003 688 4058 uel
705 4007 811 4058 tutores
829 4003 960 4058 inutiliter
977 4003 1034 4057 dati
1052 4017 1141 4072 neque
1154 4003 1266 4059 decreto
1283 4003 1417 4074 praetoris
1430 4001 1582 4058 confirmati

148 4093 261 4161 negotia
277 4098 430 4161 gesserunt.
456 4093 517 4149 eice
540 4099 636 4148 mutua
652 4092 803 4163 pericnlum
825 4097 965 4161 praestare
989 4099 1138 4162 eoguntur,
1163 4107 1225 4148 cum
1248 4091 1368 4148 cilicium
1393 4099 1490 4163 sponte
1513 4093 1582 4148 citra

148 4181 214 4237 iuris
232 4179 426 4237 adminiculum
443 4182 572 4237 innuerint
589 4187 617 4237 st
634 4181 681 4252 qui
698 4179 751 4236 init
772 4180 902 4250 idoneus,
927 4180 1067 4236 decretum
1090 4183 1224 4252 praetoris
1247 4186 1387 4237 curatores
1409 4183 1455 4236 uel
1476 4185 1581 4237 tutores

101 4275 131 4321 10
142 4271 339 4326 ,constituentis
357 4271 501 4341 implorare
520 4271 652 4328 debuerit.
682 4269 831 4326 ‘ibtoribus
850 4269 956 4325 idoneis
973 4271 1046 4326 diem
1065 4269 1166 4327 iunctis
1184 4272 1246 4326 uice
1264 4273 1360 4327 mutua
1376 4271 1526 4341 periculum
1546 4269 1582 4324 sd
1599 4276 1628 4319 tt

102 4365 130 4410 11
149 4359 262 4416 heredes
279 4375 374 4417 eorum
392 4375 447 4417 non
464 4360 612 4432 redundat,
636 4360 710 4432 quod
731 4375 787 4416 non
808 4358 905 4416 habuit
927 4359 1017 4416 locum
1041 4357 1131 4416 officio
1154 4361 1257 4417 tutelae
1280 4363 1416 4416 manente.
1452 4360 1484 4415 111
1508 4373 1580 4432 cum,
1672 4403 1676 4416 .

148 4467 195 4536 F(
196 4467 300 4524 walo
300 4469 317 4538 )

150 4620 159 4654 ¹
177 4619 280 4674 tutelae
298 4621 358 4687 (oen
375 4619 406 4674 de
423 4617 543 4688 Wetcrl'?
613 4619 626 4654 ²
642 4617 802 4674 hereditatis
819 4618 866 4674 det

148 4769 165 4823 11
192 4769 394 4839 eomputauitur
420 4769 457 4822 Ρ
529 4769 563 4824 18
592 4768 770 4826 immis's'cuit
799 4767 838 4823 Ρ*
889 4769 951 4838 rint]
971 4767 1089 4824 iuuarint
1106 4768 1152 4832 Ρ,
1170 4766 1395 4832 intuerintF’W,
1413 4767 1525 4824 intuerit
1542 4769 1580 4837 (11

148 4841 183 4894 22
200 4839 379 4896 substitutum
444 4838 540 4894 debuit
563 4859 610 4894 osu.
623 4842 660 4894 5¹
713 4841 748 4895 27
760 4840 836 4894 here·
889 4847 1005 4912 mospius
1021 4840 1066 4894 usl
1078 4839 1203 4909 arripuit)
1215 4839 1248 4905 E,
1266 4841 1443 4895 interuenerit
1459 4843 1497 4906 (11
1508 4859 1579 4895 11111(-

146 4911 242 4982 ditate]
263 4911 346 4975 Elei,
365 4911 543 4966 hereditatem
561 4911 660 4968 FWO·
706 4912 837 4980 3311111(-
888 4919 949 4998 pins
967 4912 1000 4966 al.
1014 4912 1119 4978 int....,
1142 4911 1177 4966 (1.
1189 4911 1337 4984 1111111(11..,
1361 4911 1395 4968 al.
1413 4911 1579 4980 claui...)I,

146 4985 231 5042 stanit
243 4983 279 5038 F¹
296 4985 301 5052 Ι
316 4983 402 5038 laeuis
413 4984 454 5052 Fi
470 4984 551 5052 culpa
562 5002 610 5038 om.
620 4983 658 5036 F¹
705 4981 838 5039 441111(-
890 4983 1033 5040 iniecerint
1051 4983 1075 5038 0
