3600 5354
205 212 249 280 111
271 214 388 280 bii-i
878 207 962 288 100
1411 231 1457 277 ua
1479 229 1638 278 uaeoms

206 368 344 424 dominum
363 367 397 424 de
415 368 522 438 peouiio
540 368 683 425 dumuxat
700 369 820 425 dandm
837 369 981 424 sotionem
1008 368 1136 438 idemque
1154 373 1198 423 est
1214 373 1243 424 st
1260 369 1284 423 si
1301 369 1344 424 sui
1361 369 1427 422 iuris
1445 383 1507 424 esse
1524 383 1572 424 eos
1588 383 1638 438 pu·

206 457 272 514 taui.
308 473 371 512 nam
395 463 424 512 et
446 459 470 513 si
493 473 602 514 mruum
625 473 681 514 non
704 458 887 514 neeessariam
911 472 1002 513 emero
1023 457 1032 526 ΙΙ
1050 455 1106 513 tilio
1129 461 1177 512 tuo
1201 463 1229 512 et
1250 461 1282 512 tu
1300 463 1389 512 ratum
1407 455 1549 526 habueris,
1573 456 1638 512 nihil
1655 464 1671 511 1.
1682 460 1720 511 64'

206 547 311 616 agitur¹
330 545 521 602 ratihabitione
544 546 640 604 eodem
657 548 718 604 loeo
735 547 902 617 Pomponius
919 546 1013 602 scribit
1029 545 1081 602 hoo
1099 546 1219 617 edisoto,
1242 545 1317 616 quod
1334 551 1425 615 putat,
1450 547 1502 600 etsi
1519 545 1586 602 nihil
1603 547 1639 601 alt

205 636 234 690 in
251 636 367 704 peeulio,
385 635 513 704 quoniam
531 636 593 705 plus
610 637 681 707 patri
699 636 844 693 dominoue
861 635 985 706 debetur,
1005 641 1033 692 et
1050 636 1078 690 in
1095 641 1202 706 patrem
1221 633 1340 690 dandam
1352 635 1495 704 actionem,
1513 637 1542 690 in
1554 651 1637 705 quan-

122 722 187 782 917)
207 729 264 780 tum
281 724 441 794 loeupletior
459 738 494 778 ex
512 739 574 779 mea
591 724 826 781 administratione
844 723 933 781 faetus
951 727 995 782 sit
1024 724 1079 780 Sed
1097 725 1121 780 si
1138 724 1256 780 hominis
1273 722 1350 778 liberi
1368 723 1415 792 qui
1432 723 1482 779 tibi
1499 723 1573 780 hona
1583 723 1638 780 fide
1657 734 1670 774 s

206 811 344 868 sentiebat
366 813 477 882 negotia
500 827 625 882 gessero:
648 815 674 869 si
696 814 806 884 quidem
829 819 929 885 putans
946 820 1025 870 tuum
1043 829 1105 870 esse
1123 829 1232 869 seruum
1250 812 1338 882 gessi,
1362 812 1527 882 Pomponius
1545 813 1640 868 soribit

206 917 299 957 earum
317 917 407 957 rerum
425 901 601 971 peculiarium
620 917 712 974 eausa,
731 919 802 974 quae
819 909 847 959 to
864 905 943 974 sequi
961 903 1070 974 debent,
1089 907 1180 959 tooum
1199 901 1264 957 mihi
1281 899 1340 958 iore
1358 902 1529 971 negotiorum
1547 907 1638 972 gesto

206 1007 266 1046 rum
284 991 427 1060 nationem,
447 1005 541 1046 earum
559 1007 624 1047 uero
642 1007 740 1062 rerum,
759 1008 830 1063 quae
847 993 937 1062 ipsum
956 998 1114 1063 sequuntur,
1133 1008 1187 1048 non
1205 995 1305 1061 teeum,
1323 991 1453 1047 sedoum
1471 992 1540 1062 ipso.
1571 990 1639 1046 sed¹

206 1079 230 1134 si
246 1079 361 1136 libemm
378 1080 454 1150 seiui,
474 1095 567 1136 aarum
579 1081 689 1151 quddam
699 1097 800 1152 rerum,
819 1097 965 1152 quassum
978 1087 1136 1153 sequuntur,
1155 1079 1262 1136 habebo
1275 1080 1407 1136 aduersus
1419 1095 1481 1135 eum
1494 1080 1637 1149 sotionem,

109 1173 137 1218 10
154 1169 186 1228 (⁸)
206 1182 300 1224 murm
318 1184 399 1238 uero,
417 1185 487 1240 quae
505 1175 533 1226 te
551 1176 714 1242 sequuntur,
733 1171 866 1226 aduerm
883 1177 919 1227 te.
957 1170 986 1228 Si
1004 1172 1069 1227 'litii
1087 1185 1198 1227 seruum
1215 1175 1316 1240 putans
1334 1170 1380 1240 qui
1399 1175 1458 1224 erat
1475 1167 1637 1238 Sempronii,
1658 1179 1685 1219 ro

206 1256 307 1314 dedero
324 1259 467 1327 peouniam
486 1275 520 1315 no
538 1260 720 1329 oeeideretur,
739 1265 770 1314 ut
786 1260 952 1331 Pomponius
971 1261 1017 1331 ait,
1036 1259 1143 1316 habebo
1161 1259 1332 1328 negotiorum
1348 1263 1487 1331 postorum
1505 1257 1638 1312 aduersus

108 1352 134 1396 11
154 1347 186 1406 (⁹)
206 1343 394 1416 Sempronium
418 1348 561 1405 sotionem.
597 1349 666 1404 Item
684 1348 822 1418 quaeritur
839 1350 915 1420 apud
932 1349 1046 1405 Pedium
1063 1347 1133 1404 libro
1151 1348 1280 1418 septimo,
1305 1347 1329 1402 si
1347 1347 1448 1422 'litium
1467 1348 1545 1417 quasi
1562 1345 1637 1402 debi-

206 1440 291 1490 torem
314 1441 391 1490 tuum
416 1443 494 1492 extra
511 1437 640 1492 iudioium
659 1437 824 1493 edmonmro
842 1443 871 1494 et
888 1439 912 1493 is
930 1438 997 1493 mihi
1015 1439 1140 1507 soluerit,
1165 1453 1227 1492 oum
1246 1435 1353 1491 debitor
1370 1451 1424 1492 non
1443 1441 1528 1506 esset,
1553 1440 1638 1506 tuque

205 1528 302 1594 postea
318 1525 481 1594 eognoueris
498 1531 527 1582 et
544 1531 632 1582 ratum
651 1525 790 1582 habueris:
808 1543 844 1582 an
862 1527 1032 1596 negotiorum
1051 1531 1190 1597 gastonem
1206 1526 1313 1581 actione
1326 1540 1369 1580 me
1380 1526 1471 1595 possis
1482 1525 1636 1580 conuenire.

205 1617 235 1668 et
252 1613 290 1668 ait
308 1612 425 1670 dubitari
443 1629 532 1685 posse,
552 1615 616 1686 qnia
634 1615 736 1671 nulium
754 1616 895 1685 negotium
914 1622 991 1671 tuum
1009 1622 1118 1686 gestum
1137 1621 1187 1684 est,
1207 1631 1268 1670 eum
1286 1613 1394 1669 debitor
1405 1617 1469 1670 tuus
1482 1629 1536 1670 non
1548 1613 1637 1670 fuerit
1658 1624 1684 1665 ru

206 1701 255 1758 sed
272 1701 439 1774 ratihabitio,
458 1704 558 1774 inquit,
581 1701 646 1760 seoit
662 1709 739 1760 tuum
758 1705 911 1774 negotium:
930 1709 959 1760 et
976 1705 1048 1760 siout
1065 1704 1091 1760 ei
1109 1719 1126 1758 a
1144 1718 1198 1773 quo
1217 1709 1344 1758 exaemm
1362 1708 1406 1758 est
1424 1703 1556 1758 aduersus
1575 1705 1637 1758 euin

205 1789 286 1846 dutnr
301 1792 427 1861 repetitio
445 1793 492 1863 qui
509 1798 598 1848 ratum
616 1791 718 1862 habuit,
737 1794 776 1848 ita
793 1799 822 1849 et
838 1794 890 1863 ipsi
908 1793 1020 1848 debebit
1036 1799 1099 1863 post
1117 1790 1335 1846 ratihabitionem
1352 1791 1484 1847 aduersus
1501 1807 1546 1848 ma
1565 1807 1637 1848 eom

205 1885 298 1950 petere
315 1881 396 1936 aetio.
428 1882 468 1937 sie
485 1881 640 1937 ratihabitio
658 1883 806 1940 eonstituet
822 1887 899 1937 tuum
918 1883 1072 1952 negotium,
1091 1880 1165 1950 quod
1184 1879 1218 1935 ab
1236 1880 1313 1936 initio
1331 1885 1408 1936 buum
1426 1895 1481 1936 non
1498 1887 1569 1950 erat,
1587 1880 1638 1935 sed

92 1977 120 2022 11
138 1973 186 2032 (10)
205 1975 254 2024 tue
271 1971 498 2040 contemplatione
516 1976 633 2040 gestiam
670 1971 746 2026 Idem
765 1971 817 2040 ait,
841 1971 865 2026 si
882 1971 947 2026 Titii
965 1969 1129 2041 debitorem,
1154 1970 1199 2024 oui
1215 1975 1244 2023 te
1262 1969 1389 2024 heredem
1408 1969 1551 2040 putabam,
1575 1984 1637 2024 oum

206 2064 281 2114 emet
298 2057 378 2116 Seius
395 2059 487 2130 huss,
512 2074 665 2115 oonuenero
683 2061 806 2116 similiter
824 2065 853 2116 ot
870 2074 1001 2129 exegero,
1025 2075 1089 2115 mox
1106 2064 1137 2114 tu
1155 2063 1244 2114 ratum
1262 2057 1403 2114 habueris:
1426 2071 1488 2114 esse
1507 2056 1572 2113 mihi
1591 2056 1637 2112 ad·
1657 2068 1684 2109 so

206 2163 302 2204 uersus
319 2153 348 2202 to
365 2153 394 2204 et
411 2147 460 2204 tibi
478 2143 601 2204 munnam
617 2149 785 2218 negotiorum
802 2153 942 2220 gestorum
958 2149 1104 2204 sotionem.
1132 2147 1237 2220 adquin
1246 2147 1363 2202 alienum
1375 2147 1515 2218 negotium
1528 2151 1636 2215 gestam

206 2241 257 2306 est,
275 2237 325 2292 sed
342 2236 497 2293 rehhabitio
515 2236 568 2292 hoo
585 2239 725 2293 eoneiiiat:
744 2253 815 2308 quae
832 2253 876 2293 res
895 2235 987 2307 efficit,
1005 2242 1037 2292 ut
1054 2243 1131 2292 tuum
1149 2236 1290 2305 negotium
1308 2240 1417 2305 gestum
1435 2235 1561 2290 uideatur
1579 2240 1638 2290 eta

93 2332 121 2377 ta
139 2328 186 2388 (11)
205 2329 233 2380 to
251 2324 388 2382 hereditas
405 2326 462 2396 peti
479 2327 574 2397 possit
608 2326 679 2392 Quid
697 2341 777 2397 ergo,
796 2327 884 2396 inquit
901 2325 1016 2394 Pedius,
1035 2325 1072 2394 si,
1090 2341 1153 2380 eum
1171 2329 1199 2378 te
1216 2323 1344 2378 heredem
1363 2328 1501 2394 putarem,
1520 2323 1636 2378 insulam

205 2412 306 2470 suissro
322 2413 513 2470 hereditariam
531 2419 615 2484 tuque
632 2417 721 2472 ratum
739 2415 874 2486 habueris,
893 2432 928 2470 an
945 2415 983 2470 sit
999 2412 1065 2468 mihi
1083 2413 1215 2468 aduersus
1233 2417 1261 2467 te
1272 2412 1364 2468 aetio?
1391 2412 1440 2468 sed
1451 2428 1506 2468 non
1518 2411 1577 2469 iore
1589 2413 1636 2482 ait,

206 2519 269 2558 oum
285 2502 338 2559 hoe
354 2501 429 2560 fanto
446 2519 508 2560 meo
526 2505 595 2560 aiter
612 2505 648 2560 sit
664 2505 845 2574 loeupletatus
863 2509 892 2560 et
909 2503 1020 2560 alterium
1038 2518 1068 2558 re
1085 2503 1147 2572 ipsa
1164 2507 1272 2571 gestum
1290 2501 1431 2571 negotium
1442 2503 1493 2572 sit,
1511 2517 1563 2557 nee
1574 2515 1636 2571 pos
1656 2511 1685 2554 aa

94 2600 123 2645 11
139 2575 250 2662 (12)⁴sit,
269 2592 343 2662 quod
360 2593 405 2648 eiii
423 2592 588 2674 adquisitum
606 2598 650 2649 est
666 2594 727 2664 ipso
744 2598 834 2663 gestu,
853 2593 905 2650 hoo
921 2598 1000 2648 tuum
1018 2592 1157 2662 negotium
1177 2590 1272 2646 uideri.
1308 2590 1457 2646 Uideamus
1474 2591 1502 2646 in
1520 2605 1638 2660 persona

207 2681 280 2752 eius,
297 2682 345 2751 qui
362 2683 473 2752 negotia
489 2677 672 2752 administrat,
690 2683 714 2738 si
731 2682 866 2752 quaedam
883 2682 971 2752 gessit
986 2681 1122 2752 quaedam
1141 2697 1204 2750 non,
1223 2679 1450 2749 oontemplatione
1467 2685 1560 2735 umen
1578 2680 1637 2735 eius

207 2771 276 2828 aliua
294 2771 331 2826 ad
348 2769 416 2826 haee
433 2787 488 2828 non
505 2772 630 2842 aeoessit,
649 2776 678 2828 et
694 2771 718 2827 si
735 2771 778 2826 uir
795 2771 913 2841 diligens
930 2771 1016 2842 (quod
1033 2769 1068 2826 ab
1086 2785 1120 2826 eo
1135 2769 1281 2839 exigimus)
1293 2769 1375 2824 etiam
1387 2783 1421 2823 ea
1432 2772 1559 2838 gesurrus
1571 2766 1636 2823 fuit:

208 2876 244 2916 an
261 2859 316 2916 diei
333 2858 433 2918 debeat
450 2861 621 2931 negotiorum
638 2864 779 2930 gestorum
797 2875 860 2915 eum
877 2860 965 2916 teneri
982 2864 1012 2915 et
1027 2864 1139 2929 propter
1155 2873 1191 2914 ea
1204 2872 1275 2928 ques
1288 2872 1342 2912 non
1353 2857 1459 2926 gessit?
1485 2855 1559 2927 quod
1570 2861 1638 2927 puto

207 2949 308 3004 uerius.
344 2954 417 3006 uerte
441 2950 466 3004 si
488 2950 555 3020 qnid
572 2966 590 3005 a
607 2964 637 3005 se
655 2949 765 3019 exigere
788 2948 896 3018 debuit,
920 2947 1013 3018 proeui
1037 2947 1121 3004 dnbio
1138 2946 1191 3002 hoe
1208 2947 1234 3002 ei
1250 2945 1436 3017 imputabitur.
1472 2959 1638 3016 quamquam
1657 2957 1685 2999 ao

204 3037 280 3093 ‘anim
298 3035 351 3094 hoe
368 3039 394 3093 ei
410 3038 539 3109 imputari
556 3055 611 3094 non
628 3038 730 3109 possit,
749 3053 797 3095 our
815 3039 883 3094 aiios
901 3036 1039 3092 debitores
1056 3051 1111 3093 non
1129 3035 1294 3105 eonuenerit,
1312 3035 1440 3105 quoniam
1459 3033 1638 3092 eonneniendi

208 3141 257 3182 eos
279 3126 379 3183 iuditio
402 3125 560 3183 imultatem
583 3140 638 3184 non
654 3127 763 3197 habuit,
787 3127 833 3197 qui
851 3127 952 3183 nrdhm
970 3125 1104 3181 actionem
1122 3124 1262 3180 intendere
1280 3125 1382 3196 potuit:
1405 3131 1498 3181 umen
1516 3141 1533 3179 a
1551 3129 1639 3178 semet

208 3216 268 3286 ipso
286 3231 335 3272 eur
351 3231 407 3272 non
424 3217 554 3286 exegerit,
572 3216 598 3272 ei
616 3215 806 3286 imputabitur:
824 3216 894 3272 etsi
911 3213 981 3271 forte
997 3229 1053 3270 non
1063 3213 1146 3269 fuerit
1156 3223 1309 3268 usurarum
1322 3213 1452 3286 debitum,
1471 3213 1566 3282 inoipit
1576 3225 1638 3267 esse

208 3305 374 3376 usurarium,
393 3309 424 3360 ut
441 3305 523 3360 diuus
540 3306 605 3360 Pius
622 3305 717 3360 Flauio
736 3305 860 3374 Longino
877 3303 1030 3374 rescripsit:
1049 3303 1101 3358 nisi
1119 3300 1198 3372 forte,
1216 3303 1311 3373 inquit,
1330 3319 1427 3359 usuras
1445 3304 1471 3359 oi
1488 3301 1637 3358 remiserat.
1657 3313 1686 3354 ss

106 3391 124 3450 6
145 3388 190 3469 (7)
261 3395 380 3450 Psunus
397 3393 467 3450 hhro
485 3409 557 3450 nono
572 3393 608 3449 ad
619 3393 748 3448 edietum.
776 3393 845 3459 Quia
856 3391 1016 3450 tantundem
1028 3392 1056 3446 in
1069 3391 1157 3447 bonae
1168 3390 1232 3446 fidei
1244 3391 1351 3448 iudioiis
1363 3390 1481 3448 offitium
1501 3385 1638 3476 [Q
1656 3395 1683 3450 E

209 3482 307 3540 iudieis
323 3483 406 3552 ualet,
424 3487 556 3552 quantum
574 3483 603 3538 in
619 3482 794 3553 stipulatione
812 3482 971 3538 nominatim
989 3481 1048 3537 eius
1065 3481 1104 3536 rei
1122 3479 1197 3536 faeta
1213 3480 1397 3549 interrogatio.

107 3569 124 3626 7
146 3567 190 3646 (8)
262 3571 411 3628 Uesaeuus
427 3571 497 3628 libro
515 3571 621 3627 deeimo
638 3571 675 3626 ad
692 3571 819 3627 edietum.
847 3570 877 3627 Si
895 3575 986 3626 autem
1004 3567 1149 3639 isinitqui
1161 3570 1273 3639 negotia
1284 3569 1484 3626 administrauit
1502 3563 1640 3654 [Q
1657 3575 1684 3630 Ε

210 3677 227 3716 a
245 3676 300 3730 quo
317 3661 476 3716 mandatum
494 3676 550 3716 non
567 3659 735 3730 exigebatur,
754 3673 836 3731 posse
854 3668 881 3714 es·
899 3660 1034 3730 imputari,
1053 3673 1102 3714 our
1118 3657 1211 3714 oblata
1228 3659 1263 3713 de
1281 3663 1341 3714 rato
1359 3659 1484 3715 oauhone
1503 3674 1565 3714 eum
1584 3673 1639 3714 non

209 3749 351 3806 eonuenit:
369 3749 393 3806 si
411 3750 500 3806 modo
511 3749 591 3806 faeiie
608 3749 634 3805 ei
651 3748 733 3806 suerit
749 3749 890 3806 safisdnre.
917 3754 992 3805 oerte
1009 3749 1037 3804 in
1055 3764 1106 3804 sua
1122 3763 1242 3818 persona
1257 3747 1438 3804 indubitatum
1457 3753 1513 3804 est:
1531 3753 1560 3804 at
1576 3748 1639 3804 ideo
1658 3758 1685 3800 aa

210 3855 359 3927 FPmU)

212 4021 220 4052 ¹
239 4017 285 4087 agi
302 4017 371 4070 tura?
441 4017 453 4052 ¹
461 4021 575 4090 finnant
591 4017 640 4072 RS
657 4017 780 4089 (Stephu
800 4017 823 4070 εἰ
841 4015 871 4069 1“ε
890 4016 975 4086 tibere:
994 4015 1210 4083 sedet(Ho1.)?

205 4139 227 4194 Ἰ-3
245 4137 361 4209 adiecto]
374 4138 511 4205 F’P‘LU,
529 4139 619 4194 edioto
632 4140 678 4205 11,
697 4139 734 4194 ad
751 4139 841 4195 odieto
859 4141 899 4194 P‘¹
951 4141 1126 4210 negotiorum
1150 4140 1189 4193 P·
1251 4141 1286 4194 24
1310 4137 1435 4194 habueri·
1459 4139 1486 4192 F
1504 4138 1643 4205 (habueris

209 4211 274 4266 ⁴iet
291 4211 318 4265 in
336 4215 441 4296 patrem
459 4210 578 4266 dandam
596 4211 741 4280 sotionem]
767 4213 805 4264 sai
827 4211 898 4272 οῩτω
951 4232 984 4265 m.
997 4213 1024 4279 3)
1079 4209 1363 4267 obuersatur
1410 4211 1444 4264 111
1466 4215 1574 4280 gestum
1593 4211 1641 4275 P0,

210 4282 302 4336 hibetur
322 4301 369 4336 reu
389 4283 418 4336 h'e
437 4283 558 4348 πεκογλίο
576 4281 638 4336 sard
652 4281 809 4352 reinarphc
823 4281 837 4334 is
851 4283 899 4344 τοῨ
951 4287 1030 4352 gesto
1043 4282 1117 4336 ΡΨ
1159 4283 1194 4336 29
1208 4281 1393 4348 ‘d’andieiFl
1408 4281 1557 4350 gestorum}
1577 4282 1641 4346 hur,

210 4353 339 4416 aecrhroa
357 4354 407 4408 BS
424 4353 536 4425 (Stepd.)
590 4353 674 4408 bsed
692 4353 761 4408 etsi
781 4354 830 4420 ΡΙ
852 4352 898 4409 ho·
951 4358 1091 4424 gestorum
1118 4353 1229 4408 aooione
1260 4352 1348 4406 PL‘U
1368 4354 1373 4420 Ι
1397 4353 1469 4422 quod
1480 4352 1519 4407 'io’
1528 4358 1594 4438 puto
1622 4353 1647 4404 F

210 4424 301 4494 minis]
324 4424 385 4480 he'is
407 4426 446 4478 P·
466 4426 471 4493 1
491 4423 554 4494 fide]
578 4425 637 4480 side
658 4426 696 4478 F:
754 4427 773 4479 8
794 4424 896 4493 earum]
952 4426 987 4480 30
1004 4425 1128 4494 exigerat
1146 4425 1187 4478 P:
1238 4427 1271 4479 31
1290 4424 1343 4479 hoo
1360 4424 1400 4478 tu
1417 4425 1465 4475 pa
1486 4425 1491 4492 Ι
1513 4440 1538 4479 er
1555 4425 1640 4493 impu-

210 4509 301 4552 earem
319 4497 355 4548 11
409 4495 520 4565 9soiui]
539 4495 603 4562 Lu,
627 4495 695 4552 soibi
717 4497 749 4562 F,
772 4496 897 4550 soiuerim
952 4497 1003 4551 tari
1036 4495 1190 4566 eumputari
1212 4497 1259 4548 p„
1313 4495 1347 4549 33
1365 4495 1506 4564 *erogarit
1523 4496 1562 4550 P’
1581 4497 1585 4561 Ι
1606 4493 1640 4580 eil

210 4567 288 4634 PVl
309 4565 397 4622 habeo
418 4567 466 4632 1²⁰,
489 4566 601 4622 habehit
622 4568 650 4621 V
704 4569 739 4622 10
761 4565 857 4622 uero's'
878 4567 904 4620 F
952 4573 981 4622 et
1035 4566 1269 4638 ‘iimputabiturl
1306 4565 1427 4620 utebitur
1444 4565 1484 4620 P·
1500 4569 1504 4635 Ι
1520 4571 1549 4622 et
1566 4567 1599 4636 ei]
1618 4581 1641 4620 er

212 4640 244 4692 11
255 4636 344 4694 habeo
352 4637 392 4692 P‘*
407 4639 412 4706 Ι
427 4639 576 4708 gestorum]
587 4639 780 4708 questorumF
810 4637 899 4693 14111.-
952 4639 992 4692 P:
1012 4641 1016 4702 Ι
1040 4639 1224 4693 ussuramium
1248 4583 1370 4693 debitum
1394 4637 1444 4692 Fi*
1491 4639 1527 4694 36
1545 4637 1641 4692 iudicis

210 4709 301 4765 buerit
326 4710 375 4777 1Ἰ
399 4710 537 4766 aoeionem
564 4711 603 4763 P·
675 4711 709 4765 15
735 4715 764 4765 et
781 4710 837 4764 *ait
861 4709 900 4762 F³
952 4729 1001 4764 om.
1014 4709 1119 4765 P·VU⁶
1142 4711 1146 4777 Ι
1171 4710 1228 4764 rei*
1246 4711 1284 4762 F’
1337 4710 1372 4764 38
1389 4723 1470 4779 posse
1488 4708 1641 4778 eomputari

213 4783 245 4836 11
268 4781 376 4850 rspeoio
399 4780 464 4850 quia
480 4781 513 4846 P,
534 4781 660 4851 repetitio
683 4797 738 4852 qua
759 4781 806 4849 Vi
827 4779 900 4851 post]
952 4781 997 4849 11
1018 4789 1084 4836 *ouh
1107 4780 1200 4836 oblata
1219 4781 1245 4834 F
1299 4781 1334 4836 39
1361 4781 1497 4850 conuenit]
1522 4779 1641 4835 auiuenit

211 4857 275 4923 post
291 4865 341 4922 pro
360 4852 399 4906 Ρ·
452 4853 487 4907 18
509 4852 557 4922 sie]
581 4853 606 4908 si
623 4853 670 4917 P·‚
693 4861 741 4907 iac.
753 4853 789 4906 11
810 4854 814 4921 Ι
835 4866 899 4921 neg.
952 4852 997 4918 F1,
1023 4853 1182 4908 oonuenerit
1203 4852 1318 4906 PVLU⁶
1339 4853 1343 4920 Ι
1363 4858 1499 4922 persona
1516 4850 1553 4906 F'
1574 4853 1579 4920 Ι
1599 4855 1642 4906 est

210 4931 287 4978 mum
307 4924 356 4978 PL
408 4923 443 4978 20
465 4924 558 4980 *seius
580 4925 625 4989 F',
649 4923 690 4978 sei
707 4925 747 4978 P·
770 4925 775 4992 Ι
799 4921 858 4978 e's't
878 4923 904 4976 F
951 4923 1015 4980 e‘x't
1031 4925 1057 4978 F

211 4997 245 5050 21
266 4994 472 5066 nenegotiorum
490 4996 537 5062 11
557 4995 650 5066 aequm
669 4996 706 5048 ps
726 4997 731 5068 Ι
751 4994 900 5065 negotium]
