3652 5362
255 182 390 251 XXVIII
411 184 431 249 6
451 187 567 244 31-36
933 167 1021 252 856
1042 155 1045 164 ’
1406 197 1455 246 ua
1477 197 1651 248 nmmum
1673 197 1719 246 ar

256 340 420 413 quandoque
438 338 521 396 inerit
538 338 713 408 intellegatur
731 352 766 394 au
784 335 908 407 quisquis
926 334 1005 392 beree
1023 338 1082 390 tum
1101 336 1161 406 erit,
1179 351 1242 394 eum
1260 335 1333 394 tillus
1344 337 1487 394 moriatur.
1517 337 1634 408 plaouit
1650 353 1715 409 pru·

256 430 394 500 dentibus,
413 430 436 484 ιι
455 427 619 499 quaudoque
636 427 715 482 heres
734 425 846 482 fuisset:
863 425 990 496 quamuis
1009 426 1080 480 enim
1099 425 1164 481 uiuo
1181 427 1285 497 pupilio
1301 425 1381 482 heres
1398 441 1463 482 esse
1480 427 1621 497 desisset,
1640 426 1714 484 sorte

257 535 292 575 ex
310 535 394 574 osum
413 518 448 573 de
466 515 626 585 inofficioso,
645 531 717 586 quse
734 531 784 586 pro
802 519 882 586 parte
900 519 975 569 mota
992 519 1044 583 est,
1062 513 1184 570 futurum
1203 507 1295 572 ts'meu
1315 531 1377 572 eum
1395 516 1530 572 heredem
1551 531 1589 572 ex
1608 516 1711 572 substi-

223 619 236 664 1
256 609 363 664 tutione
382 605 515 662 creditum
534 611 584 660 eet.
621 605 683 660 Nou
701 604 782 660 simili
800 603 883 659 modo
901 604 929 658 in
946 603 999 658 hae
1010 605 1102 673 speeie
1115 604 1261 660 dioendum
1272 610 1324 676 est,
1343 607 1449 676 siquis,
1468 621 1536 662 eum
1548 605 1627 662 iilios
1640 607 1711 662 duos

257 696 379 764 baberet,
398 695 497 751 Gaium
516 692 656 764 puberem,
676 693 791 748 Lucium
810 691 988 763 impuberem,
1006 693 1046 748 ite
1063 691 1119 748 tillo
1137 693 1339 750 substituisset:
1359 695 1390 750 'si
1408 695 1513 751 Lusius
1532 693 1612 751 filius
1631 709 1740 752 meuse

257 785 390 856 'impubes
413 784 562 839 deoesserit
584 797 674 852 neque
699 781 764 837 mibi
783 781 870 838 Gaius
893 779 965 836 iilius
988 781 1069 837 bores
1091 783 1157 853 etit,
1181 789 1247 839 tune
1265 783 1345 840 Seius
1368 783 1447 840 beree
1466 784 1553 841 esto’:
1577 801 1647 841 num
1671 787 1710 840 ita

257 874 407 946 prudentes
428 873 480 929 hoo
503 872 674 943 interpretati
697 875 775 941 suut,
802 875 834 926 ut
860 869 896 925 ad
922 869 1073 941 impuberis
1100 877 1215 928 mortem
1242 873 1367 930 eondioio
1393 873 1606 930 substitutionis
1634 879 1710 930 esset

257 962 408 1019 referenda.

200 1051 238 1112 33
310 1053 389 1107 ineu
406 1050 476 1106 libro
493 1050 581 1120 primo
599 1049 635 1104 ad
653 1048 780 1104 Urseium
798 1049 938 1104 Ieroeem.
974 1048 1026 1116 Qui
1045 1049 1199 1120 complures
1221 1049 1335 1106 heredes
1358 1066 1396 1142 ex·
1410 1051 1504 1123 dispa-
1524 1047 1746 1138 QS

257 1140 333 1198 ribus
351 1139 476 1211 partibus
494 1139 651 1194 Instituerat
670 1142 699 1194 et
716 1139 744 1193 in
763 1137 805 1194 bis
823 1137 946 1208 Attium,
971 1138 995 1193 si
1012 1136 1107 1194 Attius
1130 1153 1185 1194 non
1208 1139 1320 1210 sdierit,
1342 1145 1449 1196 muros
1472 1155 1509 1198 ex
1531 1142 1627 1198 isdem
1646 1159 1708 1213 pur-
1727 1156 1752 1196 ιι

256 1229 332 1286 tubus
350 1228 451 1298 quibus
468 1228 625 1283 instituerat
641 1225 756 1282 heredes
774 1227 800 1282 ei
818 1226 1010 1282 substituerat:
1034 1225 1146 1296 deiude,
1166 1228 1190 1282 sl
1207 1227 1301 1284 Attius
1319 1243 1374 1285 uon
1392 1229 1512 1300 udisset,
1530 1231 1644 1286 Titium
1662 1248 1708 1289 eo

257 1317 385 1374 heredem
409 1318 449 1372 eis
473 1317 520 1386 qui
544 1316 687 1372 substituti
711 1321 776 1372 sunt
799 1316 907 1372 adieoit.
935 1316 1089 1386 quaesitum
1112 1321 1168 1386 est,
1192 1332 1275 1386 quem
1298 1321 1404 1387 partem
1422 1319 1447 1373 is
1465 1324 1497 1374 et
1513 1335 1602 1389 quum
1622 1322 1708 1378 ueteri

258 1406 377 1462 babituri
395 1411 496 1461 essent.
524 1404 654 1475 respondi
665 1405 768 1460 'litIurn
780 1405 895 1475 uirilem,
914 1409 1021 1460 eeteros
1033 1404 1227 1461 hereditarias:
1245 1407 1331 1462 ueluti
1343 1407 1367 1461 si
1379 1412 1435 1462 tres
1447 1406 1580 1478 inissem,
1599 1411 1707 1468 Titium

257 1501 364 1567 purtem
388 1500 513 1564 quartam
537 1493 667 1548 Attianae
689 1494 775 1564 partis
799 1493 970 1563 hebiturum,
995 1495 1160 1563 reliquarum
1184 1495 1303 1566 partium
1327 1495 1507 1552 hereditarius
1530 1503 1647 1569 partes,
1672 1516 1708 1556 ex

257 1584 358 1656 quibus
376 1583 494 1640 instituti
512 1587 598 1653 erent,
617 1583 737 1653 reliquos
754 1582 897 1638 babituros
915 1597 986 1638 esse.
1013 1583 1087 1652 quod
1105 1583 1129 1638 si
1147 1599 1203 1640 non
1220 1584 1308 1640 solum
1326 1585 1438 1656 Titium,
1458 1585 1510 1642 sed
1528 1589 1618 1642 etism
1638 1590 1709 1646 elius
1726 1599 1751 1642 ιι

258 1673 405 1730 adiecisset
421 1671 545 1742 heredes,
564 1671 614 1727 bos
633 1671 744 1741 quldem
762 1671 855 1728 uiriles
872 1677 965 1742 paroes
983 1671 1138 1728 babituros:
1160 1673 1246 1728 ueluti
1263 1673 1287 1728 si
1305 1677 1361 1728 tres
1378 1680 1447 1744 putu
1463 1673 1623 1732 eoberedes
1640 1676 1708 1734 iuis

258 1767 321 1819 sent
336 1761 494 1829 substituti,
517 1761 641 1816 extranei
665 1759 720 1816 duo
744 1760 859 1831 adieeti,
883 1759 934 1816 hos
957 1762 1068 1831 quintus
1084 1765 1178 1832 partes
1196 1761 1326 1818 Attianae
1343 1763 1443 1834 partis,
1466 1765 1595 1834 reliquos
1613 1773 1707 1824 autem

258 1849 408 1908 ooberedes
426 1849 604 1906 hereditarias
622 1853 715 1918 partes
732 1849 874 1906 babituros
892 1864 954 1905 esse
973 1849 1050 1905 dixit

201 1940 240 2000 33
312 1940 485 1995 moesus
507 1938 577 1994 libro
601 1939 723 1995 seeundo
745 1939 946 2010 quaestionum.
988 1937 1017 1994 Si
1041 1942 1129 1996 mater
1151 1939 1191 1994 ite
1211 1944 1343 2010 testetur,
1365 1945 1397 1996 ut
1417 1939 1504 1998 ilium
1523 1937 1709 2030 Q
1737 1953 1755 2008 s

258 2027 436 2100 impuberem,
456 2043 518 2083 eum
537 2029 589 2084 erit
607 2043 739 2084 annorum
757 2028 986 2099 qusttuordeoim,
1003 2027 1131 2084 heredem
1149 2029 1276 2084 instituat
1293 2031 1373 2099 elque
1390 2031 1577 2102 pupillaribus
1595 2035 1709 2107 tabulis,
1725 2049 1750 2089 ιι

226 2131 238 2176 1
258 2118 282 2174 ιι
299 2116 352 2172 sibi
370 2116 450 2172 heres
468 2131 524 2174 non
543 2117 607 2188 erit,
632 2118 715 2173 alium
734 2115 897 2188 substituat,
916 2119 991 2172 uolet
1008 2117 1175 2174 substituto.
1212 2117 1241 2174 Si
1259 2116 1330 2174 filius
1349 2123 1431 2174 etex
1448 2134 1483 2174 eo
1501 2135 1594 2191 nepos
1611 2130 1708 2193 postn-

258 2222 320 2266 mus
338 2207 377 2262 ita
395 2205 510 2262 beredes
528 2207 713 2276 instituuntur,
731 2212 763 2262 ut
775 2206 855 2262 Gallo
867 2205 978 2277 Aquilio
995 2207 1106 2278 placuit,
1126 2214 1155 2262 et
1170 2208 1272 2278 nepoti,
1292 2207 1316 2262 si
1333 2208 1357 2264 is
1370 2207 1448 2264 beree
1460 2223 1517 2264 nou
1529 2210 1597 2281 erit,
1615 2213 1709 2268 Titius

259 2295 450 2368 substituatur,
468 2293 524 2352 filio
541 2295 642 2352 herede
660 2295 797 2351 existente
807 2295 911 2352 Titium
928 2294 1094 2366 omnimodo,
1111 2294 1141 2350 id
1154 2301 1199 2351 est
1210 2296 1293 2352 etism
1306 2297 1330 2352 si
1342 2312 1428 2368 nepos
1440 2303 1525 2354 nutus
1537 2316 1598 2356 nou
1616 2300 1708 2373 fuerit

259 2385 368 2442 exoludi
385 2384 536 2456 respoudit.
1724 2404 1750 2445 ιι

202 2475 242 2535 34
312 2473 477 2530 mentitio
494 2477 592 2544 quarto
610 2473 810 2543 quaestionum.
846 2473 890 2529 lix
907 2471 1015 2530 duobus
1032 2471 1221 2544 impuberibus
1237 2475 1276 2544 ei,
1297 2475 1344 2544 qui
1362 2490 1508 2545 supremus
1526 2473 1708 2567 Q
1735 2485 1752 2540 ε

260 2567 424 2634 moreretur,
442 2562 571 2618 heredem
590 2561 741 2618 substituIt
772 2561 795 2618 si
812 2561 894 2618 slmul
911 2567 1095 2633 morerentur,
1113 2565 1222 2634 utrique
1240 2563 1367 2620 heredem
1386 2580 1448 2620 esse
1466 2569 1618 2640 respondI,
1644 2573 1708 2642 quis

260 2668 405 2724 supremus
428 2667 484 2709 uon
506 2652 530 2707 is
552 2651 663 2708 demum
685 2651 733 2721 qui
755 2656 820 2722 post
837 2652 969 2721 aliquem,
994 2651 1143 2708 sedetiam
1162 2658 1324 2722 postquem
1343 2655 1492 2726 nemosit,
1516 2657 1707 2732 intellegatur,

261 2743 333 2798 siout
354 2747 383 2798 et
406 2757 422 2796 e
445 2741 581 2796 oonuario
603 2740 743 2810 proxImns
762 2740 773 2812 i
792 2755 846 2796 non
871 2741 958 2796 solum
977 2741 1002 2796 is
1020 2741 1149 2810 quiante
1167 2742 1299 2812 aliquem,
1322 2743 1473 2824 sedetiam
1493 2745 1517 2800 is
1538 2751 1608 2803 unte
1624 2765 1707 2820 quem
1723 2751 1794 2818 qut

230 2847 241 2891 l
260 2845 342 2888 nemo
360 2831 398 2886 sit
414 2831 589 2900 intellegitur.
624 2829 723 2886 Filium
741 2828 911 2899 impuberem
932 2833 961 2885 et
977 2830 1081 2884 TItium
1100 2830 1215 2887 heredes
1232 2831 1364 2886 Instituit:
1387 2831 1462 2887 Titio
1480 2833 1625 2892 ilaeuium
1644 2838 1707 2894 sub

261 2921 360 2991 adluit,
377 2919 442 2991 filio,
460 2918 582 2990 quisquis
600 2917 652 2974 sibi
670 2918 749 2974 heres
768 2923 842 2976 esset
854 2934 889 2974 ex
901 2934 985 2990 supra
997 2919 1114 2989 seriptis,
1132 2919 1288 2978 substituit:
1306 2920 1395 2976 Titius
1407 2921 1501 2977 omisit
1512 2922 1707 2999 bereditstsrn,
1723 2939 1745 2980 ιι

262 3009 386 3065 liueuius
407 3009 483 3065 adiit
510 3013 619 3064 mortuo
642 3007 741 3064 deinde
764 3006 820 3064 lilio
839 3012 920 3078 putat
937 3008 1027 3077 mugla
1044 3007 1071 3064 ei
1088 3008 1139 3064 soli
1157 3023 1193 3064 ex
1210 3005 1403 3066 substitutione
1420 3009 1525 3068 deferri
1543 3016 1707 3086 pupilli-be-

229 3098 420 3169 areditatem,
440 3098 487 3168 qui
504 3097 590 3168 patris
607 3111 718 3168 quoque
736 3096 915 3154 beredItetem
933 3097 1039 3154 adierit
1075 3098 1190 3154 Etiamsi
1212 3103 1308 3154 oontm
1329 3099 1415 3170 patris
1436 3099 1552 3158 tubulus
1573 3103 1707 3163 bonerum

261 3188 400 3258 possessio
417 3188 505 3258 petits
522 3187 571 3258 sit,
590 3186 750 3242 substitutio
766 3190 860 3242 tamen
877 3186 1018 3258 pupiliers
1035 3187 1123 3257 uelet,
1145 3194 1174 3243 et
1189 3187 1283 3259 legate
1299 3187 1425 3244 omnibus
1442 3193 1619 3259 praestanda
1636 3201 1707 3267 suut

262 3290 333 3347 quse
351 3291 369 3332 u
385 3275 595 3332 substitutione¹
614 3275 680 3332 data
697 3280 769 3332 suut
1723 3296 1746 3336 ιι

205 3369 244 3430 35
315 3364 393 3420 Inuu
409 3365 479 3422 libro
497 3365 593 3436 quinto
610 3365 810 3435 quaestionum.
845 3364 905 3420 Etsi
922 3368 1018 3420 eonba
1033 3363 1143 3422 tabuiss
1160 3365 1246 3436 patris
1263 3367 1351 3438 petita
1368 3367 1405 3422 sit
1422 3370 1561 3439 apupillo
1574 3371 1740 3430 bonornrni

261 3441 410 3526 possessio,
428 3454 457 3509 in
474 3454 653 3510 substitutum
671 3458 765 3509 tumen
782 3455 842 3510 eius
860 3455 996 3511 sotionem
1011 3455 1096 3525 legsti
1113 3454 1231 3510 dsndsm
1244 3469 1306 3511 esee
1317 3457 1365 3526 its,
1383 3461 1416 3512 ut
1426 3465 1589 3528 augemur
1599 3471 1709 3534 praeter

262 3559 297 3600 ea
320 3544 394 3614 quod
416 3542 488 3600 ilius
511 3544 648 3600 extraneis
670 3558 726 3600 nou
748 3542 899 3600 dsbuedt’.
927 3544 969 3600 sio
991 3549 1020 3600 et
1040 3559 1164 3600 oresoere
1188 3561 1205 3600 a
1228 3543 1377 3600 substituto
1395 3545 1463 3602 dats
1480 3548 1593 3620 legata,
1618 3553 1645 3608 si
1661 3568 1709 3624 per

261 3631 395 3689 bonorum
417 3635 620 3704 possessionem
642 3633 704 3704 plus
727 3632 763 3688 sd
785 3631 871 3688 tilium
893 3633 1078 3703 peruenisset,
1102 3633 1333 3704 quemadmodum
1355 3638 1384 3689 et
1407 3635 1468 3705 ipse
1485 3634 1563 3694 filius
1581 3641 1648 3710 plus
1664 3656 1709 3697 eu·

263 3723 351 3793 septis
373 3721 494 3778 deberet.
527 3722 569 3778 bis
592 3737 764 3792 consequens
782 3736 844 3778 esse
862 3722 1002 3792 existimo,
1025 3729 1070 3793 ut,
1095 3723 1119 3778 si
1136 3723 1262 3793 impubes
1281 3739 1317 3779 ex
1334 3737 1397 3778 asse
1415 3725 1539 3795 seriptus
1558 3729 1596 3782 sit
1614 3733 1646 3784 et
1662 3745 1709 3802 ps

263 3810 394 3868 bonorum
413 3813 614 3881 possessiouem
632 3812 716 3867 semis
733 3812 759 3866 ei
777 3809 885 3866 ablatus
903 3810 948 3880 sit,
966 3809 1131 3868 substitutus
1148 3813 1176 3867 iu
1193 3817 1299 3882 purtem
1311 3813 1395 3882 legati
1407 3814 1520 3870 nomine
1532 3825 1708 3888 exonmtm,
1723 3831 1744 3870 ιι

263 3906 303 3970 ut,
321 3901 551 3971 quemadmodum
569 3903 667 3971 portio,
692 3915 764 3970 quse
780 3899 980 3971 perbouorum
998 3901 1201 3970 possessionem
1219 3902 1374 3971 aeeesserit,
1396 3909 1482 3972 suget
1498 3903 1606 3976 legam,
1625 3908 1666 3964 its
1682 3911 1709 3962 et

262 3989 307 4046 bio
324 4003 396 4060 quae
413 3989 578 4046 abseesserit
594 3989 708 4046 minuat.

206 4087 246 4148 36
316 4079 491 4135 ιιιιιοιιιιιιι
507 4077 576 4134 libro
595 4083 693 4148 quarto
711 4079 922 4135 Institutionum.
952 4079 1048 4134 Potest
1064 4079 1130 4160 quie
1143 4079 1172 4133 in
1183 4084 1348 4136 testamento
1366 4076 1747 4163 i1s

263 4169 356 4239 plures
373 4167 476 4238 gradm
493 4165 625 4223 heredum
642 4165 742 4237 iuuere,
760 4171 841 4236 puts:
860 4166 890 4221 ‘si
902 4167 948 4222 ilie
960 4166 1039 4223 heres
1050 4186 1101 4222 nou
1113 4161 1169 4232 erit,
1188 4171 1228 4224 iiis
1240 4170 1313 4225 teres
1324 4167 1400 4240 esto',
1418 4176 1448 4225 et
1459 4170 1597 4244 deiueeps
1609 4177 1707 4246 plures,

231 4272 245 4318 1
264 4261 297 4312 ut
313 4257 462 4312 nouissiuno
480 4257 541 4312 looo
558 4257 586 4312 iu
603 4254 756 4312 subsidium
769 4256 814 4311 uel
826 4271 936 4311 seruum
949 4255 1133 4312 neeessarium
1146 4255 1275 4313 heredem
1289 4258 1421 4314 lustitust
1452 4259 1490 4315 Et
1502 4262 1551 4318 uel
1569 4259 1708 4351 Q
1722 4277 1743 4318 ιι

264 4351 487 4425 munuera)

265 4491 275 4527 ¹
293 4487 443 4544 substituto
462 4487 562 4556 (eddii
632 4473 756 4574 ’suppis'
768 4493 805 4542 ito
814 4488 891 4574 serf:
908 4487 948 4542 ita
965 4491 997 4543 ut
1015 4493 1168 4574 augeantur
1185 4494 1295 4560 praeter
1312 4505 1345 4545 ea
1362 4489 1465 4560 [legata
1482 4506 1559 4562 quse
1577 4497 1639 4566 peti
1656 4511 1707 4552 non

264 4565 381 4632 possunt
398 4559 551 4631 propterea]
570 4559 644 4630 quod
661 4557 733 4614 dhus
750 4562 889 4615 extraneis
906 4573 961 4615 uon
979 4558 1105 4615 debuerit
1123 4563 1167 4636 (es.
1180 4561 1216 4616 D.
1228 4561 1272 4627 37,
1283 4563 1309 4627 5,
1320 4563 1338 4616 5
1348 4563 1401 4634 pr.)

265 4681 442 4738 euasisset*
464 4683 502 4736 F*
563 4683 580 4738 6
607 4683 660 4738 erIt
685 4686 752 4740 tuno
774 4684 850 4740 seius
876 4683 955 4739 heres
1008 4686 1043 4740 36
1061 4685 1089 4738 iu
1107 4686 1206 4740 onaF¹
1250 4687 1285 4740 39
1303 4685 1343 4758 ut]
1356 4686 1396 4740 ιιι
1405 4687 1431 4740 F
1432 4687 1444 4722 ¹
1460 4689 1466 4754 Ι
1482 4690 1708 4762 seriptasihsrss

265 4752 305 4806 bis
317 4753 354 4806 F¹
391 4753 650 4824 'liuterpraetstiF
686 4757 720 4810 13
738 4755 846 4826 eis]F¹,
863 4755 906 4810 bis
918 4756 956 4808 F³
1009 4756 1174 4826 seriptum
1190 4760 1194 4823 Ι
1210 4757 1362 4827 pessel*
1390 4757 1426 4813 41
1445 4763 1590 4829 queue?
1618 4764 1707 4822 sibe

266 4823 301 4877 16
313 4822 470 4879 abiturosF
505 4825 540 4880 33
553 4827 679 4880 natosF¹
716 4827 960 4898 25suppremusF
1008 4827 1101 4884 rodem
1119 4827 1157 4881 1³¹
1179 4832 1184 4892 Ι
1205 4843 1259 4883 non
1277 4828 1329 4883 erit
1344 4829 1390 4884 liie
1408 4830 1467 4892 (ille
1485 4836 1604 4901 οιιι.1ι·)
1622 4835 1707 4908 heres]

265 4893 301 4947 26
319 4899 507 4950 morerentur
524 4897 563 4949 F1
577 4899 582 4960 Ι
597 4897 755 4966 respondit*
768 4899 806 4953 ι’
847 4900 881 4954 29
900 4912 956 4954 me·
1010 4901 1071 4955 last
1085 4898 1179 4954 WDE
1195 4902 1234 4962 (ia
1245 4919 1327 4971 aurp.
1338 4900 1430 4970 Pibis]
1446 4903 1544 4969 deest>
1564 4908 1613 4973 lo.
1632 4907 1714 4964 ern!

265 4963 341 5020 uium
360 4967 385 5018 F
431 4967 467 5021 30
484 4965 694 5036 1ι1ιο]1ιιιιιιι“ι
748 4969 902 5026 titubetis
920 4970 955 5024 F¹
1009 4973 1045 5026 45
1063 4970 1183 5041 seruum]
1201 4985 1312 5027 ιιιιιιιιιι
1329 4973 1367 5025 F·
1382 4973 1388 5041 Ι
1403 4973 1442 5044 et]
1462 4981 1497 5032 ut
1517 4979 1555 5032 F·
