3652 5362
131 193 370 246 nsenmumsurs
694 213 697 222 ,
799 165 882 248 841
1250 170 1382 248 XXVIII
1402 173 1557 248 hee-41

132 333 217 404 'perse
227 333 366 392 codicillis
383 333 485 390 litium
503 331 632 390 heredem
647 330 792 401 scripsero,
810 329 890 386 heres
907 330 985 401 estc',
1006 331 1113 400 edumei
1129 346 1193 402 pars
1210 330 1239 388 in
1257 329 1388 388 codicillis
1406 343 1461 386 nen
1478 327 1561 386 iuuerit

132 423 278 494 adscripta,
295 423 349 478 erit
365 428 457 480 tamen
475 421 554 478 heres
571 420 650 490 quasi
666 421 727 476 sine
744 425 821 490 perte
838 419 989 476 institutus.

75 517 115 578 37
184 513 326 574 lurnsnus
344 511 412 570 libre
430 511 560 568 uicesimo
578 525 650 566 none
668 509 846 579 digestorum.
877 509 946 565 (inm
961 509 989 564 in
1006 513 1170 566 testamento
1188 509 1227 564 ita
1244 507 1385 566 scribitur:
1403 501 1559 594 Q
1578 517 1600 574 s

133 601 164 658 'si
181 599 253 656 filius
271 616 348 656 meus
366 616 409 656 me
428 601 492 656 uiuo
511 600 653 668 morietur,
676 612 762 668 nepos
779 613 814 654 er
832 613 866 654 ee
882 603 947 667 post
964 603 1077 654 mortem
1102 613 1190 653 meam
1208 603 1290 653 natus
1307 599 1387 654 heres
1404 597 1481 669 esto',
1505 597 1559 656 duo

132 690 234 760 medus
252 689 382 748 heredum
400 694 478 746 suut:
496 689 569 746 nullo
587 688 658 746 enim
677 703 745 744 casu
762 693 877 758 uterque
895 687 931 742 ad
943 686 1123 744 hereditatem
1135 687 1296 744 admittitur.
1322 702 1357 744 er
1371 703 1425 758 que
1438 690 1560 758 appetet,
1579 699 1593 742 e

132 780 156 834 ei
173 779 267 850 nepoti
279 779 368 838 Titium
385 775 652 839 substitutust'uerit
668 783 697 832 et
714 775 786 832 tilius
803 777 875 848 petri
891 775 972 834 heres
989 776 1133 846 exstiterit,
1151 790 1206 832 uon
1223 790 1305 846 posse
1317 775 1419 832 'litium
1431 792 1486 832 una
1497 792 1560 832 cunr

101 867 187 924 liiiio
203 868 339 924 heredem
360 883 436 938 mse,
459 867 525 937 quia
546 881 602 924 non
624 867 653 922 in
676 867 807 936 primum,
830 865 880 920 sed
903 866 931 922 in
954 864 1104 922 secundum
1127 864 1243 934 gradum
1267 864 1449 922 substituitur.
1485 866 1562 920 Haec

132 956 229 1013 uerba:
248 956 366 1012 ‘Publius
378 957 485 1012 llarcus
497 955 583 1012 (laius
601 956 717 1012 inuicem
736 953 877 1010 substituti
895 953 1010 1010 heredes
1027 953 1093 1010 mihi
1104 953 1192 1012 sunto'
1211 953 1250 1010 sic
1267 954 1471 1024 interpretanda
1488 960 1560 1024 sunt,

132 1049 163 1104 ut
181 1045 300 1102 breuiter
318 1045 457 1102 uideretur
474 1048 590 1100 testetur
607 1049 664 1100 tres
681 1043 833 1100 instituisse
850 1042 965 1098 heredes
988 1048 1018 1098 et
1035 1043 1152 1100 inuicem
1170 1058 1219 1098 ece
1237 1041 1425 1114 substituisse,
1448 1043 1561 1114 perinde

100 1146 115 1192 a
132 1149 166 1192 ae
183 1135 207 1190 si
223 1135 263 1190 ita
280 1135 450 1204 scripsisset:
469 1133 521 1190 ‘iiie
538 1138 567 1188 et
584 1133 629 1190 ille
648 1137 676 1188 et
692 1133 738 1188 ille
755 1133 872 1188 instituti
891 1131 1005 1188 heredes
1023 1135 1051 1188 et
1068 1131 1210 1188 substituti
1227 1132 1325 1188 sunte’.
1353 1132 1404 1200 Qui
1418 1137 1474 1188 tres
1491 1131 1561 1188 lilios
1581 1144 1609 1184 rc

132 1223 256 1282 habebat
268 1229 297 1280 et
313 1224 353 1280 its
370 1223 521 1292 scripserit:
541 1219 594 1278 'filii
614 1222 667 1276 mei
684 1220 799 1278 heredes
818 1226 913 1278 sunto:
931 1220 1044 1276 Publius
1059 1220 1133 1296 filius
1150 1237 1228 1278 meus
1248 1221 1363 1278 exheres
1380 1220 1457 1292 esto',
1474 1221 1562 1278 uideri

131 1319 225 1384 potest
240 1313 327 1383 prima
343 1317 422 1382 perte
439 1311 509 1368 duos
527 1311 671 1368 dumtaxat
687 1309 757 1366 filios
775 1309 890 1366 heredes
908 1311 1066 1368 instituisso.
1230 1369 1231 1374 η
1309 1349 1312 1376 2
1452 1351 1454 1358 ,

76 1401 114 1462 38
186 1402 197 1472 l
216 1401 293 1456 luens
309 1400 378 1456 libro
396 1401 537 1470 trigesimo
554 1401 732 1470 digestomm.
769 1398 822 1465 Qui
845 1397 900 1456 tilio
923 1398 1058 1469 impuberi
1078 1397 1250 1462 exheredato¹
1262 1398 1387 1468 Pamphi·
1405 1393 1563 1484 [Q
1581 1405 1603 1461 8
1618 1401 1698 1456 llud

131 1491 187 1546 lum
206 1491 289 1560 legat,
307 1489 424 1546 eundem
442 1495 638 1559 postmortem
656 1487 704 1546 tilii
721 1503 756 1546 ex
773 1493 852 1559 parte
870 1487 997 1544 heredem
1014 1488 1158 1544 instituere
1175 1486 1272 1543 eodem
1291 1487 1373 1544 medo
1390 1495 1491 1560 potest,
1508 1504 1563 1559 quo

131 1579 169 1648 is,
194 1580 240 1648 qui
263 1593 372 1636 sernum
391 1577 551 1648 Sempronio
575 1579 709 1648 legetum,
731 1577 864 1634 eundem¹
883 1582 947 1647 post
969 1582 1083 1634 mortem
1102 1575 1255 1648 Sempronii
1277 1582 1412 1648 exparte
1434 1577 1562 1634 heredem
1582 1588 1610 1632 :s

87 1681 113 1726 >1
132 1667 258 1724 instituit
294 1666 397 1724 Seruus
414 1671 579 1724 testamento
596 1667 675 1724 heres
692 1682 760 1737 pure
778 1666 905 1736 scriptus,
922 1665 991 1722 liber
1007 1670 1099 1722 autem
1117 1665 1209 1722 iussus
1223 1680 1295 1736 esse,
1312 1666 1336 1720 si
1348 1667 1420 1724 intra
1431 1666 1563 1727 kalendas

133 1755 300 1812 Decembres
316 1756 413 1816 decem
431 1757 566 1826 dedisset,
589 1756 614 1812 si
632 1755 763 1812 codicillis
780 1770 848 1824 pure
865 1753 1018 1810 lihertctsm
1036 1755 1187 1824 acceperit,
1208 1755 1281 1810 intra
1301 1754 1435 1812 kdsndes
1452 1756 1562 1825 quidem

125 1860 222 1914 ,neque
239 1845 308 1902 liber
325 1861 413 1916 neque
432 1845 511 1904 heres
529 1845 593 1914 erit,
616 1845 668 1902 nisi
686 1844 781 1900 decern
800 1843 919 1900 dederit:
943 1844 968 1900 si
985 1843 1059 1898 intre
1074 1842 1208 1898 kalendas
1226 1857 1280 1900 non
1298 1843 1417 1916 dederit,
1441 1844 1510 1901 liber
1527 1860 1562 1902 er

100 1933 265 1992 accdieillis
288 1933 347 1992 erit.
385 1933 498 2004 Siquis
520 1949 630 1990 seruum
654 1949 733 1990 suum
757 1931 872 1988 liberum
890 1931 952 1988 sub.
972 1931 1145 2002 condicione,
1168 1931 1296 1990 heredem
1319 1948 1387 2003 pure
1409 1933 1564 2005 scripsisset

133 2037 250 2093 eumque
268 2022 439 2080 uendidisset
455 2023 592 2094 pendente
609 2022 782 2092 condicione,
805 2021 882 2076 iussu
900 2021 1030 2092 emptoris
1053 2036 1150 2076 seruus
1168 2021 1244 2078 edire
1266 2021 1446 2080 hereditatem
1462 2027 1563 2094 potest,
1582 2034 1611 2075 ss

101 2125 115 2170 c
133 2112 199 2182 quia
216 2117 244 2167 et
261 2111 384 2166 comtitit
401 2112 537 2170 institutio
557 2117 587 2168 et
609 2112 716 2181 estqui
740 2112 783 2168 ius
800 2110 951 2180 impetendi
970 2107 1061 2166 hebet.
1097 2109 1175 2176 Quod
1194 2112 1217 2166 ei
1234 2116 1300 2181 pest
1317 2109 1453 2168 deiectam
1471 2111 1563 2170 condi·

100 2235 104 2244 ι
133 2201 238 2258 cionem
257 2201 391 2258 ehenatus
409 2200 516 2270 fuisset,
534 2215 588 2258 non
606 2205 699 2271 potest
716 2201 792 2256 iussu
810 2199 942 2270 emptoris
958 2198 1138 2254 hereditatem
1156 2198 1241 2270 adire,
1258 2200 1323 2270 quie
1340 2215 1374 2258 ec
1386 2206 1510 2272 tempore
1528 2199 1564 2256 ad

100 2303 194 2349 ceum
213 2291 394 2360 peruenisset,
411 2306 466 2360 quo
483 2291 538 2346 iam
556 2291 679 2346 extincta
695 2289 829 2344 institutio
847 2288 950 2344 inutilis
967 2286 1065 2344 iuerat.
1100 2287 1189 2358 igitur
1207 2304 1270 2344 cum
1288 2303 1385 2346 seruus
1402 2288 1454 2344 snb
1472 2289 1563 2348 eondl·

134 2379 211 2436 cione
229 2377 297 2436 liber
315 2375 377 2434 esse
394 2378 503 2436 iubetur
520 2385 549 2438 et
566 2380 686 2448 legatum
705 2393 772 2448 pure
791 2377 912 2448 accepit,
936 2377 961 2432 si
981 2375 1119 2446 pendente
1141 2375 1300 2434 condicione
1318 2379 1502 2436 manumissus
1519 2380 1564 2436 uel

134 2468 267 2523 alienatus
285 2465 387 2538 iuerat,
410 2468 531 2538 legatum
550 2467 662 2524 habebit
679 2473 728 2522 eut
744 2466 856 2522 domiuo
874 2465 1013 2536 edquriret,
1036 2465 1163 2536 quamuis
1187 2467 1283 2524 mortis
1300 2472 1423 2538 tempore
1440 2468 1564 2524 condicio
1583 2479 1612 2522 re

133 2555 267 2612 libertatis
284 2557 406 2614 extincte
423 2555 519 2614 fuerit:
537 2558 561 2614 si
579 2571 645 2612 uero
662 2561 726 2626 post
743 2555 880 2614 deiectum
894 2553 1060 2610 condicionis
1072 2555 1257 2610 manumissus
1267 2561 1318 2612 aut
1328 2557 1463 2614 alienatus
1474 2557 1563 2628 luerit,
1600 2585 1612 2618 ·.

101 2645 254 2716 nugatum
272 2645 307 2700 nd
326 2646 430 2702 irritum
448 2645 552 2702 recidit.
589 2645 658 2702 (ium
676 2645 803 2702 uenditor
820 2659 930 2700 seruum
954 2649 1018 2700 ante
1035 2643 1208 2698 raddonem
1228 2644 1263 2700 ab
1281 2649 1403 2716 emptore
1421 2661 1469 2717 pro
1487 2653 1564 2718 parte

134 2733 262 2790 heredem
280 2735 412 2804 scriptum
430 2734 609 2806 edireiubet,
627 2735 771 2790 restituere
789 2733 916 2790 coheredi
934 2733 1007 2788 serui
1024 2747 1139 2788 neceme
1156 2731 1253 2803 hebet,
1270 2735 1335 2803 quia
1351 2735 1457 2792 lucrum
1474 2735 1564 2794 fecere

134 2824 194 2884 cius
211 2824 285 2880 serui
303 2825 361 2880 iure
379 2835 459 2894 quem
478 2823 603 2880 uendidit
620 2839 675 2880 non
693 2823 784 2880 debet
811 2823 892 2893 plane
910 2837 965 2878 non
981 2826 1071 2878 totum
1088 2821 1162 2893 quod
1181 2821 1341 2891 adquisierit
1357 2825 1497 2896 restituet,
1515 2825 1565 2882 sed

133 2928 183 2984 prc
200 2927 236 2968 ea
252 2912 396 2968 demumr
412 2918 499 2982 parte,
518 2929 573 2983 qua
591 2927 687 2968 semus
705 2911 867 2968 coheredem
885 2911 1018 2982 hebuerit,
1584 2925 1613 2968 so

76 3006 115 3065 39
185 3002 360 3060 tirrenum
377 3001 447 3060 lihrc
462 3001 584 3058 secunde
601 3003 765 3072 regularum.
801 3001 830 3056 id
848 3007 894 3056 eat
910 3006 1016 3072 partem
1035 3001 1175 3058 dimidiam
1197 3000 1271 3056 serni
1294 3005 1323 3058 st
1346 3005 1471 3072 quartam
1489 3001 1564 3060 here·
1584 3007 1619 3061 S·

132 3091 235 3150 ditatis.
298 3107 299 3110 ¹
1399 3111 1400 3114 ¹

77 3183 116 3242 40
185 3180 268 3238 Libro
285 3180 427 3251 nigesimo
437 3180 613 3251 ¹digestorum
625 3180 741 3238 lumnru
752 3180 933 3236 Miscuimus
948 3183 1038 3236 notat:
1056 3179 1140 3236 immo
1158 3183 1187 3234 et
1203 3178 1232 3234 id
1244 3177 1328 3236 debet
1338 3181 1480 3251 praestari,
1492 3181 1566 3252 quod
1584 3186 1606 3242 3

133 3270 263 3339 ccnsequi
281 3269 407 3326 uenditor
424 3283 479 3326 non
495 3270 644 3341 potuisset,
663 3270 686 3325 si
703 3269 793 3340 prius,
817 3283 900 3340 quam
919 3267 1006 3324 adiret
1023 3283 1121 3324 semus
1139 3272 1245 3340 partem
1262 3267 1436 3340 hereditatis,
1454 3271 1495 3328 is¹
1512 3276 1566 3328 tra·
1632 3331 1636 3346 ,

132 3358 309 3416 dituseaset:
327 3358 403 3428 qnod
419 3365 463 3414 est
480 3374 584 3418 uerum.
1585 3381 1614 3424 ss

20 3447 115 3527 1(40)
186 3447 413 3508 inmusicum
430 3447 761 3518 trigesimcdigestorum.
791 3445 822 3502 Si
832 3451 911 3517 pater
922 3444 1039 3504 famlias
1047 3447 1158 3516 Titium,
1170 3461 1252 3517 quem
1270 3441 1567 3534 Q
1584 3464 1606 3520 ,ς

114 3569 118 3574 -
133 3535 282 3605 ingenuum
300 3549 361 3592 esse
379 3536 521 3608 credebat,
538 3537 684 3594 ⁸heredem
702 3536 844 3606 scripserit
854 3537 954 3606 cique,
978 3535 1100 3592 siherea
1117 3550 1172 3592 non
1190 3539 1276 3605 esset,
1295 3533 1485 3607 Sempronium
1504 3537 1566 3594 sub

133 3624 266 3693 stituerit,
290 3624 390 3680 deinde
407 3626 510 3694 Titius,
535 3626 600 3696 quia
621 3641 719 3682 seruus
736 3623 839 3695 iuerat,
858 3626 934 3682 iussu
952 3624 1055 3682 domini
1073 3624 1171 3680 adierit
1189 3623 1381 3682 hereditatem:
1403 3626 1568 3696 potestdici

134 3711 322 3782 Sempronium
341 3714 370 3770 in
386 3719 492 3783 partem
510 3713 669 3770 hereditatis
687 3713 802 3770 admitti.
834 3731 897 3770 narn
916 3714 963 3784 qui
981 3715 1033 3769 scit
1051 3714 1168 3783 aliquem
1186 3729 1295 3769 seruum
1315 3729 1376 3771 ease
1394 3719 1503 3772 etcum
1521 3714 1567 3772 he·

133 3802 227 3858 nedem
246 3801 340 3858 sembit
358 3806 386 3856 et
403 3803 443 3858 ita
460 3802 615 3857 substituit:
638 3803 668 3857 'si
687 3801 796 3858 Stichus
814 3802 893 3858 heres
911 3817 965 3858 non
984 3803 1049 3871 erit,
1073 3801 1250 3874 Sempronius
1268 3803 1347 3860 heres
1364 3801 1440 3873 esto'‚
1464 3803 1567 3860 intelle·
1586 3816 1615 3858 re

134 3893 208 3962 gitur
226 3892 280 3946 tale
298 3891 372 3962 quod
391 3891 494 3946 dicere:
511 3891 545 3945 'si
560 3890 670 3946 Stichus
687 3907 776 3962 neque
794 3892 853 3962 ipse
871 3891 950 3948 heres
969 3893 1021 3948 erit
1038 3907 1127 3961 neque
1146 3892 1226 3948 alium
1244 3890 1355 3948 iecerit'.
1383 3897 1413 3948 st
1430 3892 1476 3962 qui
1495 3908 1567 3964 eum,

134 3996 216 4051 quem
241 3980 354 4036 libemm
378 3985 459 4049 putet
481 3994 557 4051 esse,
580 3979 709 4036 heredem
728 3981 882 4052 scripserit,
902 3979 955 4036 hoe
972 3995 1097 4038 sermone
1116 3981 1147 4036 'ai
1164 3981 1243 4037 heres
1262 3997 1316 4038 non
1333 3981 1392 4037 erit'
1409 3981 1475 4038 nihil
1493 3981 1567 4038 allud

134 4071 300 4140 intellegitur
315 4068 485 4140 significare,
508 4085 589 4140 quam
608 4070 631 4124 si
649 4069 828 4126 hereditatem
847 4071 891 4126 uel
909 4069 1029 4126 sibinen
1047 4071 1208 4140 adquisierit
1224 4071 1268 4126 uel
1286 4075 1391 4128 mutata
1408 4071 1567 4128 condicione

133 4176 357 4246 HWDQEIC)

136 4319 246 4388 ¹leget,
264 4323 323 4374 tum
341 4317 478 4374 eundem?
549 4319 667 4374 'ledet
685 4319 762 4387 (nmis
777 4321 854 4391 pern.)
925 4320 1004 4390 'pre
1021 4325 1100 4390 parte
1117 4329 1163 4374 ins.
1183 4319 1318 4392 (eflc27.
1331 4320 1377 4389 30)

133 4460 214 4516 dms
232 4460 329 4513 nm.F¹
383 4461 551 4529 tuumque
569 4462 605 4516 Ρ
658 4462 823 4518 corsein-
876 4477 911 4517 ex
927 4461 1005 4530 aut),
1024 4462 1058 4518 isi
1075 4461 1192 4518 traditus
1211 4463 1245 4527 1⁶,
1263 4462 1410 4520 distraetus
1424 4461 1571 4520 WDEPO

134 4530 397 4598 ntr²1unn'm'r²
427 4531 627 4588 lsuhstituitur
637 4531 700 4604 ‘gra'
709 4533 778 4589 haec
787 4534 810 4586 F
813 4531 823 4564 ⁵
877 4532 1209 4604 38f11eratlt‘it'iussul'2
1244 4533 1567 4600 mauretaniarum

134 4603 152 4658 8
169 4601 324 4673 pu'pi’blius
336 4602 373 4660 Fi
389 4605 394 4669 Ι
410 4604 501 4672 gelum
515 4605 549 4658 F¹
566 4607 570 4668 Ι
586 4603 824 4673 interpr‘a'etanda
877 4605 1004 4660 heredem
1023 4604 1075 4660 fec.
1094 4604 1201 4669 willo,
1219 4606 1301 4662 alium
1319 4604 1371 4662 fec.
1383 4606 1511 4662 heredem
1524 4607 1567 4662 D:

135 4675 172 4727 Fi
227 4675 260 4728 10
287 4675 450 4744 scripsisset]
480 4675 622 4744 scripsisse
648 4681 677 4732 et
703 4679 761 4744 (sir)
786 4676 824 4730 F’
877 4677 901 4732 si
919 4690 1007 4746 neque
1025 4677 1175 4746 ipseheres
1188 4678 1434 4747 eritnequeaiium
1447 4679 1569 4734 effecerit

136 4745 465 4815 reponeremus*
502 4749 536 4802 15
548 4748 667 4816 legatum
681 4749 717 4800 F⁰
733 4751 737 4814 Ι
754 4762 823 4804 mor·
877 4749 941 4804 inst.
992 4748 1028 4802 lu
1046 4748 1139 4818 quem]
1157 4748 1232 4818 quim
1253 4750 1286 4804 Ρ
1340 4751 1568 4820 43n0n1E‘hir

134 4817 200 4886 tem]
212 4823 317 4888 portem
329 4817 365 4872 F·
396 4820 428 4873 l'l
438 4817 611 4874 decembrem
620 4819 658 4872 ΓΙ
690 4820 723 4874 19
732 4818 821 4887 suum]
878 4827 1007 4890 marpissa:
1025 4819 1114 4890 P[iais]
1131 4819 1321 4888 nondeestll,
1339 4840 1387 4875 om.
1400 4821 1525 4877 rhu-0:
1543 4821 1582 4877 ai

134 4903 211 4946 scum
230 4890 266 4944 F·
310 4889 345 4944 25
363 4889 491 4944 domiuo⁴
504 4888 550 4946 pu
585 4891 620 4946 33
638 4891 702 4948 ido
718 4909 822 4961 ρνοιοο-
877 4889 1056 4946 hereditatem
1074 4891 1127 4947 sibi
1145 4892 1214 4960 ciue,
1233 4893 1312 4950 cuius
1325 4893 1378 4978 iuri
1389 4899 1487 4980 postea
1503 4891 1596 4950 sub‘

134 4961 428 5018 &strenuissimum
461 4959 823 5031 blistradituslliltndscr.
876 4957 1634 5034 iectusmseonepcrit,nonadnmsxensiec.,q*⁰'·

1579 5197 1620 5302 't
