3668 5356
134 207 263 257 sorore
336 161 339 168 ’
812 183 899 265 609
1317 185 1394 254 lllll
1417 189 1431 254 1
1455 193 1570 250 sr-ae

134 347 289 402 cautionem
308 347 342 416 ei,
363 347 410 417 qui
428 347 518 402 sciens
536 345 673 416 uendidit,
691 344 751 401 fieri
768 345 868 414 solere,
887 345 911 400 si
928 344 956 400 in
974 342 1041 414 iuga
1058 349 1102 400 est
1118 343 1200 400 homo
1218 344 1277 399 sine
1295 345 1377 414 culpa
1395 342 1525 414 emptoris
1543 346 1572 398 et

134 435 218 491 nihilo
236 435 327 491 minus
344 435 542 491 condemnatur
558 433 697 490 uenditor:
716 439 775 490 tum
793 433 865 490 enim
883 448 982 490 cauere
999 438 1133 504 oportere,
1152 438 1183 490 ut
1200 438 1307 503 emptor
1324 432 1461 488 hominem
1479 445 1571 502 perse·

135 530 235 596 quatu
252 525 326 580 etin
344 540 396 580 sua
412 529 550 595 potestate
568 523 709 580 redactum
728 522 863 580 uenditori
881 521 987 594 reddat,

78 615 117 674 22
189 613 283 670 ulma
301 612 369 670 libro
387 613 474 684 primo
493 613 529 668 ud
547 613 667 670 edictum
686 613 814 668 sedilium
832 612 974 668 curulium.
1002 617 1032 668 et
1048 627 1137 682 nequo
1155 627 1204 683 per
1221 628 1252 668 se
1269 626 1360 682 neque
1377 626 1427 682 per
1441 608 1571 666 heredem
1589 610 1617 666 E

135 719 216 758 suum
233 701 364 772 laturum,
383 716 437 772 quo
456 703 546 758 minus
565 717 628 758 eum
646 702 784 758 hominem
804 701 929 756 uenditor
946 699 1057 756 habeat.
1589 715 1603 756 ι

77 793 116 851 23
189 791 340 848 Umnsns
361 790 431 846 libro
453 791 541 861 primo
565 792 601 848 ad
624 791 744 848 edictum
766 789 895 846 aedilium
913 790 1056 846 curulium.
1078 783 1162 846 'Cum
1180 793 1272 845 autem
1289 788 1379 845 redhi-
1397 783 1572 873 [ιι-ἰι
1589 789 1618 844 Ε

134 878 202 936 bitio
221 877 260 950 tit,
279 881 302 936 si
320 879 441 936 deterius
459 880 625 952 mancipium
644 880 703 936 siue
722 880 813 936 animo
831 880 891 937 siue
909 894 1022 950 corpore
1040 878 1075 934 ab
1094 882 1216 949 emptore
1235 877 1401 950 factumest,
1421 877 1572 948 praestabit

135 975 242 1038 emptor
263 969 414 1038 uenditori,
437 975 468 1024 ut
491 973 560 1040 puta
577 971 601 1024 ιι
619 973 773 1040 stupratum
791 969 894 1026 sitast
911 968 1028 1024 saeuitia
1045 968 1175 1038 emptoris
1193 965 1339 1037 fugitiuum
1358 982 1419 1022 esse
1437 967 1570 1038 coeperit:

134 1063 164 1114 et
180 1057 269 1128 ideo¹,
287 1058 376 1128 inquit
392 1058 568 1129 Pomponius,
586 1064 618 1114 ut
635 1074 670 1114 ex
687 1071 860 1128 quacumque
878 1073 963 1114 causa
981 1057 1101 1114 deterius
1120 1056 1223 1114 laetum
1242 1057 1285 1125 sit,
1304 1056 1333 1111 id
1350 1055 1461 1112 arbitrio
1473 1057 1571 1112 iudicis

135 1148 294 1203 aestimetur
312 1153 340 1202 et
357 1147 493 1204 uenditori
510 1152 673 1219 praestetur.
705 1147 780 1218 quod
799 1148 822 1202 si
840 1147 899 1202 sine
916 1147 1007 1202 iudice
1025 1145 1106 1202 homo
1125 1145 1276 1202 redhibitus
1294 1145 1338 1214 sit,
1357 1145 1461 1215 reliqua
1478 1151 1571 1202 autem
1590 1155 1618 1196 ro

104 1247 112 1291 ι
135 1253 206 1308 quae
224 1237 343 1294 diximus
360 1237 429 1293 nolit
446 1241 552 1308 emptor
570 1236 692 1306 reddere,
711 1234 830 1292 sufficiat
847 1235 983 1292 uenditori
1001 1251 1035 1292 ex
1053 1235 1166 1291 uendite
1184 1235 1265 1290 aetio
1293 1233 1393 1290 labent
1410 1233 1512 1290 aediles
1530 1249 1570 1290 re·

135 1327 212 1382 stitui
231 1329 260 1382 et
276 1325 350 1396 quod
369 1326 519 1382 conditioni
537 1326 655 1382 accessit
673 1329 702 1382 et
719 1326 743 1381 si
760 1341 829 1396 quas
847 1326 1020 1382 accessiones
1037 1326 1097 1396 ipse
1115 1323 1294 1396 praestiterit,
1316 1326 1348 1378 ut
1365 1328 1480 1393 uterque
1497 1337 1571 1379 reso·

134 1416 193 1472 luta
210 1416 348 1486 emptione
366 1414 431 1470 nihil
450 1416 567 1486 amplius
584 1419 781 1486 consequatur,
805 1431 887 1486 qnam
905 1430 960 1470 non
977 1414 1105 1485 haberet,
1124 1415 1149 1470 si
1166 1412 1288 1470 uenditis
1307 1410 1381 1468 iacta
1398 1427 1452 1468 non
1470 1412 1570 1468 esaet'.

102 1514 117 1558 a
135 1505 278 1576 Excipitur
295 1505 377 1560 etiam
396 1505 449 1574 ille,
467 1505 515 1574 qui
533 1505 677 1575 capitalem
696 1502 820 1560 lraudem
838 1503 957 1560 admisit.
987 1505 1132 1575 capitalem
1151 1501 1274 1559 taudem
1294 1501 1437 1558 admittere
1456 1505 1499 1557 eet
1515 1501 1570 1556 tale

135 1593 237 1663 aliquid
260 1592 431 1663 delinquere,
454 1598 566 1664 propter
589 1593 663 1664 quod
687 1594 777 1664 capite
801 1593 956 1664 puniendus
979 1593 1029 1648 sit:
1052 1599 1162 1649 ueteres
1181 1592 1253 1648 enim
1271 1589 1396 1646 haudem
1413 1606 1464 1662 pro
1481 1605 1571 1662 poena
1589 1599 1617 1642 rt

134 1697 237 1753 ponere
255 1682 389 1738 solebant.
416 1682 561 1753 capitalem
579 1680 702 1738 handen
721 1682 864 1738 admisisse
882 1683 1047 1756 accipiemus
1065 1682 1128 1738 dolo
1146 1682 1218 1738 malo
1237 1685 1265 1736 ιι
1282 1695 1331 1752 per
1345 1682 1508 1751 nequitiam:
1527 1695 1570 1738 ce·

135 1777 224 1828 terum
243 1773 347 1842 siquis
364 1787 463 1842 errore,
482 1773 506 1828 si
523 1773 585 1842 quis
603 1785 670 1828 casu
688 1770 792 1840 fecerit,
810 1770 930 1828 cessabit
948 1772 1077 1828 edietum.
1105 1771 1178 1828 unde
1189 1763 1356 1842 Pomponius
1370 1771 1410 1825 ait
1421 1785 1509 1840 neque
1521 1771 1570 1825 im·

103 1860 265 1932 tpuberem
284 1875 373 1930 nsque
391 1859 522 1916 furiosum
542 1861 687 1930 capitalem
705 1859 828 1916 fraudem
846 1861 934 1916 uideri
951 1861 1103 1917 admisisse.
1133 1861 1277 1932 Excipitur
1293 1865 1323 1916 et
1339 1861 1392 1930 ille,
1410 1860 1458 1930 qui
1476 1859 1571 1914 mortis
1648 1899 1652 1904 .

135 1949 346 2007 consciscendae
364 1965 449 2006 causa
467 1950 533 2020 quid
550 1949 654 2006 iecerit.
687 1951 775 2006 malus
793 1965 890 2006 seruus
908 1950 1028 2007 creditus
1046 1955 1102 2020 ιιι,
1125 1951 1173 2021 qui
1191 1949 1293 2020 aliquid
1311 1947 1391 2018 iacit,
1409 1963 1464 2019 quo
1482 1948 1571 2018 magis

135 2054 166 2096 se
188 2037 271 2094 rebus
294 2038 420 2095 humanis
443 2039 582 2110 extrahat,
608 2043 640 2095 ut
655 2043 724 2110 puta
740 2039 868 2108 laqueum
887 2040 967 2094 torsit
984 2040 1043 2096 siue
1059 2039 1291 2096 medicamentum
1310 2053 1359 2108 pro
1377 2052 1484 2093 ueneno
1501 2035 1572 2092 bibit
1589 2047 1618 2090 so

135 2129 348 2200 praecipitemus
371 2143 402 2184 se
425 2143 459 2184 ex
481 2129 536 2186 alto
555 2129 660 2184 ιιιιιιιι
676 2129 785 2184 aliudue
803 2127 870 2199 quid
888 2127 996 2200 iecerit,
1019 2143 1074 2200 quo
1092 2127 1166 2184 iacto
1183 2127 1306 2199 sperauit
1324 2130 1437 2182 mortem
1456 2141 1570 2196 peruen-

103 2223 234 2288 tturam,
252 2221 392 2288 tamquam
409 2232 465 2272 non
483 2217 565 2274 nihil⁸
583 2219 612 2274 in
628 2219 712 2274 alium
729 2233 856 2288 ausurus,
874 2219 922 2287 qui
939 2217 991 2274 hoo
1009 2219 1142 2275 aduersus
1160 2234 1191 2276 se
1209 2233 1293 2274 ausus
1306 2221 1356 2272 est.
1385 2213 1414 2271 Si
1426 2226 1522 2270 seruus
1535 2215 1571 2270 sit

102 2374 107 2384 ι
135 2308 183 2377 qui
200 2305 324 2362 uendidit
341 2307 386 2362 uel
404 2305 475 2362 lilios
493 2305 619 2378 familias,
638 2308 666 2363 in
684 2307 824 2363 dominum
842 2307 887 2364 uel
904 2312 1010 2377 patrem
1028 2307 1064 2364 de
1081 2307 1189 2380 peculio
1204 2305 1329 2362 aedilicia
1340 2305 1411 2360 actio
1424 2304 1569 2374 competit:
1688 2381 1690 2386 ,

135 2397 261 2466 quamuis
280 2397 353 2452 enim
369 2397 500 2467 poenales
516 2396 662 2454 uideantur
680 2397 812 2465 ιιιιοιιιι,
830 2401 923 2452 ιιιιιι
941 2398 1070 2467 quoniam
1082 2413 1118 2453 er
1130 2401 1272 2453 contractu
1284 2395 1405 2464 ueniunt,
1424 2393 1569 2449 dicendum

135 2489 179 2540 est
196 2499 290 2540 eorum
308 2501 416 2556 quoque
434 2487 542 2542 nomine
560 2485 607 2556 qui
626 2487 653 2542 in
672 2485 762 2542 aliena
778 2489 915 2555 potestate
933 2490 998 2540 sunt
1015 2491 1178 2557 competere.
1205 2484 1321 2556 proinde
1339 2488 1368 2540 et
1385 2484 1409 2540 si
1425 2481 1482 2538 filia
1493 2481 1570 2538 fami·
1589 2495 1619 2540 rt

103 2585 117 2632 ι
135 2575 186 2630 lias
202 2575 248 2630 uel
267 2575 366 2630 ancile
382 2575 517 2646 distraxit,
536 2591 623 2646 aeque
636 2573 783 2632 dicendum
795 2578 839 2630 eat
852 2575 974 2631 actiones
986 2575 1125 2632 aedilicias
1136 2576 1226 2630 locum
1239 2573 1348 2630 habere.
1375 2573 1435 2628 Hae
1448 2574 1570 2629 actiones

103 2674 206 2734 cquae
231 2679 267 2719 er
289 2663 342 2720 hoc
365 2664 455 2720 edicto
480 2665 603 2720 oriuntur
626 2664 709 2719 etiarn
727 2664 861 2720 aduersus
879 2663 994 2720 heredes
1012 2680 1107 2720 omnes
1125 2667 1293 2742 competunt.
1328 2663 1367 2718 Et
1384 2664 1407 2718 ιι
1425 2661 1570 2719 bonafide

135 2753 214 2810 nobis
238 2755 360 2809 seruient
379 2752 456 2809 liberi
474 2751 544 2810 iorte
563 2753 686 2809 homines
703 2753 748 2808 nel
766 2753 840 2810 semi
857 2754 939 2809 alieni
956 2754 1003 2824 qui
1020 2753 1215 2822 uendiderunt,
1239 2757 1332 2823 potest
1349 2752 1403 2808 dici
1421 2753 1502 2808 etium
1521 2752 1571 2809 hos

104 2853 117 2898 7
136 2841 188 2898 hoc
205 2843 296 2898 edicto
314 2843 454 2898 contineri.
482 2843 603 2898 lurlianus
621 2842 661 2897 ait
678 2841 809 2896 iudicium
827 2842 1019 2898 redhibitoriao
1038 2843 1153 2900 actionis
1171 2847 1325 2912 utrumque,
1343 2840 1371 2896 id
1389 2846 1433 2896 est
1446 2842 1571 2898 uendito-

104 2941 192 2989 trem
211 2937 240 2987 et
257 2938 407 3002 emptorem
427 2929 628 3002 quodammodo
646 2931 674 2986 in
692 2931 828 3000 integrum
847 2931 991 2986 restituere
1009 2930 1118 2988 debere.
1154 2932 1243 2998 Quare
1261 2930 1320 2986 siue
1338 2931 1455 2999 emptori
1474 2947 1571 2988 seruus
1591 2945 1620 2988 ao
1723 2975 1726 2982 .

136 3019 238 3076 ιιιιιιιιιι
255 3019 352 3076 iecerit
369 3021 428 3078 siue
447 3021 492 3076 alii
510 3019 629 3090 cuilibet,
651 3019 687 3076 ob
705 3019 780 3091 quod
797 3017 899 3075 furtum
918 3025 1025 3091 emptor
1042 3021 1144 3090 aliquid
1162 3019 1336 3090 praestiterit,
1355 3035 1410 3074 uon
1428 3019 1507 3076 aliter
1524 3019 1571 3076 ho·

136 3111 236 3165 minem
255 3109 392 3166 uenditori
409 3111 553 3166 restituere
571 3108 688 3178 iubetur,
707 3125 789 3179 quam
808 3109 832 3164 si
849 3109 1003 3166 indemnem
1023 3124 1086 3168 eum
1103 3109 1279 3180 praestiterit.
1307 3107 1373 3178 quid
1391 3123 1465 3178 ergo,
1483 3109 1572 3179 inquit

128 3199 269 3269 lulianus,
292 3199 316 3254 si
339 3199 456 3254 noluerit
478 3198 605 3254 uenditor
622 3198 758 3254 hominem
775 3198 916 3268 recipere?
948 3213 1003 3255 non
1021 3214 1083 3254 ease
1100 3199 1255 3269 cogendum
1273 3197 1312 3252 ait
1327 3197 1475 3267 ¹quicquam
1493 3213 1571 3267 prae·

136 3293 221 3358 stare,
245 3303 297 3344 nec
319 3288 437 3358 amplius
454 3303 536 3357 quam
555 3288 643 3358 pretio
662 3285 901 3343 condemnabitur:
926 3293 955 3343 et
971 3287 1023 3344 hoc
1041 3288 1233 3344 detrimentum
1253 3302 1304 3342 sua
1322 3286 1402 3356 culpa
1419 3292 1570 3357 emptorem
1590 3301 1620 3344 aa

134 3393 294 3448 passurum,
319 3377 366 3447 qui
384 3392 446 3432 cum
464 3382 559 3448 posset
575 3374 711 3432 hominem
730 3391 818 3432 noxae
837 3376 951 3446 dedere,
976 3378 1102 3444 maluerit
1118 3378 1174 3432 litis
1192 3373 1423 3447 amtimatiollnem
1442 3377 1570 3431 sufferre:
1588 3385 1605 3432 t.
1616 3385 1660 3434 tul
1736 3363 1739 3368 ¹

103 3475 118 3522 9
135 3471 165 3522 ιι
185 3465 296 3521 uidetur
318 3465 384 3521 mihi
406 3466 504 3521 Iuliani
521 3466 658 3521 sententia
675 3465 817 3522 humanior
835 3481 905 3522 esse.
943 3465 1011 3522 (lum
1029 3451 1188 3522 redhibetur
1205 3466 1383 3534 mancipium,
1408 3465 1432 3519 ιι
1450 3465 1516 3534 quid
1535 3465 1571 3520 ad

135 3561 285 3625 emptorem
304 3555 430 3625 peruenit
447 3555 491 3610 uel
509 3555 591 3624 culpa
608 3555 668 3610 eius
685 3570 741 3610 uon
758 3555 892 3625 peruenit,
911 3555 1017 3610 restitui
1034 3559 1151 3626 oportet,
1171 3571 1225 3610 non
1243 3556 1332 3612 solum
1350 3553 1375 3608 si
1392 3553 1451 3623 ipse
1465 3553 1571 3610 tructus

135 3645 258 3714 percepit
275 3643 451 3700 mercedeaue
469 3659 487 3698 a
503 3659 585 3700 seruo
603 3644 648 3700 uel
666 3643 832 3700 conductore
850 3645 923 3700 serui
941 3644 1060 3714 accepit,
1081 3643 1131 3698 aed
1149 3643 1232 3701 etiam
1251 3645 1275 3699 si
1294 3661 1311 3698 a
1328 3643 1471 3698 uenditore
1489 3641 1572 3698 fuerit

135 3731 236 3790 idcirco
261 3738 438 3802 consecutus,
463 3732 537 3803 quod
554 3733 659 3789 tardius
677 3734 703 3789 ιι
720 3732 857 3788 bominem
875 3732 1008 3788 restituit:
1032 3731 1082 3788 sed
1100 3738 1129 3788 et
1146 3733 1170 3788 si
1188 3749 1206 3787 a
1223 3733 1320 3802 quouis
1339 3732 1393 3787 alio
1411 3747 1571 3802 possessore

135 3820 240 3878 tructm
258 3823 366 3893 accepit
382 3827 497 3893 emptor,
515 3823 661 3880 restituere
678 3838 727 3878 eos
745 3821 870 3878 debebit:
888 3822 939 3878 aed
956 3826 985 3878 et
1002 3822 1026 3878 ai
1043 3821 1110 3892 quid
1128 3819 1265 3876 fruetuum
1282 3821 1391 3878 nomine
1407 3825 1570 3878 consecutus
1588 3831 1617 3873 ao

135 3936 297 4009 FIPiVUll

136 4107 146 4142 ¹
164 4105 237 4177 ideo]
254 4105 283 4162 id
301 4122 334 4162 eo
351 4107 491 4177 pertinet?
562 4077 628 4163 'etc
636 4110 700 4178 sere
717 4110 802 4179 septe:
820 4113 852 4162 ut
868 4109 985 4177 uterque
1002 4107 1122 4162 resoluta
1140 4107 1277 4177 emptione
1291 4105 1358 4162 nihil
1370 4107 1486 4177 amplius
1504 4121 1568 4161 con-

134 4178 516 4313 sensurum
529 4177 1570 4322 ...¹......

133 4321 224 4391 potuit
241 4321 394 4388 occidereli

136 4479 279 4534 lscienu⁴
297 4479 335 4533 Ρ
396 4479 558 4536 διιιιιιιιι
574 4481 615 4535 Ρ·
668 4481 825 4550 ipraesta·
878 4495 939 4536 sese
951 4481 1031 4536 PVU
1074 4483 1108 4538 26
1126 4481 1239 4537 hasam.
1253 4481 1295 4548 V·,
1308 4483 1358 4606 ἀεί.
1371 4481 1411 4535 Ρ·
1456 4479 1490 4536 28
1503 4495 1568 4535 uen·
1657 4461 1663 4480 ¹

135 4551 176 4604 uit
198 4551 277 4605 F‘P·
329 4549 503 4620 biugitiuus
526 4553 566 4606 P·
619 4550 763 4607 tlarbitro
786 4553 825 4606 P·
878 4551 997 4608 diderint
1013 4553 1086 4606 ΡΨ
1137 4555 1171 4608 29
1189 4553 1311 4608 actiones
1355 4562 1368 4585 ·
1419 4551 1501 4608 eoin
1518 4570 1567 4606 orn.

136 4622 170 4678 12
188 4621 266 4691 quas]
289 4623 448 4692 quisF1P·
502 4625 535 4678 13
558 4638 640 4693 quam
658 4623 722 4692 non]
745 4623 825 4689 FPU,
878 4623 997 4678 P·V·U·
1017 4626 1021 4691 Ι
1041 4625 1172 4694 emptoris
1198 4626 1235 4679 P·
1287 4625 1321 4679 31
1344 4638 1399 4678 non
1422 4624 1501 4678 aliter

108 4715 111 4722 ¹
134 4707 216 4762 qnam
239 4693 312 4762 quod
330 4692 372 4759 γ’,
391 4703 439 4749 ιιι.
456 4691 489 4746 V·
543 4696 576 4749 lh
598 4709 648 4764 pro
669 4709 759 4764 poena
878 4695 914 4750 32
925 4695 1093 4764 praestiterit
1105 4715 1152 4750 om.
1167 4695 1293 4760 V⁰Uiutt
1306 4703 1333 4748 or
1344 4715 1369 4748 m
1388 4701 1508 4749 motatur
1521 4693 1568 4749 de·

135 4763 170 4818 16
187 4761 312 4819 fraudem
329 4784 378 4820 om.
393 4765 428 4819 V·
445 4765 580 4850 eademque
597 4767 650 4820 uid.
663 4766 826 4840 desubteP⁶
877 4763 945 4830 ficit)
959 4767 1224 4837 codecheuidentur
1235 4715 1395 4830 ιιιιὶιιιιιίξ·
1444 4766 1479 4820 32
1491 4765 1567 4835 crgo]

136 4835 169 4890 lt
193 4850 279 4890 muru
302 4837 342 4890 Ρ·
402 4835 436 4890 18
459 4835 610 4906 excipratur
634 4837 675 4890 Ρ·
694 4837 699 4904 Ι
719 4835 825 4978 mortis]
878 4837 963 4906 igitur
974 4835 1016 4900 V‘.
1030 4839 1061 4891 de
1075 4877 1080 4890 .
1093 4837 1130 4891 Ρ·
1173 4838 1208 4892 36
1219 4836 1324 4906 iuliani]
1337 4836 1437 4902 PtVU,
1451 4837 1568 4892 lulianus

134 4906 355 4962 mortanam]
393 4908 426 4962 12
437 4907 560 4976 preditus
572 4909 608 4962 F·
643 4907 815 4963 ioserehus
878 4908 940 4963 FP·
956 4911 961 4976 Ι
976 4907 1054 4962 redhi
1107 4912 1152 4963 tur
1169 4908 1209 4962 P·
1261 4909 1297 4962 38
1315 4907 1448 4966 mercedis
1465 4923 1515 4965 sue
1526 4907 1568 4962 Ρ·

135 4991 232 5033 seruus
251 4977 287 5032 F·
302 4979 307 5048 Ι
324 4975 430 5034 beneno
451 4979 521 5034 uiuit
538 4981 679 5050 Heras)
732 4980 766 5035 21
785 4979 826 5050 ιι]
878 4980 915 5036 40
931 4979 1105 5050 consecutus]
1125 4983 1304 5037 concarnatus
1320 4980 1360 5034 Ρ·
1545 5011 1546 5018 ι

1301 5068 1337 5125 39
