3584 5326
911 171 1076 240 XXXXVI

275 347 376 404 scholis
393 350 484 403 aetate
496 346 622 404 Aecursii
639 352 668 402 et
685 347 823 418 deinceps,
842 363 877 404 ex
895 349 986 419 legum
1004 346 1226 418 inscriptionibus
1245 361 1299 403 non
1318 347 1449 402 remansit
1466 345 1523 402 fere
1536 347 1589 402 nisi
1601 345 1706 403 nudum

275 468 375 510 nomen
399 454 518 509 auctoris
541 454 652 524 reliquis
674 469 728 510 non
752 469 819 510 casu
842 457 964 526 omissis,
989 455 1039 510 sed
1057 455 1123 510 data
1140 469 1224 524 opera
1241 454 1398 522 expunctis:
1423 453 1528 509 Graeca
1546 458 1640 508 autem
1659 457 1708 508 aut

274 561 355 631 plane
378 560 535 618 oblitterata
558 565 623 616 sunt
646 566 695 616 ant
718 560 867 618 substituta
889 566 933 617 est
955 562 989 616 iis
1007 561 1195 633 interpretatio
1213 561 1313 616 Latina
1330 559 1532 630 BurgundIonis
1550 560 1644 615 Pisani
1662 559 1708 614 de·

274 665 362 723 functi
379 683 450 724 anno
470 668 564 724 11941.
590 667 644 724 iam
663 683 725 724 cum
744 672 773 723 et
790 683 887 739 pense
904 667 1046 738 probabile
1063 673 1138 724 esset
1155 673 1184 724 et
1200 667 1274 724 omni
1293 667 1414 723 cuiusuis
1432 665 1493 722 libri
1505 667 1709 722 examinatione

275 773 481 830 confirmaretur
499 775 702 845 antiquissimos
720 790 843 845 quosque
860 775 944 832 libros
962 776 1045 832 otiam
1063 777 1090 830 in
1109 775 1224 846 digestis
1241 775 1307 830 item
1325 775 1443 844 optImos
1456 789 1526 845 esse,
1543 771 1710 860 tenebamus

275 881 376 936 indicia
398 885 427 936 et
449 887 574 938 certast
597 883 757 952 conspicua,
781 897 851 952 quae
875 898 892 937 a
913 881 995 939 turba
1012 883 1147 938 inutilium
1164 882 1378 953 praestantiores
1395 885 1581 952 segregarent.
1613 896 1710 951 quam·

270 1003 358 1058 ,quarn
381 989 410 1043 iu
431 988 597 1045 Bononiensi
619 988 666 1044 illa
687 989 856 1058 digestorum
880 989 1060 1060 bipertitione
1083 1005 1179 1045 uerum
1202 993 1245 1044 est
1266 988 1367 1044 indicia
1389 987 1471 1044 modo
1494 988 1569 1044 diota
1592 986 1627 1042 ad
1653 993 1712 1042 tres

275 1099 368 1164 partes
386 1109 441 1151 non
459 1094 638 1166 aequabiliter
655 1095 756 1166 porrigi
774 1096 820 1151 uel
837 1100 911 1152 certe
930 1111 985 1152 nou
1003 1112 1111 1168 semper
1129 1095 1263 1152 sufficere.
1292 1111 1355 1150 nam
1375 1095 1511 1165 digestum
1529 1067 1616 1150 lictus
1635 1092 1712 1164 quod

276 1201 376 1257 dicitur
393 1205 424 1257 ot
442 1202 517 1273 apud
534 1202 600 1258 iuris
618 1203 742 1258 canonici
757 1202 883 1259 doctores
901 1204 965 1266 (nol.
979 1203 1005 1258 II
1023 1220 1050 1273 p.
1060 1203 1120 1271 42¹)
1137 1205 1166 1258 ot
1176 1199 1399 1272 Longobardicoa
1410 1201 1559 1272 prudentes
1577 1203 1615 1270 (ιι.
1625 1216 1714 1271 supra

275 1325 303 1379 p.
316 1308 393 1376 XIII)
411 1309 614 1379 antiquissimos
631 1310 672 1366 ita
692 1315 802 1380 regnat,
826 1315 857 1366 nt
877 1325 944 1380 pras
962 1325 995 1365 eo
1014 1308 1147 1365 InlortIati
1165 1315 1195 1364 et
1212 1309 1282 1366 Noui
1300 1309 1383 1364 exilia
1399 1313 1506 1392 tautum
1524 1308 1644 1378 uestigia
1662 1307 1712 1363 ad-

276 1415 358 1486 sint²,
379 1416 420 1470 ita
442 1416 551 1472 codices
569 1417 629 1472 eius
646 1422 676 1472 et
692 1431 805 1472 numero
823 1421 852 1472 et
870 1421 961 1474 aetate
979 1421 1008 1473 et
1025 1416 1195 1487 praestantia
1211 1417 1292 1486 longe
1311 1421 1442 1486 superant
1459 1416 1575 1471 duarum
1594 1415 1712 1470 aliarum

275 1523 394 1593 partium
416 1521 500 1580 libros
521 1524 647 1594 scriptos.
679 1523 753 1579 unde
776 1539 838 1578 cunr
861 1523 890 1578 in
909 1523 1008 1580 Uetere
1029 1523 1197 1580 recensendo
1221 1523 1323 1578 nullum
1347 1522 1446 1578 librum
1465 1523 1638 1578 admitterem
1657 1521 1713 1577 nisi

276 1633 326 1684 aut
349 1631 451 1685 sacculi
473 1630 513 1685 XI
538 1631 663 1686 exeuntis
687 1635 736 1686 aut
758 1629 860 1686 saecuti
884 1630 951 1701 XII,
978 1631 1044 1686 item
1066 1635 1109 1687 tot
1132 1629 1260 1686 librorum
1286 1645 1347 1686 eum
1372 1628 1592 1700 inscriptionibus
1614 1629 1711 1698 legum

275 1736 363 1806 plenia
381 1737 426 1792 uel
443 1735 500 1794 iere
517 1738 605 1808 plenis
623 1737 704 1808 copia
721 1736 787 1792 mibi
804 1743 893 1808 essct,
911 1741 943 1792 ut
960 1753 1015 1794 non
1032 1753 1136 1808 pancos
1154 1753 1189 1794 ex
1207 1753 1241 1794 eo
1260 1751 1372 1793 numero
1390 1736 1551 1816 abicerem⁸,
1575 1736 1604 1790 in
1621 1733 1712 1791 lnior-

276 1844 344 1900 tiato
361 1849 471 1915 praeter
488 1861 571 1900 unum
590 1845 693 1901 saeculi
704 1844 759 1900 XII
775 1859 830 1900 non
844 1843 927 1900 habui
945 1845 997 1900 nisi
1013 1842 1097 1901 libros
1108 1845 1212 1900 saeculi
1223 1845 1315 1916 xlw,
1333 1845 1361 1899 in
1380 1844 1459 1901 Nouo
1476 1843 1578 1899 nullum
1597 1843 1713 1898 omnino

277 1955 340 2007 ante
362 1951 391 2007 id
414 1953 553 2008 saeculnm
576 1953 721 2022 scriptum,
744 1952 846 2022 quique
868 1951 1058 2022 inscriptiones
1079 1951 1171 2022 legum
1195 1952 1290 2021 plenas
1313 1951 1416 2006 babent
1438 1951 1499 2006 libri
1521 1949 1659 2006 Inlortiati
1683 1957 1715 2006 et

276 2059 348 2115 Noui
374 2065 430 2114 tam
456 2059 511 2116 rari
536 2065 613 2130 sunt,
644 2063 675 2114 ut
701 2075 735 2115 ea
761 2059 876 2129 penuria
902 2063 1014 2114 coactus
1037 2059 1124 2114 etiam
1155 2058 1259 2128 aliquot
1288 2057 1457 2113 adhibuerIm
1486 2055 1714 2127 inscriptionibus

277 2165 433 2222 destitutos.
459 2165 488 2221 id
512 2166 587 2236 quod
610 2165 729 2221 maxime
751 2181 804 2222 usu
828 2166 903 2222 uenit
920 2166 949 2220 in
965 2163 1108 2222 Inlortiato
1129 2165 1262 2221 maturitas
1282 2163 1414 2236 fortasse,
1438 2181 1520 2235 qnam
1539 2162 1644 2220 lactum
1669 2169 1716 2220 est

276 2273 305 2328 in
323 2273 415 2342 Nouo,
438 2277 535 2328 exacto
558 2271 595 2328 ad
617 2273 705 2342 legem
729 2273 802 2330 illam
826 2272 1029 2329 scholasticam:
1053 2277 1126 2328 certe
1149 2273 1208 2328 eius
1226 2288 1281 2329 non
1298 2272 1364 2328 noui
1386 2273 1439 2328 nisi
1457 2271 1526 2328 duos
1544 2271 1628 2327 libros
1648 2286 1714 2326 cum

276 2380 368 2450 logum
385 2377 608 2449 inscriptionibus
626 2377 684 2435 iere
701 2380 797 2450 plenis,
817 2379 979 2436 Uaticanum
992 2381 1061 2436 1407
1074 2379 1139 2448 (W)
1157 2385 1186 2435 et
1203 2377 1457 2450 Cantabrigiensem
1470 2379 1550 2448 (X)⁵.
1577 2382 1642 2434 utut
1660 2383 1716 2448 est,

276 2491 333 2542 tam
351 2501 402 2558 per
417 2485 487 2541 haec
503 2486 605 2542 Indicia
622 2502 703 2557 quarn
726 2501 776 2558 per
799 2487 853 2542 alla
876 2487 960 2558 uulgo
980 2491 1047 2543 nota
1064 2487 1114 2554 (ita
1131 2487 1241 2542 codices
1260 2503 1322 2542 cum
1339 2487 1433 2557 glossa
1450 2485 1616 2542 Bononiensi
1641 2485 1715 2541 anti-

277 2594 372 2663 quiore
390 2593 434 2649 uel
451 2593 545 2663 glossa
562 2593 686 2650 destituti
704 2598 845 2665 praestant
857 2592 913 2650 iere
925 2593 1065 2650 codicibus
1078 2601 1212 2666 apparato
1223 2593 1393 2650 Accursiano
1411 2594 1561 2661 instructis)
1578 2591 1716 2648 iudicium

277 2698 342 2756 ferri
363 2701 454 2771 potuit
475 2715 526 2770 pro
548 2716 578 2756 ro
601 2706 630 2756 et
653 2700 732 2757 facile
755 2706 784 2756 et
806 2705 910 2757 certum
928 2701 964 2757 de
981 2700 1057 2758 libris
1074 2701 1292 2758 Bononiensibus
1317 2707 1346 2756 et
1363 2701 1460 2758 electio
1477 2701 1517 2756 ita
1534 2700 1655 2771 Institui,
1681 2705 1717 2756 ut

278 2808 354 2864 casui
376 2822 431 2862 non
453 2808 515 2878 plus
532 2807 698 2864 tribueretur
719 2823 801 2878 quam
825 2809 980 2865 necessario
1004 2809 1205 2880 quodammodo
1227 2807 1260 2864 tit
1277 2809 1305 2864 in
1322 2809 1371 2863 tali
1388 2823 1427 2864 re.
1454 2805 1506 2863 hoc
1524 2807 1596 2863 enim
1619 2821 1716 2878 neque

277 2915 375 2986 ignoro
391 2929 443 2970 nec
460 2912 579 2971 diffiteor
597 2915 626 2971 in
643 2915 812 2972 secundariis
828 2915 905 2972 libris
922 2916 1056 2987 eligendis
1078 2921 1186 2987 praeter
1204 2915 1346 2973 consiliam
1367 2915 1450 2985 etiam
1467 2912 1605 2972 fortunam
1623 2913 1716 2971 domi·

277 3021 350 3078 naria
368 3039 432 3078 nam
450 3021 612 3092 requisimus
629 3023 780 3094 prImarioa‚
798 3022 965 3094 ubicumque
982 3027 1086 3096 extant,
1104 3024 1133 3080 In
1150 3024 1193 3079 his
1210 3038 1277 3080 nero
1294 3023 1398 3079 utimur
1415 3022 1527 3093 paratIs.

132 3138 260 3212 apparatus
329 3129 435 3185 Paratis
462 3134 554 3184 autem
579 3145 662 3200 supra
684 3131 738 3186 iam
761 3130 819 3186 dixi
841 3147 922 3186 usum
947 3145 991 3186 me
1013 3145 1075 3186 esse
1097 3146 1153 3187 non
1175 3135 1232 3204 tam
1256 3145 1318 3186 mea
1339 3129 1483 3200 diligentia
1506 3144 1588 3200 quam
1612 3128 1716 3201 aliem,

139 3200 260 3247 eumenen
278 3250 376 3305 nempe
388 3236 510 3292 Eduardi
522 3235 666 3294 Schraderi
677 3237 862 3308 Tubingensis
879 3239 1097 3306 (liro—1860).
1124 3237 1171 3308 qni
1189 3253 1251 3292 cum
1269 3253 1319 3308 per
1336 3251 1423 3294 annos
1441 3235 1499 3292 fere
1510 3235 1717 3306 quinquaginta

277 3343 305 3398 in
331 3344 452 3414 corporis
478 3344 545 3400 iuris
572 3344 691 3401 editIone
717 3345 841 3416 paranda
863 3342 1043 3416 elaborasset,
1071 3359 1132 3400 eam
1157 3358 1211 3400 non
1237 3343 1357 3400 absoluit
1382 3343 1519 3415 quidem⁶,
1547 3343 1597 3399 sed
1623 3345 1719 3400 multa

332 3524 340 3558 ¹
365 3522 431 3574 Uide
449 3523 524 3574 noll
542 3541 601 3590 app.
613 3524 664 3574 1111
681 3542 707 3591 p.
719 3524 768 3576 35*
782 3541 834 3589 seq.
910 3521 913 3526 “
941 3523 953 3558 ²
975 3524 1042 3574 Fieri
1060 3532 1156 3590 potest,
1179 3532 1207 3575 ut
1225 3524 1324 3590 digesta
1348 3523 1431 3574 denuo
1454 3523 1481 3574 iu
1504 3521 1586 3574 lucem
1610 3523 1718 3589 prolata

278 3611 328 3662 sint
345 3629 395 3663 non
413 3619 467 3663 tota
484 3612 571 3675 simul,
589 3613 635 3664 sed
652 3631 698 3680 per
715 3613 817 3680 gradus,
834 3621 863 3663 nt
880 3612 1032 3678 aliquamdiu
1050 3612 1130 3677 prims
1147 3631 1206 3678 pars
1225 3613 1292 3674 sola,
1311 3629 1375 3678 quae
1394 3612 1473 3663 Uetus
1492 3612 1595 3674 dicitur,
1614 3611 1716 3663 descri-

277 3701 379 3751 beretur
397 3701 466 3751 etin
484 3683 576 3753 scholis
594 3709 750 3752 tractaretur.
776 3709 924 3766 argumenta
941 3709 1025 3752 tamen
1044 3709 1112 3751 certa
1131 3701 1262 3763 deficiunt,
1286 3702 1333 3752 nisi
1351 3701 1416 3753 forte
1434 3701 1484 3767 ipsi
1501 3699 1600 3750 Ueteris
1620 3700 1717 3766 appel·

278 3789 371 3841 latione
389 3797 487 3841 tautam
504 3789 611 3841 tribuas:
634 3809 693 3842 uam
716 3789 880 3856 antiquissimi
903 3789 994 3856 quique
1018 3799 1132 3841 auctores
1156 3791 1204 3841 etsi
1227 3790 1280 3842 solo
1301 3791 1355 3842 iero
1374 3789 1467 3840 Uetere
1484 3797 1601 3849 utuntur,
1625 3797 1718 3841 menen

278 3887 370 3930 norunt
393 3879 468 3930 etiam
491 3879 648 3931 Infortiatum
671 3887 697 3931 et
719 3879 826 3930 Nouum.
857 3885 941 3945 potest
964 3880 1025 3929 item
1048 3879 1116 3941 lieri,
1139 3889 1168 3930 ut
1188 3879 1214 3929 in
1238 3879 1328 3930 scholis
1347 3879 1416 3930 Initio
1439 3879 1518 3946 prima
1535 3887 1634 3929 tantum
1653 3896 1718 3944 pars

279 3967 453 4034 explicaretur,
471 3968 525 4019 fere
543 3977 572 4018 ut
589 3969 656 4035 apud
675 3969 800 4030 Graecos,
822 3968 924 4020 atinde
942 3967 1006 4018 haec
1023 3967 1099 4034 longe
1117 3969 1270 4035 frequentius
1289 3968 1441 4034 allegaretur
1459 3985 1532 4034 quarn
1550 3967 1607 4017 libri
1624 3965 1719 4019 XXVI

279 4057 438 4124 posteriores.
544 4057 556 4091 ⁸
577 4057 643 4109 Uide
660 4057 735 4109 uol.I
753 4075 778 4124 p.
793 4055 849 4109 17'.
876 4057 973 4108 accedit
995 4057 1074 4109 codex
1098 4057 1300 4110 Uindobonensie
1323 4075 1349 4108 n.
1362 4057 1433 4108 2120
1456 4073 1522 4108 aneo.
1535 4055 1598 4106 XIII
1621 4071 1682 4107 sero
1701 4075 1719 4108 a

279 4164 319 4197 me
336 4153 464 4213 repertus,
488 4147 534 4197 aed
552 4163 626 4213 quem
644 4147 768 4198 atalante
786 4146 920 4208 uidissem,
942 4145 969 4196 iu
992 4146 1049 4212 ipsa
1072 4146 1182 4198 editione
1205 4164 1256 4200 non
1274 4146 1452 4198 adhibuissem.
1558 4143 1719 4198 *infortiari

279 4235 416 4287 Uaticanus
429 4235 612 4287 Ottobonianns
629 4254 655 4287 u.
669 4235 737 4287 1600
755 4252 820 4287 saec.
832 4235 903 4298 XHI,
923 4237 991 4289 ouius
1011 4237 1094 4303 aliqua
1112 4236 1253 4302 expectatio
1271 4236 1319 4286 fuit
1330 4235 1399 4302 apud
1411 4235 1499 4286 harum
1512 4251 1594 4285 rerum
1607 4235 1718 4300 peritos,

279 4340 335 4375 cum
356 4333 383 4376 et
400 4343 445 4391 pro
465 4325 568 4377 Graecis
589 4325 821 4392 interpretationem
843 4327 960 4378 Latinam
981 4327 1075 4378 habeat
1096 4342 1179 4391 neque
1200 4324 1289 4392 plenas
1313 4325 1487 4390 inscriptiones
1510 4323 1641 4375 continuas
1666 4325 1719 4377 nisi

280 4432 296 4464 a
317 4413 334 4465 l.
353 4413 395 4478 32,
413 4414 449 4466 30
472 4415 506 4466 ed
530 4415 546 4464 1.
563 4414 605 4478 34,
623 4414 654 4476 4,
679 4422 810 4482 praeterea
834 4433 935 4482 sparsas
958 4425 1056 4467 tantum
1078 4425 1104 4467 et
1126 4433 1210 4476 raras,
1234 4423 1259 4465 et
1283 4413 1489 4480 interpolationes
1512 4413 1665 4466 uetustiores
1690 4425 1720 4466 et

279 4502 397 4570 uulgares
420 4503 553 4570 plerasque
576 4521 675 4566 omnes,
703 4504 829 4571 specimen
853 4513 950 4556 tantum
972 4507 1091 4572 proposui
1114 4505 1139 4555 in
1163 4502 1367 4556 rotundat.
1485 4503 1496 4536 ⁶
1518 4501 1607 4568 Nuper
1629 4501 1717 4554 Frita-

279 4591 325 4643 lari
342 4593 368 4642 in
386 4591 480 4644 Hassis
497 4593 522 4644 in
542 4593 692 4646 bibliotheca
710 4610 774 4659 quae
793 4593 840 4644 fuit
858 4593 884 4645 S.
896 4594 967 4645 Petri
989 4603 1090 4660 reperta
1113 4603 1172 4645 sunt
1195 4601 1312 4659 quattuor
1335 4591 1395 4643 lolia
1416 4591 1567 4658 pertinentia
1586 4591 1619 4641 ad
1638 4591 1717 4659 dige-

280 4689 374 4733 storum
390 4681 408 4733 l.
420 4681 559 4734 XXXVIII
582 4683 675 4750 scripta
698 4683 752 4735 sine
770 4681 861 4748 glossis
880 4691 906 4734 et
924 4685 979 4734 cum
997 4683 1199 4749 inscriptionibus
1218 4681 1312 4748 plenis:
1336 4682 1378 4747 qui
1401 4681 1465 4732 liber
1483 4697 1549 4732 saec.
1567 4687 1596 4730 ut
1613 4681 1719 4736 uidetur

280 4771 330 4821 XII
348 4771 369 4822 ai
387 4779 484 4822 extaret
501 4771 612 4838 integer,
637 4773 745 4824 sortasse
763 4772 881 4838 princeps
899 4772 1008 4824 omnium
1029 4772 1189 4824 iudicaretur.
1217 4770 1312 4822 rettulit
1330 4770 1363 4821 de
1381 4787 1411 4823 eo
1430 4770 1464 4822 ad
1481 4786 1521 4820 me
1539 4768 1719 4823 Ubbololndius

280 4868 424 4912 antecessor
441 4860 638 4928 Marbnrgensis.
731 4861 743 4895 ⁶
760 4861 863 4912 Publice
881 4879 932 4913 non
950 4861 1104 4928 prodierunt,
1124 4878 1188 4927 quae
1207 4859 1308 4926 quidem
1326 4859 1359 4910 ad
1377 4859 1477 4924 digesta
1494 4859 1647 4925 pertineant,
1668 4861 1718 4912 nisi

280 4949 417 5016 particulae
435 4949 512 5002 dnae:
531 4947 635 5003 ‘Titulos
648 4949 802 5018 digestorum
815 4950 857 5012 12,
869 4951 885 5002 5
903 4959 929 5002 et
941 4949 984 5013 22,
997 4950 1013 5001 5
1027 4950 1136 5002 sedecim
1148 4949 1261 5001 codicum
1273 4949 1551 5015 manuscriptorum...
1564 4965 1613 5014 ope
1625 4965 1717 5002 emen-
