3668 5356
252 175 328 244 XXI
348 179 368 243 2
389 182 505 239 41-47
925 170 1012 252 626
1377 195 1423 243 cn
1445 193 1690 244 nnromoumos

254 339 344 388 autem
363 337 479 401 utroque
498 347 564 387 casu
582 331 756 388 fideiussores
774 333 870 402 teneri,
888 333 1018 402 quoniam
1036 337 1065 388 et
1082 347 1144 388 eum
1160 331 1267 388 debitor
1278 332 1406 388 creditori
1424 325 1691 415 [ism

253 437 304 476 suo
327 421 406 476 heres
429 421 577 490 exstiterit,
600 422 669 476 ratio
692 422 826 491 quaedam
851 421 922 477 inter
944 421 1072 476 heredem
1096 426 1125 476 et
1147 420 1325 478 hereditatem
1348 405 1691 492 peniteret'ffitelheffitffr

254 510 340 565 maior
363 509 499 564 hereditas
518 510 553 566 ad
572 509 721 566 debitorem
739 511 891 581 peruenire,
909 510 988 580 quasi
1006 511 1096 565 soluta
1113 510 1230 580 pecunia
1241 526 1312 580 quae
1324 510 1476 566 debehatur
1487 509 1642 578 hereditati,
1661 513 1691 564 et

253 613 303 667 per
324 597 376 654 hoc
399 599 488 654 minus
509 598 538 653 in
560 597 640 654 bonis
664 598 771 654 heredis
794 614 869 656 esse:
892 604 921 654 et
943 614 979 654 ex
1002 599 1137 654 contrario
1161 615 1223 654 oum
1245 598 1363 656 creditor
1380 599 1497 654 debitori
1515 614 1566 654 suo
1584 598 1690 652 exstitit

253 685 345 756 heres,
369 688 458 742 minus
481 687 509 742 in
533 686 684 744 hereditate
707 687 806 744 hahere
824 687 949 756 uidetur,
971 691 1112 758 tamquam
1131 687 1191 757 ipsa
1208 687 1345 744 hereditas
1363 688 1457 744 heredi
1475 686 1596 743 soluerit
1629 686 1721 740 sines

253 791 320 846 ergo
338 777 361 830 is
380 777 427 846 qui
445 775 479 830 de
498 777 633 832 euictione
651 778 719 832 satis
737 782 882 847 acceperat
899 777 1015 846 emptori
1034 777 1078 832 cui
1095 777 1154 846 ipse
1173 776 1343 845 condiderat,
1361 775 1420 830 siue
1432 781 1541 844 emptor
1552 774 1689 830 uenditori

253 880 304 920 suo
322 864 400 920 heres
419 865 563 934 exstiterit,
581 863 756 921 fideiussores
774 864 947 920 tenebuntur.
975 869 1004 920 et
1021 866 1046 920 si
1063 865 1099 920 ad
1117 865 1234 921 eundem
1253 865 1402 922 uenditoris
1420 869 1449 920 et
1466 864 1597 934 emptoris
1611 863 1688 920 here

254 953 326 1007 ditas
343 954 494 1022 recciderit,
513 954 559 1024 agi
578 969 640 1010 cum
658 952 865 1010 fideiussoribus
883 955 992 1024 poterit.

195 1042 234 1098 42
306 1043 425 1098 Pronus
442 1043 511 1098 libro
530 1043 756 1113 quinquagesimo
774 1045 854 1098 tertio
873 1043 907 1098 ad
927 1043 1055 1098 edictum.
1083 1041 1113 1099 Si
1124 1057 1261 1113 praegnas
1273 1042 1372 1098 cncdla
1383 1041 1496 1098 uendite
1514 1037 1689 1124 Q
1708 1042 1749 1098 'E

251 1133 283 1186 et
304 1131 406 1186 tradita
428 1131 478 1201 sit,
501 1133 592 1188 euicto
614 1137 696 1204 partu
716 1132 843 1190 uenditor
860 1148 915 1188 non
932 1136 1025 1203 potest
1043 1131 1077 1188 de
1096 1133 1232 1188 euiotione
1249 1131 1401 1201 conueniri,
1426 1132 1491 1201 quia
1507 1137 1604 1202 partus
1622 1147 1689 1187 uen·
1708 1139 1736 1178 10

254 1219 328 1274 ditus
347 1236 401 1274 non
420 1226 471 1275 est.

195 1307 234 1365 43
307 1309 448 1364 lucianus
463 1308 531 1366 libro
543 1309 769 1379 quinquagesimo
781 1315 879 1366 octauo
892 1310 1071 1379 digestorum.
1099 1309 1207 1366 Uaccae
1219 1314 1333 1381 emptor,
1353 1303 1392 1392 [B.
1407 1321 1689 1390 19,1t‚fflpj,sc
1720 1311 1741 1364 S

254 1397 278 1452 si
295 1398 397 1453 uitulus
416 1398 462 1467 qui
480 1403 543 1468 post
561 1399 726 1468 emptionem
744 1403 826 1454 natus
844 1404 887 1454 est
897 1401 1047 1470 otiaretur,
1066 1414 1148 1469 agere
1161 1415 1196 1455 ex
1208 1399 1322 1468 dunplae
1334 1386 1512 1467 stipulatione
1521 1413 1575 1453 uon
1587 1402 1689 1467 potest,
1706 1402 1722 1448 t.
1733 1395 1780 1447 aba·

253 1487 318 1556 quia
335 1503 386 1542 uec
403 1488 464 1557 ipsa
482 1503 533 1542 neo
551 1504 617 1544 usus
636 1487 740 1543 fructus
758 1489 901 1544 euinoitur.
923 1493 990 1544 'nam
1010 1489 1084 1558 quod
1102 1489 1218 1544 dicimus
1236 1488 1351 1544 uitulum
1370 1485 1488 1542 fructum
1503 1501 1565 1542 esse
1577 1501 1689 1556 naccae,

253 1591 308 1630 non
326 1575 377 1645 ius,
396 1576 445 1630 sed
464 1592 563 1647 eorpus
581 1577 808 1646 demonstramus,
827 1578 908 1632 siouti
925 1577 1098 1647 praediorum
1116 1575 1253 1632 frumenta
1270 1581 1299 1632 et
1317 1577 1411 1632 uinum
1429 1573 1546 1630 fructum
1562 1581 1637 1630 recte
1649 1575 1689 1630 di-
1709 1583 1736 1624 ιε

254 1664 349 1733 cimus,
368 1679 430 1718 cum
449 1671 557 1722 constet
575 1665 671 1720 eadem
690 1666 758 1721 haec
776 1681 831 1722 non
849 1673 923 1722 recte
941 1666 1157 1722 usumfructum
1176 1666 1315 1737 appellari.

195 1753 235 1810 44
306 1752 449 1808 Acronus
471 1753 541 1810 libro
559 1753 680 1810 secundo
698 1754 867 1825 digestorum
887 1771 904 1810 a
920 1756 1005 1812 Paulo
1024 1757 1242 1826 epitomatorem.
1276 1753 1411 1825 Scapham
1430 1768 1485 1809 non
1503 1752 1591 1808 uideri
1609 1752 1689 1808 nanis
1720 1745 1741 1799 S

254 1856 315 1896 esse
333 1841 474 1911 respondit
491 1858 542 1898 nee
560 1844 706 1913 quicquam
725 1844 899 1900 coniunctum
918 1843 1028 1913 habere,
1047 1861 1110 1900 nam
1129 1844 1259 1914 scapham
1276 1844 1364 1913 ipram
1382 1857 1432 1912 per
1444 1857 1474 1897 se
1485 1857 1599 1911 paruam
1612 1841 1688 1895 naui·

253 1931 435 1990 culameese:
454 1933 546 1986 omnia
563 1937 664 2002 autem,
683 1947 754 2002 quae
772 1933 917 1988 coniuncta
934 1933 999 1988 naui
1017 1939 1110 1990 essent
1128 1933 1224 2002 (ueluti
1240 1931 1427 2002 gubernacula
1444 1931 1531 1986 maius
1543 1935 1689 1986 antemnae

253 2020 364 2088 uelum),
383 2021 463 2090 quasi
481 2020 604 2076 membra
620 2021 700 2077 nauis
718 2036 787 2076 esse.
1706 2027 1735 2066 ¹⁰

195 2109 235 2168 45
305 2109 385 2164 Ioum
401 2108 470 2166 libro
488 2115 585 2180 quarto
598 2110 765 2179 digestorum
778 2125 795 2163 a
806 2109 892 2166 Paulo
904 2110 1124 2179 epitomatcrum.
1154 2109 1206 2176 Qui
1219 2109 1333 2166 fundum
1345 2109 1497 2164 tradiderat
1515 2101 1690 2191 [ᾗῇ-ι]
1720 2111 1741 2164 S

252 2199 378 2268 iugerum
397 2205 515 2268 centum,
533 2197 602 2254 fines
620 2199 706 2254 multo
724 2198 841 2268 amplius
860 2199 977 2268 emptori
995 2198 1240 2260 demonstrauerat
1267 2200 1291 2254 si
1308 2199 1375 2268 quid
1392 2214 1427 2254 ex
1444 2198 1488 2254 his
1500 2195 1601 2254 finibus
1613 2197 1689 2252 euin·

254 2293 368 2356 seretur,
387 2301 437 2356 pro
454 2286 577 2343 bonitate
595 2288 654 2344 eius
672 2288 788 2357 emptori
804 2287 1001 2356 praestandum
1018 2289 1065 2360 ait,
1083 2289 1208 2358 quamuis
1226 2287 1256 2344 id
1272 2287 1347 2358 quod
1364 2288 1562 2357 relinqueretur
1578 2291 1689 2342 centum

253 2377 349 2446 iugera
366 2375 488 2430 haberet.
1708 2383 1737 2425 rr

196 2465 236 2524 46
306 2465 479 2520 Armcusus
496 2463 565 2520 libro
584 2469 662 2520 sexto
677 2464 876 2534 quaestionum.
905 2464 1040 2534 Fundum,
1060 2465 1138 2520 ouius
1150 2481 1217 2522 usus
1230 2463 1335 2522 huobis
1347 2464 1417 2520 Attii
1428 2469 1495 2534 erat,
1515 2455 1691 2548 [Q
1722 2467 1742 2522 S

255 2553 320 2609 mihi
338 2553 487 2610 uendidisti
504 2569 556 2608 neo
574 2553 667 2608 dixisti
684 2570 765 2610 osum
783 2553 901 2610 fructum
919 2553 989 2610 Attii
1007 2569 1082 2610 esse:
1100 2554 1173 2610 huno
1191 2569 1243 2624 ego
1261 2555 1369 2610 Maeuio
1387 2555 1511 2610 detracto
1529 2569 1581 2608 usn
1599 2551 1690 2608 fructu

254 2643 363 2698 tradidi.
398 2644 475 2698 Attio
498 2643 587 2713 capite
610 2643 716 2698 minuto
739 2657 795 2698 non
818 2642 854 2698 ad
878 2657 936 2712 me,
960 2642 1009 2698 sed
1030 2642 1066 2698 ad
1084 2645 1277 2714 proprietatem
1295 2659 1376 2700 usum
1394 2641 1512 2700 fructum
1530 2642 1619 2698 redire
1643 2642 1690 2711 ait,
1773 2715 1775 2721 γ

255 2747 344 2802 neque
362 2731 434 2788 enim
452 2732 575 2800 potuisse
593 2732 722 2788 constitui
740 2747 820 2786 usum
838 2730 958 2788 fructum
975 2747 1009 2788 eo
1026 2738 1162 2803 tempore,
1185 2747 1240 2802 quo
1258 2733 1408 2788 alienatus¹
1428 2737 1516 2788 esset:
1540 2731 1590 2786 sed
1606 2745 1691 2801 posse

255 2835 299 2876 me
322 2820 493 2876 uenditorem
516 2825 544 2876 te
567 2821 602 2876 de
625 2821 760 2876 euietione
784 2822 942 2890 conuenire,
967 2821 1032 2890 quia
1055 2837 1173 2891 acquum
1194 2822 1231 2876 ait
1249 2821 1363 2876 eandem
1382 2837 1493 2878 causam
1511 2835 1601 2876 meam
1619 2834 1691 2888 esse,

137 2951 141 2970 ,
223 2921 236 2966 1
256 2925 326 2980 quae
349 2907 442 2964 futura
459 2914 546 2979 esset,
570 2910 594 2964 si
611 2913 678 2964 tuno
696 2925 763 2964 usus
781 2907 886 2966 fructus
904 2909 1010 2964 alienus
1028 2925 1082 2966 non
1100 2908 1204 2966 fuisset.
1241 2909 1270 2966 Si
1288 2925 1338 2980 per
1355 2910 1473 2964 alienum
1491 2907 1606 2964 fundum
1625 2907 1692 2963 mihi
1710 2920 1737 2960 so

255 2999 329 3054 uiam
348 2998 529 3068 constitueris,
548 2998 692 3054 euictionis
710 2999 818 3054 nornine
837 3003 865 3052 te
883 2996 998 3068 obligari
1016 2999 1069 3053 ait:
1088 3000 1189 3056 etenim
1206 3014 1261 3069 quo
1279 3015 1354 3068 casu,
1373 2999 1397 3053 si
1414 3013 1464 3067 per
1474 2999 1615 3068 proprium
1627 3013 1691 3052 oon·

257 3087 395 3142 stituentis
413 3085 527 3142 fundum
545 3102 676 3142 concessa
693 3092 768 3142 esset
785 3087 839 3156 uia,
857 3091 931 3142 recte
949 3088 1169 3157 constitueretur,
1188 3102 1221 3142 eo
1239 3103 1313 3155 casu,
1332 3087 1356 3142 si
1367 3102 1417 3157 per
1428 3087 1545 3142 alienum
1558 3086 1691 3142 eoncede-

223 3187 238 3234 2
256 3182 338 3245 retur,
357 3176 501 3231 euictionis
513 3176 707 3246 obligationem
720 3175 882 3232 concubit&
909 3175 977 3231 Cum
990 3175 1040 3230 tibi
1051 3175 1174 3232 Stichum
1186 3175 1342 3244 uenderem,
1355 3175 1412 3230 dixi
1425 3191 1487 3232 eum
1500 3175 1691 3230 statulibemm

257 3280 318 3321 esee
337 3263 389 3319 sub
407 3263 459 3318 hac
477 3265 636 3320 condicione
655 3265 851 3322 manumissum
870 3263 900 3320 ‘si
919 3265 998 3320 nauis
1015 3281 1051 3320 ex
1065 3265 1134 3322 Asia
1151 3265 1273 3334 uenerit,
1292 3265 1316 3320 is
1334 3270 1426 3320 autem
1445 3264 1476 3319 ‘si
1488 3265 1578 3320 Titius
1596 3265 1693 3320 consul

257 3352 347 3408 iactus
365 3351 454 3407 fuerit'
472 3355 655 3410 manumissus
673 3360 746 3410 erat:
768 3354 958 3425 quaerebatur,
976 3356 1000 3410 ai
1017 3355 1093 3424 prius
1111 3355 1190 3410 nauis
1208 3369 1243 3409 ex
1260 3354 1330 3410 Asia
1346 3354 1454 3408 uenerit
1471 3369 1504 3408 ac
1520 3359 1585 3422 post
1601 3353 1693 3408 Titius
1711 3364 1740 3406 ss

257 3442 353 3497 consul
375 3438 424 3495 fiat
445 3447 527 3511 atque
550 3444 589 3498 ita
612 3445 640 3499 in
657 3443 811 3500 libertatem
829 3445 934 3500 euictus
953 3444 1002 3513 sit,
1026 3459 1061 3498 an
1079 3443 1222 3498 euictionis
1240 3442 1349 3498 nomine
1368 3443 1518 3496 teneatur⁸.
1550 3441 1694 3510 respondit

258 3546 313 3586 non
325 3529 411 3584 teneri
423 3532 517 3585 eum⁴:
536 3532 637 3587 etenim
650 3531 712 3588 dolo
725 3534 796 3588 malo
809 3531 1070 3608 emptoremJaoere,
1089 3546 1151 3586 cum
1163 3532 1238 3600 prius
1251 3531 1386 3586 exstiterit
1397 3546 1432 3585 ea
1443 3529 1576 3600 condicio,
1590 3531 1693 3598 quam⁸

226 3619 401 3676 eeuietionis
425 3620 534 3674 nomine
558 3621 713 3676 excoluerit.
749 3621 819 3676 Item
842 3622 865 3676 si
882 3627 946 3691 post
963 3620 1103 3676 biennium
1121 3619 1235 3674 liberum
1253 3618 1312 3674 fore
1331 3619 1401 3688 dixi,
1426 3620 1473 3688 qui
1490 3623 1554 3688 post
1572 3619 1694 3674 annum⁶

257 3707 411 3764 libertatem
429 3709 574 3777 acceperit,
593 3712 622 3763 et
638 3712 702 3779 post
719 3707 859 3764 biennium
877 3710 905 3764 in
922 3708 1064 3764 libertate⁷
1083 3708 1232 3777 euincatur,
1251 3709 1296 3763 uel
1310 3707 1405 3764 deeem
1418 3707 1484 3762 dare
1496 3707 1602 3762 iussum
1615 3706 1693 3760 dixe·

258 3796 308 3850 rim
327 3797 447 3864 quinque
465 3800 494 3850 et
511 3797 535 3852 is
553 3795 648 3852 decem
666 3797 739 3852 datis
757 3797 793 3852 ad
811 3797 964 3854 libertatem
982 3797 1146 3868 peruenerit,
1164 3796 1252 3866 magis
1271 3811 1341 3866 esse,
1359 3801 1390 3850 ut
1404 3794 1447 3850 his
1459 3809 1568 3866 quoque
1581 3793 1693 3850 casibus
1713 3807 1743 3848 so

258 3901 313 3940 non
331 3891 434 3940 tenear.

201 3975 241 4035 47
311 3974 390 4028 rnen
406 3971 475 4028 libro
493 3978 593 4030 octauo
610 3973 810 4044 quaestionum.
840 3971 870 4028 Si
888 3973 957 4029 duos
975 3987 1070 4028 seruos
1088 3973 1178 4042 quinis
1193 3968 1351 4029 ataemam
1363 3976 1498 4028 eteorum
1517 3965 1695 4056 Q
1729 3978 1751 4034 S

259 4097 286 4150 F
289 4096 344 4166 [Ρ(
345 4097 392 4167 υ)]

261 4275 533 4342 1alianus(Taor.)?
603 4243 757 4331 ²*contrahi
771 4275 870 4342 (addit
945 4275 1088 4331 ³tenear?
1158 4275 1251 4331 ‘eum
1270 4277 1316 4330 del.
1387 4275 1508 4345 ‘quaml
1535 4289 1606 4346 quae
1629 4274 1696 4330 me?

260 4347 273 4381 ⁶
290 4347 314 4400 si
331 4350 395 4416 post
413 4362 514 4402 annum
532 4345 646 4402 liberum
664 4346 723 4403 sore
741 4347 800 4402 dixi
817 4347 864 4417 qui
880 4349 946 4418 post
962 4347 1102 4402 biennium
1119 4349 1155 4416 (a.
1169 4347 1218 4418 t.)?
1288 4348 1299 4382 ²
1317 4345 1492 4402 libertatem?

261 4523 380 4593 2ratio]
406 4523 478 4578 actio
504 4523 595 4580 Fu'u
616 4526 620 4592 Ι
644 4523 764 4594 ponitur]
790 4523 950 4594 preponitur
1001 4524 1096 4579 nisP⁶
1140 4524 1350 4580 34ueneratF¹
1394 4524 1429 4579 36
1442 4523 1527 4579 colsul
1540 4524 1567 4578 P
1599 4523 1696 4580 3840-

260 4595 352 4648 F’PU
391 4597 424 4649 12
437 4609 523 4650 uacca
534 4595 574 4648 P
616 4597 649 4650 13
662 4595 746 4666 dupia
757 4596 797 4650 P·
833 4593 948 4650 144444-
1002 4596 1084 4665 mine]
1103 4596 1211 4651 nomine
1229 4601 1355 4651 teneatur
1366 4595 1406 4648 1²⁶
1421 4597 1426 4664 i
1442 4596 1466 4650 si
1477 4597 1541 4665 post
1552 4593 1695 4651 biennium

260 4665 329 4734 tum]
355 4681 435 4720 usum
462 4665 580 4720 fructum
607 4667 647 4721 P·
713 4667 747 4722 15
773 4667 882 4735 corpius
910 4667 950 4721 Ρ·
1001 4666 1116 4721 liberum
1134 4665 1192 4722 fore
1209 4667 1266 4722 dixi
1282 4667 1330 4736 qui
1346 4671 1410 4736 post
1427 4667 1537 4736 annum]
1556 4681 1659 4721 annum
1672 4674 1698 4720 st

262 4737 296 4790 19
314 4737 392 4792 nauia
410 4737 449 4790 P·
496 4739 530 4792 20
548 4736 662 4792 bembra
679 4739 717 4790 F⁶
764 4739 799 4792 23
817 4738 949 4805 relinque·
1002 4737 1141 4792 biennium
1165 4745 1323 4810 transposuit
1345 4737 1406 4791 Hat
1430 4739 1505 4809 idque
1521 4737 1695 4810 flnpitantB

261 4811 307 4859 tur
328 4807 382 4862 PU
431 4807 466 4862 24
488 4807 604 4864 haberat
627 4809 663 4862 1⁴*a
716 4809 750 4864 27
774 4807 880 4864 at'ti'tio
904 4809 949 4873 F’,
1004 4809 1097 4878 (Tiprir
1117 4809 1140 4863 εἰ
1157 4808 1204 4863 roa
1223 4807 1288 4864 aeri
1306 4809 1401 4862 hieriae
1420 4805 1629 4878 &interpretarer
1651 4827 1694 4862 κε-

261 4876 409 4932 tieioP⁶U
441 4879 475 4932 28
488 4895 542 4948 quo
555 4879 698 4950 alienatus]
711 4880 877 4935 ooalienatus
891 4880 948 4942 ΡἸ
1003 4879 1230 4942 assectantium
1258 4877 1313 4934 Μετ’
1339 4877 1458 4942 'caranus
1481 4878 1693 4950 iherdeporer'ruur

262 4952 357 5018 posset
373 4947 451 5002 P⁶U⁶
503 4951 537 5005 29
556 4951 590 5004 de
608 4971 656 5005 om.
669 4951 708 5004 P*
755 4952 790 5006 33
808 4949 950 5020 obligatio·
1003 4951 1039 5006 40
1056 4951 1089 5020 is]
1108 4949 1151 5006 hin
1168 4952 1194 5004 F
1245 4951 1280 5006 41
1298 4955 1423 5006 teneatur
1444 4949 1480 5004 P*
