3608 5302
854 153 899 222 XI
920 203 925 208 .

155 327 238 396 igitur
257 328 287 384 in
311 328 469 402 archetypo
487 331 629 386 iustiniani
652 332 761 402 singula
783 335 914 402 excerpta
937 331 1066 386 distincta
1089 329 1174 386 fuisse
1197 345 1251 386 non
1270 330 1390 386 numeris
1408 331 1591 402 praescriptis,

156 434 207 490 sed
224 435 279 490 solo
298 437 414 492 nomine
432 439 552 493 anetaris
570 453 657 509 eoque
676 439 788 496 miniato
807 440 955 495 accedente
973 439 1070 510 capitis
1087 437 1261 506 indicatione,
1280 437 1384 492 scilicet
1402 442 1433 493 ut
1445 437 1484 493 ibi
1495 453 1592 494 nersus

157 542 288 612 inciperet
305 544 452 614 primaque
469 545 561 601 littera
578 549 607 601 et
624 546 710 602 maior
727 544 806 602 fieret
824 550 853 602 et
870 562 905 604 ex
922 561 1051 602 uersuum
1064 521 1167 600 'ordine
1185 545 1213 600 in
1231 545 1380 614 marginem
1399 545 1543 600 emineret:
1564 545 1593 600 id

158 649 233 719 quod
250 665 300 706 noa
319 665 432 721 quoquc
450 652 622 722 aliquatenus
639 653 738 708 imitati
757 669 852 709 sumus
876 659 1017 709 auctorum
1041 651 1196 707 nominibus
1219 652 1356 722 expressis
1375 652 1472 707 litteris
1490 649 1593 708 formae

158 757 278 812 maioris.
293 757 469 814 nihilominus
481 773 610 814 numeros
622 759 825 830 adscripsimus,
834 760 934 830 quibus
946 761 974 816 in
986 759 1119 814 eiusmodi
1132 773 1215 829 opere
1228 760 1282 814 iam
1295 773 1388 815 carere
1397 759 1549 828 nequimus.
1559 789 1592 800 -

158 862 286 934 Cupitum
305 865 459 935 longiorum
478 865 627 922 dinisioues
645 868 673 922 in
691 867 877 938 paragraphus
895 882 966 937 quae
984 866 1063 923 nobis
1077 867 1215 936 dicuntur,
1235 865 1593 938 sisaraueroByaantiis1,
1612 871 1746 928 l¹ttlti⁷s·¹l*¹¹¹

157 971 252 1026 Latini
270 977 345 1027 certa
363 972 473 1028 codices
491 974 565 1029 nullo
583 977 707 1044 tempore
725 974 908 1030 admiserunt:
926 990 1092 1045 quamquam
1110 961 1214 1044 puncta
1231 977 1287 1028 mm
1306 974 1334 1028 in
1352 972 1508 1030 Florentino
1525 972 1593 1029 libro

156 1093 243 1149 qnam
262 1079 290 1132 in
307 1078 442 1134 similibus
459 1094 515 1135 non
532 1095 594 1136 raro
611 1081 650 1136 ibi
667 1081 771 1151 posita,
795 1081 844 1138 ubi
868 1083 1010 1138 enuntiata
1032 1079 1131 1136 finiunt
1153 1085 1182 1136 et
1204 1080 1339 1150 expositio
1363 1079 1398 1135 ad
1417 1079 1471 1134 alia
1487 1081 1593 1150 mansit,

157 1184 296 1241 eiusmodi
312 1185 474 1242 diuisionem
493 1187 695 1256 quodammodo
713 1193 885 1257 praeparant.

214 1291 304 1348 Unum
324 1291 457 1349 addemus
475 1293 510 1349 de
528 1293 616 1350 forma
633 1295 723 1365 operis
741 1295 870 1350 uniuersa
887 1309 950 1350 cum
968 1295 1001 1350 iis
1014 1309 1085 1365 quae
1097 1292 1187 1349 adhuc
1198 1291 1407 1348 obseruauimus
1419 1293 1593 1349 coniunctum
1613 1299 1705 1370 Dirce
1723 1307 1770 1346 lou

157 1403 188 1454 et
213 1399 416 1468 quodammodo
438 1403 637 1457 consectarium
661 1401 738 1472 inde,
761 1402 867 1457 scilicet
884 1401 993 1472 digesta
1010 1401 1140 1456 uniuersa
1157 1401 1260 1470 scripta
1277 1415 1339 1455 esse
1356 1399 1454 1456 Latine
1471 1405 1500 1456 ct
1517 1400 1594 1470 quid·
1653 1363 1729 1407 tunm

157 1506 229 1575 quid
251 1505 291 1562 ibi
312 1507 451 1562 inuenitur
473 1523 632 1577 expressum
651 1507 769 1580 Graece,
793 1509 845 1564 etsi
868 1509 956 1580 primo
980 1508 1114 1580 adspectu
1137 1507 1173 1562 ad
1195 1507 1270 1576 ipsus
1292 1507 1483 1577 compilatores
1506 1507 1595 1562 redire
1673 1576 1682 1596 .

159 1613 302 1683 uideatur,
328 1617 422 1669 tamen
449 1630 513 1670 uere
540 1615 576 1670 ad
601 1631 700 1685 corpus
726 1620 824 1685 postea
851 1615 960 1671 demum
987 1615 1124 1670 adiectum
1151 1628 1221 1669 esse.
1257 1617 1322 1668 sunt
1348 1619 1439 1670 autem
1466 1619 1596 1684 quattuor

158 1719 245 1775 baec:
263 1721 368 1776 numeri
387 1719 484 1776 Graeci
501 1721 588 1777 Indici
607 1723 747 1778 titulorum
765 1722 905 1794 adscripti,
924 1723 1094 1793 epigramma
1110 1721 1139 1776 in
1156 1720 1266 1778 laudem
1284 1720 1427 1776 iustiniani
1444 1723 1481 1790 (p.
1494 1721 1596 1790 Xlll'),

159 1828 321 1883 constitutio
339 1825 476 1893 ditores,
502 1828 588 1884 ludex
611 1833 762 1885 auctorum.
796 1835 824 1885 et
847 1830 1017 1900 epigramma
1039 1843 1120 1884 nemo
1138 1825 1260 1897 ambiget
1277 1827 1392 1897 digestis
1408 1826 1538 1898 perlectis
1556 1828 1595 1882 in·

159 1935 294 2004 scriptum
318 1950 381 1989 esse
405 1936 493 2004 magis
516 1951 598 2005 quam
622 1941 727 2006 partem
746 1935 836 1992 iacere
855 1937 976 2006 corporis
995 1935 1070 1991 iuris.
1088 1965 1121 1976 -
1147 1935 1312 1991 Constitutio
1330 1933 1429 1989 deinde
1447 1933 1482 1989 de
1500 1931 1595 1990 confir·

161 2041 271 2096 mandis
294 2041 413 2111 digestis
435 2057 497 2098 cnm
520 2043 548 2098 in
571 2043 726 2113 primordiis
749 2044 900 2114 perscripta
924 2044 960 2098 sit
980 2049 1009 2098 et
1026 2043 1123 2098 Latine
1141 2047 1170 2097 et
1188 2041 1305 2112 Graece,
1329 2039 1442 2096 dubium
1462 2055 1523 2096 esse
1541 2055 1596 2096 non

160 2153 256 2218 potest
277 2148 427 2218 legitimam
450 2151 539 2220 magis
562 2150 650 2206 visam
672 2165 735 2206 esse
758 2166 819 2206 eam
843 2165 913 2220 quae
931 2150 1021 2221 priore
1039 2150 1099 2212 loco
1117 2149 1209 2220 posita
1226 2153 1282 2219 est,
1305 2149 1419 2204 alteram
1437 2151 1529 2204 autem
1548 2147 1595 2202 ad·

161 2257 262 2312 iactam
286 2255 412 2311 utilimtis
435 2271 520 2312 causa
540 2257 600 2312 siue
622 2258 651 2312 in
674 2258 736 2329 ipsa
753 2257 873 2313 editione
890 2257 1020 2328 primaria
1037 2257 1096 2312 siue
1115 2256 1196 2312 editis
1214 2255 1323 2312 demum
1341 2254 1456 2324 digestis
1473 2253 1509 2310 ab
1527 2255 1595 2310 anti·

162 2363 296 2433 quissimo
318 2363 459 2433 scriptore.
492 2378 543 2420 nec
564 2365 793 2434 praetercundum
818 2370 862 2420 eet
878 2365 1002 2419 similiter
1023 2363 1245 2419 constitutionem
1264 2362 1377 2418 Omnem
1395 2363 1595 2432 promulgatam

161 2485 226 2525 esse
252 2475 369 2539 unaque
394 2470 501 2542 lingua,
528 2471 578 2526 sed
605 2472 734 2527 Latinum
760 2476 867 2527 tantum
895 2472 1048 2541 exemplum
1074 2475 1216 2541 receptum
1242 2470 1271 2528 in
1297 2469 1465 2539 digestorum
1497 2485 1596 2540 corpus

162 2577 289 2648 adeoque
318 2576 417 2633 Graeci
453 2579 737 2634 commemorationem
768 2578 896 2634 secundis
930 2579 1003 2633 curis
1033 2593 1049 2632 e
1078 2577 1232 2648 primordiis
1261 2577 1430 2647 digestorum
1460 2576 1596 2632 sublatam

163 2687 203 2751 (n.
221 2684 460 2755 p.xxxxvl11·,
478 2685 531 2752 24).
552 2715 584 2724 -
603 2685 755 2741 Auctorem
780 2690 872 2742 autem
896 2685 979 2741 index
1001 2699 1064 2740 cum
1084 2700 1150 2755 pars
1167 2685 1204 2740 sit
1221 2687 1250 2739 et
1267 2684 1379 2754 sequela
1396 2683 1597 2740 comtitutionis

162 2791 200 2848 de
222 2789 428 2848 confirmatione
450 2791 620 2862 digestorum
645 2795 683 2861 (u.
700 2810 729 2863 p.
742 2793 913 2862 xxxxvl*,
939 2794 997 2863 19),
1024 2793 1082 2847 iure
1106 2792 1259 2863 quaeritur,
1287 2806 1335 2846 cur
1361 2805 1416 2846 non
1443 2794 1519 2845 extet
1544 2789 1597 2844 nisi

163 2898 285 2955 Graece:
308 2914 363 2968 qua
385 2899 413 2953 in
435 2914 465 2954 re
487 2914 523 2953 nc
545 2899 747 2969 neglegentiam
772 2900 906 2956 editorum
931 2895 1092 2970 arguamus,
1118 2914 1173 2954 non
1195 2899 1254 2954 sine
1278 2897 1370 2969 specie
1393 2897 1452 2952 ueri
1475 2897 1597 2967 suspica·

164 3019 227 3060 mur
252 3011 282 3061 et
307 3005 397 3076 ipsum
424 3005 488 3060 olim
514 3006 649 3076 prodiisse
676 3006 770 3076 lingua
796 3013 926 3078 unaque,
951 3007 1001 3062 sed
1028 3007 1168 3075 exemplar
1188 3006 1316 3061 Latinum
1343 3008 1465 3075 spretum
1492 3018 1554 3059 esse
1581 3019 1598 3058 a

163 3111 274 3168 hbrario
298 3111 402 3168 codicis
419 3113 567 3168 Florentini
590 3117 686 3183 utpote
709 3112 744 3168 ab
768 3114 854 3169 altero
876 3114 924 3168 uix
947 3114 1002 3168 alia
1021 3129 1051 3169 re
1069 3113 1209 3168 diuersum
1228 3128 1311 3182 quam
1327 3112 1479 3167 litterarum
1497 3109 1597 3182 ligura·

162 3219 249 3275 tione.
265 3248 298 3258 —
316 3217 442 3289 Denique
465 3219 570 3274 numeri
588 3219 687 3276 Graeci
705 3220 806 3276 lndicis
824 3220 963 3276 titulorum
983 3221 1035 3275 etsi
1053 3237 1070 3274 a
1087 3220 1176 3290 prima
1193 3235 1276 3276 manu
1293 3219 1388 3290 scripti
1405 3223 1484 3288 sunt,
1506 3222 1598 3274 tamen

163 3329 263 3398 postea
286 3324 397 3380 demum
420 3325 586 3382 accesserint
609 3341 722 3382 necesse
746 3331 801 3382 est:
823 3341 878 3382 non
897 3327 984 3382 solum
1003 3327 1075 3382 enim
1093 3332 1218 3398 pugnant
1235 3341 1297 3382 oum
1314 3326 1361 3381 illa
1378 3325 1413 3382 de
1432 3325 1599 3396 compendiis

163 3433 318 3502 scripturae
340 3433 533 3488 interdicendis
556 3433 618 3502 lege
642 3433 796 3504 iustiniani,
819 3433 869 3489 sed
891 3433 974 3488 etiam
997 3433 1196 3490 accommodati
1217 3431 1334 3489 suntad
1351 3437 1442 3488 errata
1459 3433 1599 3502 complura

162 3543 194 3595 et
213 3539 384 3610 grossissima,
403 3555 474 3610 quae
492 3539 599 3611 inipso
617 3540 766 3612 archetypo
785 3538 906 3596 adfuisse
924 3541 971 3595 uix
989 3541 1041 3596 erit
1058 3541 1106 3611 qui
1123 3539 1282 3611 persuaderi
1299 3537 1352 3595 sibi
1369 3539 1498 3610 patiatur.

220 3647 272 3702 llis
292 3646 327 3702 de
345 3645 513 3716 digestorum
533 3645 620 3703 forma
638 3647 753 3717 pristina
770 3645 1009 3702 obseruationibus
1026 3646 1119 3703 licebit
1135 3647 1282 3703 adnectere
1300 3646 1434 3717 quaedam
1453 3645 1488 3700 de
1506 3643 1599 3700 arche·
1617 3657 1739 3715 Aretes-pl

161 3753 228 3826 typi
251 3753 413 3824 exemplaris
431 3767 560 3809 uersuum
577 3769 705 3825 numero,
729 3769 810 3824 quem
829 3754 996 3810 lastinianus
1013 3771 1040 3826 p.
1054 3755 1257 3825 xxxll11·,14
1276 3753 1370 3809 scribit
1387 3751 1472 3809 luisse
1489 3757 1599 3808 centum
1640 3734 1719 3766 ΨΜ

161 3861 368 3932 quinquaginta
389 3875 475 3930 paene
493 3837 611 3916 milium.
645 3861 796 3917 secundum
823 3861 897 3931 qued
920 3861 1020 3931 singuli
1038 3876 1134 3918 uersus
1152 3861 1272 3933 primarii
1289 3860 1350 3917 libri
1368 3859 1536 3916 numerarint
1552 3843 1606 3915 ne?

161 3983 246 4024 cesse
270 3971 314 4022 est
335 3967 440 4023 litteras
464 3968 571 4023 circiter
589 3967 756 4023 xxxllt12:
778 3981 863 4037 quare
880 3972 937 4023 tres
954 3967 1016 4024 libri
1034 3969 1139 4039 antiqui
1157 3985 1219 4024 cum
1237 3969 1265 4024 in
1283 3983 1365 4024 uersu
1382 3968 1487 4023 liberas
1506 3982 1599 4023 nume·

160 4221 185 4282 1,
199 4218 263 4280 431,
276 4217 319 4269 29.
337 4217 370 4277 11,
384 4215 435 4268 832
454 4225 480 4270 et
497 4219 603 4271 maxime
622 4220 655 4272 ad
672 4221 693 4283 1,
706 4219 768 4282 455,
780 4220 829 4282 31,
847 4219 891 4270 ubi
909 4235 965 4271 curu
982 4219 1065 4285 legem
1083 4219 1148 4270 tituli
1168 4219 1238 4282 15,ss
1256 4221 1328 4272 nobis
1347 4229 1461 4287 quartam
1478 4218 1600 4270 decimam

109 4301 114 4304 ⁸
160 4308 306 4360 Florentini
323 4307 415 4358 codicis
433 4307 548 4360 librarius
566 4327 612 4375 pro
630 4309 687 4375 lege
705 4318 832 4371 numeret,
856 4309 1002 4360 emendator
1022 4309 1056 4360 ad
1073 4310 1267 4375 praecedentem
1283 4310 1367 4376 legem
1385 4310 1519 4374 adiungat,
1544 4325 1600 4360 eam

158 4400 247 4465 ipsam
267 4396 438 4448 diuersitatem
456 4413 486 4446 cx
505 4397 606 4449 diuersa
624 4397 777 4450 Graecorum
795 4399 966 4450 numeratione
985 4407 1092 4464 apparet
1110 4399 1178 4465 apud
1195 4399 1241 4451 hos
1259 4417 1358 4465 quoqne
1376 4399 1520 4451 obtinuisse.

219 4489 229 4523 ¹
256 4485 350 4538 Graeci
375 4485 499 4536 interdum
525 4486 621 4538 addunt
647 4488 808 4555 principium:
836 4489 872 4538 ita
899 4487 929 4538 Β.
950 4487 996 4548 11,
1018 4488 1045 4549 1,
1064 4487 1099 4537 42
1123 4489 1176 4539 sch.
1192 4489 1219 4539 1:
1245 4486 1373 4552 inessendi
1397 4486 1430 4541 τὸ
1453 4485 1482 4540 ὲκ
1506 4487 1545 4554 τῷ
1570 4485 1600 4540 t's

156 4573 286 4640 τογτὲλιο
312 4573 471 4640 concuretio
499 4576 582 4637 ηιξ
610 4585 657 4640 trs.
675 4575 712 4630 tss'
741 4577 861 4630 selaeseu
889 4585 959 4639 eeu,
989 4573 1020 4637 οῨ
1049 4573 1063 4629 ir
1089 4575 1153 4648 ipqri
1183 4577 1294 4639 notatos
1317 4578 1411 4632 Tirroc.
1447 4576 1600 4643 intellegitur

153 4669 191 4723 D.
205 4666 254 4728 26,
267 4662 295 4728 7,
308 4663 353 4724 32,
368 4663 393 4716 6,
503 4664 515 4698 ²
532 4665 681 4732 Exemplum
698 4665 870 4718 Florentinum
889 4682 944 4717 enm
961 4675 1075 4718 numeret
1093 4667 1201 4734 demptis
1219 4667 1359 4734 primordiis
1377 4667 1438 4719 folia
1455 4663 1506 4718 887
1525 4667 1599 4733 pagi-

151 4773 251 4813 narum
272 4761 452 4820 quaternarum
463 4771 579 4806 uersuum
592 4755 737 4822 plerumque
750 4755 901 4807 XXXXIIII
912 4754 954 4806 uel
966 4755 1098 4817 XXXXV,
1116 4755 1254 4808 litterarum
1273 4775 1293 4808 c.
1303 4756 1411 4818 XXXII,
1430 4754 1530 4822 singula
1540 4755 1601 4807 folia

148 4844 289 4916 neglectis
315 4841 395 4894 titulis
418 4851 444 4894 et
467 4844 570 4896 rubricis
595 4845 732 4911 spatiisque
755 4846 781 4896 in
804 4845 855 4896 tine
878 4845 963 4912 legum
985 4862 1036 4897 non
1060 4845 1158 4912 scriptis
1181 4845 1277 4898 litteras
1299 4845 1395 4897 habent
1417 4863 1438 4898 c.
1451 4830 1600 4898 VDCCLX:

144 4942 221 4995 flunt
241 4936 272 4986 in
288 4947 357 4998 opus
369 4933 510 4986 uniuersum
521 4933 658 4986 litterarum
667 4933 755 5000 paullo
765 4953 843 5003 snpra
855 4935 1020 5006 quinquagies
1033 4932 1115 5007 (5760
1129 4943 1154 5001 Χ
1169 4933 1219 4993 tel
1231 4934 1412 5011 55122222)
1427 4953 1483 4993 non
1492 4935 1610 4994 deductis

501 5185 529 5226 Ι
