3668 5356
246 193 307 261 XX
328 195 348 260 5
370 199 468 254 6-12
917 185 1005 267 596
1322 211 1370 258 nn
1392 207 1571 266 amomon.
1589 205 1684 256 erare

248 352 325 420 emit,
347 365 402 404 non
420 353 477 403 tam
495 347 656 417 adquirendi
674 347 786 403 dominii
804 363 886 418 quam
904 347 1031 403 osmundi
1049 346 1172 418 pignoris
1190 347 1233 402 sui
1251 363 1336 403 causa
1352 347 1519 418 intellegitur
1536 347 1687 418 pecuniam

248 439 357 494 dedisse
376 442 404 492 et
422 437 484 492 ideo
502 437 592 492 offerri
610 437 636 491 ei
654 452 671 491 a
688 435 812 492 debitore
829 439 930 507 potest.

211 526 230 584 t
301 527 475 582 Marcomanis
498 525 566 580 libro
590 525 729 596 singulari.
745 525 781 580 sd
804 524 947 581 formulam
971 523 1202 596 hypothecariam.
1239 523 1269 580 Si
1289 523 1408 580 creditor
1425 525 1525 595 pignus
1543 517 1686 607 [Q
1705 531 1745 606 Ss

248 618 293 672 uel
311 615 493 688 hypothecam
512 614 667 669 uendiderit
683 614 736 669 hoc
753 619 844 684 pacto,
863 618 894 669 ut
911 614 992 668 liceat
1010 612 1062 668 sibi
1080 612 1194 668 reddere
1206 615 1350 682 pecuniam
1363 619 1392 668 et
1402 615 1502 684 pignus
1515 615 1686 682 reciperare:

249 721 292 775 an,
311 706 334 759 si
353 708 465 774 paratus
483 703 519 758 sit
536 702 643 758 debitor
660 703 774 758 reddere
791 703 945 772 pecuniam,
964 702 1095 771 consequi
1112 701 1140 756 id
1152 701 1259 772 possiti
1285 708 1313 758 et
1325 703 1446 758 Iulianus
1457 701 1527 757 libro
1539 702 1687 756 undecimo
1704 713 1718 752 a

249 795 416 864 digestorum
435 792 529 848 scribit
546 797 621 847 recte
639 791 749 862 quidem
768 792 929 847 deuectum
947 807 1009 846 esse
1026 791 1135 861 pignus,
1157 796 1277 846 ceterum
1296 792 1341 860 agi
1359 807 1441 861 posse
1460 807 1522 846 cum
1540 789 1687 860 creditore,

249 889 288 952 ut,
307 884 330 938 si
348 898 417 952 quas
435 881 556 937 actiones
575 881 683 951 habeat,
702 896 750 936 eas
768 881 849 936 cedat
866 879 991 936 debitori.
1018 879 1069 935 sed
1087 880 1161 950 quod
1178 881 1299 935 lulianus
1318 880 1413 936 scribit
1429 881 1458 935 in
1469 881 1593 950 pignore,
1612 879 1686 934 idem

218 978 230 1022 1
250 977 278 1026 at
296 973 368 1026 circa
385 971 568 1042 hypothecam
587 975 637 1026 ast.
671 969 740 1024 illud
759 970 958 1040 inspiciendum
978 973 1029 1038 est,
1048 984 1082 1024 an
1100 969 1182 1024 liceat
1199 967 1324 1038 debitori,
1343 969 1367 1024 si
1385 969 1541 1041 hypotheca
1559 968 1686 1036 uenierit,

249 1061 367 1131 pecunia
385 1061 474 1114 soluta
491 1075 551 1115 eam
569 1061 730 1130 reciperare.
759 1063 788 1114 et
805 1060 828 1114 si
846 1059 956 1129 quidem
975 1058 1014 1113 ita
1032 1058 1156 1128 uenierit,
1175 1063 1214 1128 ut,
1233 1059 1257 1112 si
1275 1059 1347 1113 intra
1364 1063 1468 1114 cenum
1486 1056 1686 1127 tempusade·

248 1149 337 1204 bitere
355 1149 471 1218 pecunia
489 1149 580 1204 soluta
597 1147 692 1219 fuerit,
717 1148 820 1218 emptio
837 1147 1021 1217 rescindatur,
1046 1147 1117 1202 intra
1134 1147 1201 1202 iilud
1218 1153 1327 1216 tempus
1345 1147 1462 1217 pecnnia
1480 1147 1570 1202 solnta
1587 1146 1688 1215 recipit
1705 1155 1733 1196 ιι

249 1237 444 1310 hypothecam:
464 1237 488 1292 si
506 1253 571 1292 uero
588 1241 698 1307 tempus
716 1237 856 1308 praeteriit
874 1243 922 1292 aut
940 1237 964 1292 si
982 1253 1036 1292 uon
1054 1251 1087 1291 eo
1104 1241 1187 1305 pacto
1199 1252 1243 1292 res
1255 1237 1379 1306 uenierit,
1397 1240 1555 1306 nonpotest
1566 1233 1687 1290 rescindi

248 1327 385 1396 penditio,
410 1327 462 1380 nisi
484 1327 572 1381 minor
596 1327 632 1381 sit
656 1328 733 1382 annis
752 1327 850 1397 uiginti
868 1327 988 1396 quinque
1006 1325 1114 1381 debitor
1131 1330 1180 1382 aut
1196 1327 1315 1396 pupillus
1334 1330 1382 1381 sut
1399 1326 1438 1380 rei
1455 1323 1581 1396 publicae
1600 1337 1687 1379 causa

217 1423 231 1468 ι
250 1416 349 1470 absens
370 1416 414 1470 uel
437 1415 464 1468 in
488 1415 579 1484 aliqua
601 1431 694 1471 carum
719 1432 861 1472 causarum
885 1417 951 1486 erit,
975 1431 1009 1470 ex
1033 1415 1132 1486 quibus
1155 1415 1246 1470 edicto
1267 1415 1442 1471 succurritur.
1479 1413 1636 1482 Quaeritur,
1663 1413 1687 1466 si

249 1509 358 1576 pactum
383 1504 419 1558 sit
441 1504 624 1574 acreditorc,
647 1521 681 1560 ne
699 1505 781 1561 liceat
799 1505 915 1560 debitori
933 1503 1116 1576 hypothecam
1135 1504 1254 1559 uendere
1271 1504 1316 1559 uei
1334 1503 1446 1574 pignus,
1470 1501 1536 1572 quid
1555 1501 1622 1556 iuris
1641 1501 1687 1571 sit,

249 1599 279 1648 et
302 1611 337 1648 an
360 1593 451 1662 pactio
469 1593 543 1647 nulla
561 1593 596 1647 sit
615 1595 690 1664 talis,
715 1595 794 1664 quasi
811 1599 907 1650 contra
924 1595 967 1648 ius
986 1594 1022 1648 sit
1038 1593 1142 1664 posita,
1167 1593 1283 1663 ideoque
1301 1592 1388 1648 ueniri
1405 1592 1501 1662 possit.
1534 1595 1687 1646 etcertum
1706 1601 1734 1642 rs

250 1686 293 1737 est
310 1683 411 1737 nullam
429 1687 507 1736 esset
525 1680 719 1754 uenditionem,
738 1688 770 1738 ut
786 1683 907 1753 pactioni
924 1687 1020 1737 stetur.

213 1768 231 1826 8
305 1771 313 1841 ιΙ
335 1771 526 1826 heumanmus
542 1771 611 1826 libro
624 1773 896 1842 quartoregnlarum.
925 1771 1072 1827 Creditoris
1084 1769 1196 1826 arbitrio
1207 1771 1375 1841 permittitur
1387 1785 1422 1825 ex
1433 1771 1528 1840 pigno·
1548 1763 1688 1854 Q
1706 1773 1733 1828 E
1749 1773 1810 1821 ιιιι

250 1859 324 1915 ribus
343 1859 395 1915 sibi
414 1859 542 1928 obligatis
560 1859 658 1929 quihus
676 1860 743 1915 uelit
760 1860 898 1916 distractis
916 1860 952 1916 ad
971 1877 1050 1916 suum
1068 1859 1242 1915 commodum
1260 1858 1412 1930 peruenire.

214 1949 231 2007 9
304 1951 424 2004 Pronus
449 1948 518 2003 libro
544 1949 625 2004 tertio
648 1950 848 2019 quaestionum.
885 1950 1044 2016 Quaesitum
1068 1954 1124 2018 est,
1152 1949 1175 2003 si
1199 1949 1317 2004 creditor
1339 1947 1374 2002 ab
1399 1951 1522 2017 emptore
1547 1939 1688 2030 Q
1705 1952 1732 2006 P

249 2038 372 2109 pignoris
389 2038 507 2108 pretium
525 2053 635 2092 semare
653 2054 708 2093 non
726 2039 875 2109 potuisset,
900 2055 936 2094 an
953 2038 1061 2094 debitor
1078 2037 1209 2092 liberatus
1228 2043 1309 2092 esset.
1342 2037 1452 2106 putaui,
1471 2037 1495 2092 si
1513 2037 1588 2092 nulla
1605 2037 1689 2106 cnipa
1706 2048 1734 2088 so

250 2127 377 2196 imputari
400 2126 528 2181 creditori
550 2127 649 2196 pessit,
674 2143 784 2182 manere
806 2127 958 2183 debitorem
976 2127 1136 2197 obligatum,
1155 2127 1220 2196 quia
1238 2142 1273 2182 er
1290 2126 1454 2181 necessitate
1472 2122 1546 2180 sacta
1563 2125 1688 2180 uenditis

219 2227 229 2272 1
250 2233 305 2272 non
323 2216 420 2271 liberat
437 2215 587 2270 debitorem
606 2217 658 2270 nisi
676 2217 793 2286 pecunia
810 2220 948 2288 percepta.
974 2216 1141 2285 Pomponius
1159 2220 1250 2272 autem
1269 2216 1415 2271 lectionum
1433 2212 1501 2270 iihrc
1514 2213 1636 2270 secundo
1649 2215 1689 2268 ita

250 2303 372 2360 scribsit:
396 2305 469 2372 quod
492 2305 521 2359 in
538 2304 698 2374 pignoribus
716 2305 814 2360 dandis
833 2305 904 2360 adici
922 2305 1003 2374 solet,
1027 2310 1070 2376 ut,
1093 2317 1151 2374 quo¹
1167 2305 1256 2360 minus
1274 2305 1374 2376 pignus
1392 2304 1527 2373 uenisset,
1552 2303 1687 2372 reliquum

250 2393 358 2449 debitor
375 2392 509 2462 redderet,
528 2408 728 2464 superuacuum
747 2400 798 2465 est,
816 2395 882 2465 quia
898 2394 958 2464 ipso
976 2395 1035 2448 iure
1052 2395 1091 2449 ita
1108 2409 1139 2448 se
1157 2409 1201 2449 res
1218 2392 1302 2448 habet
1319 2393 1401 2448 etiam
1420 2379 1475 2448 nori
1494 2391 1603 2448 adiecto
1621 2406 1665 2448 eo.
1706 2405 1736 2444 ss

195 2485 234 2542 10
304 2483 380 2536 lnnnr
398 2481 466 2536 libro
485 2487 564 2537 sexto
582 2497 782 2552 responsorum.
811 2483 871 2538 Etsi
887 2483 920 2553 is,
939 2483 985 2553 qui
999 2483 1194 2553 legcpignoris
1207 2482 1280 2552 emit,
1298 2481 1510 2538 chenictionem
1529 2475 1688 2566 Q
1705 2487 1732 2540 P

250 2571 290 2626 rei
312 2571 400 2625 redire
423 2569 461 2624 od
485 2569 654 2627 uenditorem
677 2587 733 2628 non
750 2575 855 2642 potest,
878 2575 972 2628 tamen
989 2587 1044 2627 non
1062 2585 1124 2627 esse
1142 2570 1308 2626 audiendum
1326 2571 1488 2627 creditorem
1506 2572 1554 2641 qui
1570 2569 1688 2626 fundum

249 2659 383 2729 uendidit,
402 2661 425 2714 si
443 2660 510 2714 uelit
527 2659 649 2716 eiusdem
667 2661 708 2715 rei
725 2675 760 2715 ex
778 2661 833 2716 alia
850 2676 935 2716 causa
953 2661 1139 2730 quaestionem
1158 2675 1278 2716 mouere.

195 2751 231 2808 11
305 2749 463 2805 sorssors
481 2747 550 2803 libro
567 2750 655 2818 primo
672 2763 876 2820 responsorum.
910 2749 1022 2804 Arbiter
1039 2749 1204 2804 diuidendae
1221 2749 1297 2804 here·
1317 2745 1359 2832 [er.
1367 2759 1481 2808 ιιιιιι.
1490 2762 1527 2808 14.
1542 2760 1569 2807 ιι.
1578 2743 1688 2832 ιιῶῇ
1705 2754 1734 2808 P

251 2838 345 2893 ditatis
363 2853 425 2893 cum
444 2852 558 2907 corpora
575 2837 739 2893 hereditaria
756 2837 903 2908 diuisisset,
921 2839 1032 2894 nomina
1049 2853 1158 2908 qnoque
1175 2839 1359 2894 communium
1372 2838 1527 2894 debitorum
1539 2839 1687 2908 separatim

251 2927 366 2997 singulis
384 2927 412 2980 in
430 2927 547 2983 solidum
566 2927 735 2996 adsignauit:
755 2929 910 2998 quaesitum
928 2931 979 2999 est,
1000 2945 1035 2984 an
1053 2927 1222 2984 debitoribus
1240 2927 1412 2983 cessantibus
1423 2943 1473 2998 pro
1486 2927 1573 2984 solido
1585 2928 1688 2998 pignus
1706 2939 1735 2980 aa

251 3015 371 3070 uendere
389 3015 504 3084 quisquo
521 3020 620 3086 potest.
651 3017 780 3087 respondi
797 3032 888 3087 posse.

196 3105 233 3162 ιι
305 3105 517 3160 Tamnoumns
540 3104 609 3160 libro
632 3109 731 3161 octauo
754 3106 977 3176 disputationum.
1014 3104 1186 3174 Rescriptum
1209 3105 1304 3161 catab
1323 3107 1371 3160 im·
1390 3091 1689 3180 Quartensis
1706 3103 1733 3158 P

251 3198 377 3263 peratore
400 3193 506 3248 libellos
529 3198 629 3264 agente
647 3195 797 3264 Papiniano
818 3195 979 3250 creditorem
998 3209 1015 3249 a
1033 3193 1156 3250 debitore
1173 3195 1273 3264 pignus
1292 3209 1382 3250 emere
1400 3211 1495 3266 posse,
1519 3195 1585 3264 quia·
1602 3189 1689 3279 Q

221 3291 231 3336 1
252 3283 280 3336 in
299 3282 419 3338 dominio
438 3287 530 3338 manet
547 3283 703 3338 debitoris2.
740 3283 769 3338 Si
788 3283 937 3340 alienares
955 3284 1063 3354 pignori
1081 3283 1147 3338 date
1164 3282 1246 3338 suerit
1263 3288 1292 3338 et
1309 3283 1428 3340 creditor
1445 3299 1506 3340 eam
1524 3283 1689 3356 uendfflerit,

252 3371 409 3441 uideamus,
434 3387 469 3426 an
489 3373 606 3442 pretium
625 3372 699 3442 quod
716 3374 840 3444 percepit
858 3373 976 3429 creditor
992 3373 1090 3428 liberet
1107 3371 1257 3428 debitorem
1275 3373 1412 3443 personati
1430 3375 1537 3429 actione
1554 3375 1689 3444 pecuniae
1709 3385 1737 3426 aa

253 3459 380 3514 creditae.
414 3459 488 3529 quod
506 3476 571 3516 uere
589 3461 812 3532 responderetur,
837 3463 860 3518 si
878 3478 912 3519 ea
929 3463 991 3532 lege
1008 3461 1146 3532 uendidit,
1169 3475 1205 3516 ne
1222 3461 1366 3518 euictionis
1384 3463 1494 3520 nomine
1511 3459 1688 3533 obligaretur,

253 3548 318 3617 quia
338 3564 372 3603 ex
390 3555 531 3604 conuoctu
550 3555 578 3605 et
595 3552 745 3620 qualiquali
762 3551 927 3621 obligatione
946 3567 963 3606 a
980 3551 1104 3606 debitore
1121 3551 1282 3622 interposita
1304 3555 1379 3606 certe
1402 3567 1437 3608 ex
1460 3553 1604 3608 occasione
1628 3553 1689 3608 eiua

252 3636 393 3692 redactum
412 3638 442 3692 id
459 3639 575 3708 pretium
594 3641 708 3709 aequius
726 3639 870 3710 proficeret
887 3639 1011 3709 debitori,
1029 3653 1112 3710 qnam
1131 3639 1272 3695 creditoris
1289 3641 1365 3696 iucro
1384 3640 1502 3696 cederet
1532 3640 1582 3696 sed
1601 3657 1687 3711 quan·

253 3729 312 3780 turn
335 3725 446 3794 quidem
469 3727 505 3781 ad
527 3727 689 3784 creditorem
712 3727 819 3785 debitor
835 3728 979 3784 liberatur:
1004 3733 1136 3800 quantum
1154 3743 1219 3784 uero
1238 3728 1273 3784 ad
1292 3729 1433 3785 dominum
1451 3730 1503 3800 rei,
1527 3731 1551 3784 si
1570 3729 1689 3786 necdum

253 3813 353 3882 pignus
378 3815 497 3870 euictum
521 3823 576 3886 est,
600 3818 645 3872 uei
668 3817 704 3872 ad
721 3821 872 3888 emptorem
889 3823 953 3888 post
971 3819 1134 3873 enictionem
1153 3817 1221 3887 ipsi'
1240 3817 1349 3874 debitor
1366 3819 1426 3874 utili
1444 3819 1551 3874 actione
1568 3823 1688 3890 tenetur,
1708 3833 1738 3874 ao

253 3917 288 3956 ne
311 3917 346 3956 ex
370 3903 459 3958 aliena
479 3905 584 3960 iactura
602 3905 654 3961 sibi
672 3907 776 3961 lucrum
795 3906 928 3976 adquirat.
961 3922 1025 3962 nam
1044 3912 1072 3961 et
1089 3906 1113 3961 si
1130 3907 1246 3962 maiores
1264 3905 1369 3963 fructus
1387 3906 1457 3962 forte
1474 3912 1572 3978 petens
1590 3923 1607 3962 a
1624 3923 1689 3978 pos

253 3991 498 4150 ssfffigffffiwr
516 3993 640 4065 abstulit,
663 3995 806 4051 uniuersos
823 3996 852 4050 in
870 3995 1052 4066 quantitatem
1070 3993 1192 4052 debitam
1210 3999 1324 4066 accepto
1341 3994 1413 4052 ferre
1430 3994 1554 4052 debebit:
1578 4000 1689 4052 etcum

255 4205 436 4288 [confirmant
453 4207 479 4260 B
497 4209 531 4274 (ιι.
545 4209 587 4274 i.):
605 4223 657 4262 nee
674 4207 875 4279 impediendam
893 4224 955 4264 esse
974 4217 1021 4264 tna.
1093 4209 1104 4244 ¹
1121 4209 1188 4279 Pap.
1207 4209 1224 4264 l.
1237 4209 1278 4266 ΠΙ
1295 4226 1366 4281 resp.
1393 4209 1518 4267 Creditur
1535 4207 1690 4266 adebitore

252 4289 354 4344 pignus
366 4283 440 4331 recte
452 4278 519 4333 emit
539 4279 610 4344 Uet,
620 4281 663 4334 aba·
675 4287 812 4353 sequuntur
824 4284 877 4336 arra
932 4281 943 4316 ⁸
961 4281 1047 4351 ipsius
1065 4279 1101 4351 (a.
1114 4280 1163 4350 ι’.)ι

253 4399 372 4468 41]ιοιο
453 4405 482 4454 et
499 4403 598 4471 pignus
617 4421 665 4456 om.
680 4403 721 4468 γ’,
740 4403 880 4474 obpignus
996 4405 1050 4459 heiu
1068 4403 1100 4458 τὸ
1112 4402 1235 4476 ἒιιὲχγροιι
1252 4405 1399 4472 Β(Αιιοη.)
1445 4406 1478 4460 17
1496 4403 1565 4461 libro
1582 4405 1611 4460 ιιι
1629 4421 1689 4476 reg.

254 4471 431 4539 bpecnniam
451 4491 499 4526 om.
512 4475 550 4526 1³⁰
593 4475 827 4544 Sinapecicndum
841 4475 885 4540 F‘,
903 4477 943 4531 in·
996 4475 1108 4539 P‚iibro
1120 4477 1293 4546 singulariV,
1306 4477 1353 4532 lib.
1366 4477 1451 4532 xxxiii
1463 4477 1561 4547 reg.U
1594 4477 1689 4532 iode-

254 4542 421 4610 speciemum
430 4544 468 4595 F·
494 4541 792 4601 9ιἰιίιίιιιιιιιιειιιι2
824 4549 943 4618 ilprae-
996 4546 1053 4602 bito
1066 4546 1162 4601 lib.P⁰
1207 4549 1242 4604 25
1254 4549 1329 4618 emit]
1344 4548 1420 4604 uenit
1432 4547 1492 4602 P0?
1507 4551 1512 4616 Ι
1528 4547 1563 4603 oh
1575 4549 1689 4604 euictio·

253 4613 358 4667 terierit
374 4613 402 4666 P
453 4615 486 4669 12
504 4631 588 4669 causa
605 4620 687 4688 sappi.
700 4619 738 4671 F’
784 4618 817 4672 13
835 4619 944 4688 aliqua
997 4617 1069 4688 nem]
1082 4617 1263 4675 obtectionem
1275 4620 1344 4673 ΡΨ
1378 4621 1413 4674 28
1426 4618 1593 4674 diuidendae
1601 4619 1691 4674 F’PU

254 4683 291 4736 F*
315 4685 320 4751 Ι
344 4699 437 4740 earum
469 4687 622 4755 causarum]
654 4703 738 4743 eausa
767 4703 861 4744 earum
892 4690 948 4744 PV
997 4690 1031 4744 29
1044 4688 1277 4744 (ιίιιιιιιιιειΡΡο
1317 4691 1354 4746 34
1365 4689 1475 4745 domnio
1488 4689 1516 4754 F,
1529 4689 1640 4746 domino
1656 4689 1691 4745 U·

256 4753 488 4811 recontractus
512 4759 548 4810 Ρ
568 4761 573 4826 Ι
594 4759 690 4828 ueniri]
714 4760 758 4825 ΡΙ,
781 4761 875 4815 uenire
898 4761 943 4826 1⁴⁸³,
996 4761 1031 4816 37
1042 4765 1069 4814 et
1097 4761 1232 4831 nniiquali]
1244 4759 1377 4816 FP‘stsa
1391 4762 1511 4829 Hieme)
1526 4761 1568 4826 θ’,
1581 4761 1690 4832 aequali

254 4824 313 4879 iure
330 4827 424 4880 uenire
443 4827 524 4882 PVU
564 4831 598 4884 16
616 4831 718 4885 nullam
735 4846 797 4886 csse
814 4831 895 4887 nand.
913 4837 945 4886 ut
996 4775 1103 4886 Ριιῐῑι·
1115 4833 1149 4887 38
1159 4831 1350 4902 proficerePV
1359 4831 1532 4901 39adcred.]
1540 4831 1695 4887 cred.P·V

255 4901 327 4964 pact.
346 4898 441 4966 stetur]
467 4901 531 4952 idon
553 4903 666 4984 legerant
686 4901 794 4957 Graeci:
818 4901 943 4958 saadcd
996 4904 1033 4958 40
1049 4903 1110 4972 ipse
1127 4903 1217 4958 F’PU
1265 4905 1299 4958 41
1315 4903 1430 4974 iactura]
1442 4908 1540 4958 natura
1549 4904 1590 4956 P⁰
1605 4905 1610 4972 Ι
1626 4918 1690 4974 pos·

255 4967 392 5023 haaercrric
406 4971 588 5032 ογιιΦωιιεῖιιιι
601 4970 692 5026 &siuas
705 4973 744 5040 τῷ
756 4973 873 5046 χρεώετιι
886 4993 942 5029 um·
997 4975 1113 5044 sessore]
1131 4973 1291 5032 fideiusecre
1308 4975 1391 5030 PVU
1435 4976 1472 5032 42
1489 4974 1622 5032 abstulit
1641 4975 1680 5030 Ρ
