3698 5364
247 176 368 244 XXIIII
389 180 409 245 3
432 184 547 241 66-67
920 175 946 255 7
952 173 1008 256 30
1218 195 1352 247 sonoro
1375 195 1597 246 narumouro
1619 195 1690 244 uos

247 337 320 407 petri
338 337 416 392 reddi
434 338 564 394 iusserat:
588 337 687 395 deiude
710 343 789 410 parte
810 338 883 394 dotis
906 339 1046 410 persoluto
1068 343 1148 409 pater
1171 337 1337 395 deoesserat.
1367 337 1498 408 reliquam
1516 340 1637 407 partem,
1662 335 1690 390 si

248 440 300 483 nee
318 411 447 497 deletae
464 443 515 483 nee
532 429 668 499 pronsas
685 429 806 485 norrun
825 430 916 485 anuo
934 429 1006 500 pern·
1023 427 1129 498 rurus
1147 427 1254 482 murres
1272 427 1342 510 eorm
1359 426 1460 482 nemu
1477 425 1571 481 nabeo
1582 423 1690 480 nune

215 516 303 571 ttius
321 521 433 586 putant,
452 516 534 587 idque
552 533 647 574 uerum
667 524 718 574 est.
754 519 891 589 MenoipIs
908 519 936 574 in
955 518 1047 574 dotem
1066 518 1211 573 aestimata
1228 517 1371 588 recepiret:
1388 505 1501 586 paetum
1519 517 1688 569 oonueutum

249 603 348 660 deinde
367 603 468 661 loetum
487 611 538 676 est,
556 611 588 662 ut
605 607 723 664 diuortio
741 606 816 663 sueto
834 607 968 664 tantidem
983 608 1128 663 aestimato
1139 605 1268 662 redderes
1280 621 1332 662 neo
1348 605 1383 661 de
1395 609 1476 676 portu
1488 603 1620 658 dotalium
1638 619 1689 658 su-

249 695 372 751 oillaunm
390 697 493 752 mentio
510 694 585 752 faeta
602 702 653 752 est.
681 697 811 767 manebit,
830 697 919 766 inquit
930 695 1032 767 Labeo,
1050 701 1147 767 pertus
1163 699 1237 766 tnns,
1256 695 1356 766 quinis
1373 709 1423 765 pro
1442 690 1689 778 [rpuppfflgs
1709 710 1724 754 o

216 785 369 854 epericulo
388 787 583 856 mancipiorum
602 802 687 858 penes
705 791 734 842 te
752 800 814 842 esse
832 784 953 841 deberet
989 786 1099 856 Mulier,
1124 799 1195 856 qnae
1218 789 1327 840 eentum
1348 783 1422 840 dotis
1439 783 1513 854 opud
1530 784 1620 839 uirum
1638 782 1690 839 ha·

249 872 341 944 behet,
360 874 476 930 diuortio
494 873 568 930 laeto
585 875 705 932 dnoeuts
722 892 740 931 a
757 877 817 932 uiro
829 879 937 931 errante
949 876 1080 946 stipulata
1091 879 1159 929 eust.
1190 872 1283 930 Labeo
1295 878 1383 945 putat,
1402 879 1506 944 quauta
1517 870 1690 944 desinisset,

249 969 354 1019 tantm
372 962 481 1034 deberI,
506 965 565 1020 sine
583 963 705 1036 prudens
722 965 821 1020 mulier
837 965 900 1035 plus
917 970 993 1022 esset
1009 965 1140 1035 stipulata
1157 963 1217 1019 sine
1234 955 1406 1034 Imprudens:
1424 961 1561 1019 Labeonis
1578 966 1691 1018 senteu-

216 1057 230 1104 t
249 1053 315 1108 llam
333 1053 429 1123 probo.
467 1053 542 1109 Uxor
564 1054 682 1110 diuortio
700 1052 774 1110 laeto
792 1061 900 1125 partem
918 1055 991 1111 dolis
1014 1058 1168 1124 reoeperot,
1192 1059 1299 1124 pentem
1323 1051 1398 1124 epod
1419 1053 1509 1108 ninum
1531 1051 1690 1123 reliquerat,

249 1141 348 1198 deiude
366 1142 411 1197 ulii
429 1147 561 1212 nupserat
578 1148 607 1198 et
624 1144 723 1198 iterum
740 1143 827 1200 nidus
843 1142 918 1200 laeta
935 1142 971 1199 sd
988 1144 1106 1214 priorem
1124 1144 1213 1198 uirum
1232 1141 1364 1213 redierat,
1383 1143 1428 1198 eui
1446 1147 1555 1198 eentum
1573 1142 1690 1198 deoem¹
1712 1151 1742 1192 ro

249 1231 307 1286 doti
325 1231 439 1287 dederet
456 1247 545 1302 neque
568 1233 627 1287 eius
650 1233 796 1303 pennulae,
821 1247 892 1303 quae
914 1233 1020 1303 reliqua
1041 1247 1076 1288 ox
1099 1233 1189 1304 priore
1212 1230 1277 1287 dots
1295 1238 1366 1301 eret,
1391 1231 1556 1287 mentionem
1573 1229 1690 1286 feoerst

249 1321 368 1377 diuortio
385 1319 458 1377 laeto
476 1321 609 1392 reliquum
628 1337 663 1378 ex
680 1323 771 1393 priore
789 1323 854 1378 dots
873 1323 970 1378 iisdem
989 1321 1087 1378 diebus
1104 1322 1194 1378 ulrum
1212 1321 1381 1377 redditurum
1400 1322 1439 1377 ait
1456 1319 1563 1391 Labeo,
1587 1319 1692 1391 quibus

249 1409 422 1481 reddidisset,
441 1411 465 1466 si
483 1411 608 1483 superius
627 1412 775 1468 diuortium
793 1412 865 1468 Inter
882 1426 931 1467 eos
948 1410 1051 1467 loetum
1069 1427 1125 1467 non
1142 1415 1231 1481 esset,
1249 1411 1378 1482 qnoniam
1396 1411 1495 1482 prioris
1512 1410 1584 1467 dotis
1602 1425 1694 1466 eausa

216 1505 231 1552 t
249 1499 455 1570 insequentem
474 1500 546 1556 dotis
564 1500 759 1571 obligationem
778 1506 853 1557 esset
870 1501 1016 1556 translato:
1035 1505 1064 1556 et
1081 1500 1134 1556 hoo
1151 1516 1247 1556 uerum
1265 1505 1342 1572 puto.
1378 1499 1408 1556 Si
1419 1501 1463 1556 nir
1475 1515 1570 1556 sonoro
1580 1499 1692 1554 iniussu

249 1590 343 1644 uxoris
361 1595 489 1646 manente
508 1591 680 1647 metdmonio
698 1591 791 1646 dotem
810 1595 951 1660 aooeptam
969 1587 1095 1661 fecisset,
1119 1591 1227 1646 etiamsi
1249 1591 1278 1646 id
1300 1595 1411 1661 propter
1429 1593 1581 1660 egestatem
1599 1589 1693 1644 sooeri
1714 1599 1744 1640 rs

216 1676 352 1734 lfaetnm
371 1685 458 1748 esset,
483 1681 534 1734 uiri
557 1683 650 1735 umen
672 1679 822 1749 perioulum
844 1678 967 1734 futurum
991 1679 1031 1735 alt
1048 1679 1156 1750 Labeo,
1180 1685 1209 1735 st
1230 1679 1283 1736 hoe
1308 1693 1404 1734 uerum
1422 1683 1474 1734 est.
1511 1677 1540 1734 Si
1558 1679 1619 1749 quis
1637 1693 1693 1748 pro

249 1769 361 1824 muliere
379 1767 472 1824 dotem
490 1769 551 1824 nito
568 1769 701 1839 promisit,
719 1768 818 1824 delude
836 1767 937 1823 herede
956 1769 1069 1825 muliero
1087 1769 1183 1825 reliole
1194 1768 1352 1839 deoesserit,
1370 1783 1426 1839 qus
1444 1783 1479 1824 ex
1496 1773 1573 1838 purte
1591 1768 1694 1822 mulier

249 1858 275 1914 el
293 1857 372 1914 lueres
390 1861 473 1927 osset,
492 1872 541 1928 pro
560 1873 594 1913 ea
611 1863 689 1929 porto
707 1857 780 1913 dotis
797 1858 962 1928 perieulum,
987 1858 1061 1928 qood
1079 1857 1259 1928 uiri'Inissot,
1283 1857 1319 1913 ed
1336 1857 1477 1914 mulierem
1495 1857 1631 1928 pertinere
1651 1856 1694 1911 ait

248 1945 350 2016 Labeo,
369 1947 434 2016 qula
452 1961 504 2004 neo
521 1948 617 2004 melius
636 1948 749 2018 sequius
768 1951 855 2018 esset,
874 1947 949 2018 quod
967 1949 1078 2018 exigere
1096 1948 1139 2003 uir
1156 1947 1192 2004 ab
1210 1961 1295 2004 uxore
1313 1963 1369 2004 nou
1386 1948 1534 2018 potuisset,
1552 1944 1588 2002 ob
1605 1945 1636 2000 id
1655 1961 1694 2001 ex

249 2035 413 2092 detrimento
431 2036 482 2090 uiti
500 2037 641 2092 mulierem
659 2037 834 2107 locupletari:
853 2041 882 2091 et
900 2035 952 2092 boe
969 2051 1065 2092 uerum
1084 2041 1160 2108 puto.
1713 2050 1746 2091 ro

193 2122 231 2181 67
302 2125 475 2181 Porruouurs
492 2123 562 2182 libro
580 2125 712 2182 uioesImo
730 2126 916 2196 epistularum.
953 2126 985 2181 Iu
1008 2131 1114 2197 portem
1138 2125 1211 2183 dotb
1229 2125 1386 2182 reddendae
1404 2125 1457 2180 erit
1473 2125 1510 2195 id,
1530 2117 1695 2209 [is‘gffis
1714 2133 1761 2189 Α·

250 2214 325 2286 quod
343 2215 447 2270 molleri
466 2229 500 2270 ex
517 2216 626 2286 peculio
643 2217 716 2271 serui
734 2215 841 2271 restitui
859 2214 984 2271 debebit:
1008 2219 1037 2270 et
1060 2215 1123 2272 ideo
1147 2219 1176 2272 st
1196 2215 1288 2271 dolum
1306 2219 1336 2272 et
1353 2216 1462 2287 eulpam
1481 2216 1509 2271 iu
1527 2227 1561 2270 eo
1578 2215 1694 2284 poeulio

250 2305 296 2360 uel
313 2303 482 2374 adqutreudo
500 2306 545 2361 uel
563 2305 885 2378 conseruando-maritus
903 2309 1043 2375 proestare
1061 2304 1145 2361 debet
1162 2303 1308 2362 stimulus
1322 2319 1357 2361 er
1370 2319 1403 2361 eo
1415 2303 1538 2376 pereepti
1550 2302 1696 2374 quomodo

252 2392 397 2449 oninelibet
414 2393 455 2450 rei
473 2393 572 2451 dotalis
591 2394 627 2450 ed
645 2395 774 2452 meritum
791 2394 975 2465 pertinebunt.

254 2501 393 2570 norro)

254 2655 263 2688 ¹
282 2651 517 2722 deoemldenuo?

254 2803 344 2860 1srr
358 2820 409 2859 nee
431 2803 469 2858 r*
540 2803 687 2860 sueinus
710 2767 817 2860 ‘sunm
844 2805 884 2860 en
906 2805 943 2858 r1
998 2804 1153 2860 nuere
1199 2805 1233 2860 se
1251 2801 1475 2878 parte‘eis‘dotis
1493 2801 1531 2856 r⁸
1577 2803 1614 2857 22
1629 2801 1701 2860 ineo

253 2875 385 2946 diuquit]
404 2876 498 2948 inquiu
514 2877 552 2930 F¹
607 2873 740 2932 linisset
749 2875 778 2932 'e'
787 2879 893 2932 tantm
906 2877 944 2930 Ρ
999 2877 1034 2946 et]
1055 2876 1117 2932 ideo
1135 2891 1170 2932 ex
1188 2876 1224 2929 F¹
1280 2877 1314 2932 23
1333 2876 1377 2931 uel
1387 2873 1437 2930 ‘ed'
1447 2873 1641 2931 conseruando
1659 2875 1702 2930 F*

255 2948 290 3003 10
307 2953 416 3004 eentum
433 2949 470 3002 li·
530 2949 564 3004 12
581 2946 687 3008 hisdem
706 2949 743 3002 F’
803 2948 836 3004 13
854 2947 944 3004 reddi-
