4320 5340
273 129 383 242 'ruem
401 193 584 252 obsumus.
601 195 700 244 arara
716 193 837 248 marro.
961 170 1049 254 889
1351 176 1498 244 XXVIIII
1522 180 1542 244 2
1563 185 1598 238 99
1616 213 1649 224 -
1669 178 1725 246 33

289 334 329 392 ita
346 331 441 390 refert:
465 332 535 390 (ium
553 333 625 390 duae
642 331 714 390 tiliae
731 335 802 404 patri
820 333 1006 404 nscessalriae
1022 332 1139 390 heredes
1156 333 1339 405 exstitissent,
1358 335 1445 390 altera
1461 349 1492 390 se
1509 338 1626 405 paterna
1642 333 1726 390 absti-
1743 347 1760 394 t.
1770 348 1816 394 ssa

290 428 388 478 nnerat
413 421 577 492 hereditate,
604 423 690 480 rdtera
714 421 789 480 bona
814 427 929 494 paterna
955 423 1093 479 uindicare
1115 427 1259 493 totumque
1282 437 1352 480 onus
1376 423 1516 494 suscipere
1539 427 1636 494 parata
1658 427 1726 480 erat

290 515 416 566 sanctum
429 511 554 568 Cssdum
570 516 725 582 praetorem
744 527 830 568 cama
847 512 959 582 cognita
976 512 1099 576 actiones
1116 511 1296 568 hereditarias
1313 513 1394 567 utiles
1412 511 1540 567 daturum
1558 517 1634 566 reete
1651 512 1726 582 polli-

290 600 374 656 citum
392 601 426 671 ei,
445 615 517 672 quae
534 600 571 656 ad
588 599 768 656 hereditatem
786 601 873 671 patris
891 604 1045 658 accesserat
1062 601 1314 670 denegaturumque
1332 601 1357 655 ei
1375 615 1446 671 qnae
1464 615 1495 657 se
1512 599 1690 656 abstinuerat.
1745 617 1758 655 a

979 799 1037 882 Ill.

289 935 326 1012 it
352 933 675 1012 TESTAMENTA
695 933 1065 1026 QUEMADMODUM
1076 933 1381 1012 APERIANTUR
1398 933 1727 1012 INSPICIANTUR
1745 953 1795 1008 sil

746 1059 808 1135 ET
835 1059 1201 1137 DESCRIBANTUR
1232 1059 1270 1138 It

254 1221 268 1275 l
342 1222 436 1280 Gerus
458 1222 527 1280 libro
550 1223 798 1296 septimodecimo
822 1224 858 1280 ed
881 1224 1000 1280 edictum
1024 1225 1198 1295 prouinciale.
1236 1223 1381 1294 Omnibus,
1405 1225 1570 1295 quicumque
1588 1216 1766 1307 [iffa-‚gis

289 1311 447 1368 desiderant
468 1311 577 1368 tabulas
599 1315 758 1370 testamenii
780 1313 914 1382 inspicere
938 1315 983 1368 uel
1010 1314 1094 1368 etiam
1121 1311 1289 1383 describere,
1319 1313 1479 1384 inspiciendi
1501 1311 1727 1382 describendique

288 1405 454 1470 potestatem
480 1400 615 1458 facturum
640 1417 670 1458 se
692 1407 803 1473 praetor
824 1403 979 1472 pollicetur:
1008 1393 1082 1472 qirod
1105 1402 1149 1457 uel
1174 1417 1224 1459 sao
1248 1403 1293 1458 uel
1316 1402 1405 1458 alieno
1428 1401 1537 1458 nomine
1559 1401 1727 1456 desideranti
1747 1413 1774 1452 so

257 1497 269 1541 1
288 1489 409 1546 tribuere
427 1505 489 1546 eum
509 1488 683 1546 manifestam
702 1496 753 1546 est
789 1492 869 1546 Ratio
888 1494 980 1546 autem
999 1489 1079 1546 buius
1097 1490 1181 1546 edicti
1199 1489 1345 1546 manifesta
1356 1495 1411 1546 est:
1430 1487 1474 1574 n.
1482 1505 1505 1561 a,
1515 1503 1552 1560 ιι,
1560 1504 1583 1550 ι,
1598 1501 1727 1574 spis-st

288 1593 377 1649 neque
401 1580 473 1636 enim
498 1580 557 1634 sine
579 1579 669 1636 iudice
693 1580 808 1649 transigi
831 1594 920 1650 neque
942 1579 1016 1650 apud
1034 1579 1151 1636 iudicem
1170 1580 1276 1650 exquiri
1293 1581 1395 1636 ueritas
1412 1580 1448 1635 de
1465 1579 1508 1635 hia
1526 1581 1727 1649 mnbouersiis,

289 1683 360 1738 quae
383 1684 417 1724 ex
441 1673 606 1724 testamento
624 1667 869 1738 proficiscerentur,
888 1669 967 1724 elaten
984 1673 1076 1738 potest
1093 1683 1175 1739 quam
1193 1669 1326 1740 iuspectia
1344 1669 1516 1739 segnitieque
1534 1666 1626 1724 uerbis
1644 1673 1728 1723 testa-

255 1758 381 1812 tmenti.
418 1756 448 1812 Si
465 1758 527 1827 qula
545 1763 629 1828 neget
646 1758 765 1828 sigillum
783 1773 863 1812 snum
882 1771 1041 1828 agnoscere,
1059 1772 1114 1814 non
1132 1756 1194 1813 ideo
1207 1757 1316 1828 qnidam
1330 1758 1420 1814 minus
1431 1757 1590 1828 aperqutur
1608 1751 1728 1841 [ffb-p.)

288 1845 407 1916 tabulae,
424 1845 474 1902 sed
492 1846 560 1902 alies
578 1851 724 1916 suspectae
741 1846 838 1902 fiunt·
1748 1855 1775 1898 rt

252 1933 271 1990 2
342 1934 493 1990 brennus
519 1934 588 1991 libro
614 1935 843 2004 quiuquagesimo
870 1935 906 1990 ad
929 1934 1057 1990 edietum.
1099 1933 1266 1992 Tabularum
1288 1935 1448 1990 testamenti
1470 1935 1569 1992 instru-
1601 1928 1766 2002 ffiffis

289 2030 410 2080 mentum
433 2040 489 2080 non
511 2029 556 2080 est
577 2024 659 2080 unius
682 2023 812 2094 hominis,
835 2023 887 2080 boc
905 2027 949 2078 est
965 2022 1087 2093 heredis,
1110 2023 1160 2080 sed
1178 2025 1380 2092 uniuersorum,
1403 2023 1503 2093 quibus
1525 2023 1591 2093 quid
1607 2023 1661 2079 illic
1679 2023 1727 2079 ad·

258 2122 269 2167 1
290 2113 421 2182 scriptum
440 2116 497 2168 est:
521 2112 586 2182 quin
609 2113 701 2182 potius
718 2112 858 2183 publicum
882 2117 927 2168 est
944 2113 1163 2168 irmirumentum.
1198 2114 1406 2170 Testamentum
1425 2115 1517 2168 autem
1536 2112 1644 2182 proprie
1660 2111 1729 2168 illud

289 2201 396 2271 dieitur,
414 2201 489 2268 quod
507 2202 565 2258 iure
582 2199 735 2271 perfeetum
753 2205 811 2256 est:
829 2199 879 2256 sed
898 2199 1013 2256 abusiue
1029 2205 1197 2258 testamenta
1214 2217 1247 2257 ea
1258 2216 1368 2272 quoque
1381 2201 1557 2272 appellamus,
1576 2215 1647 2271 quae
1658 2199 1729 2256 l'slsa

256 2293 354 2346 esunt
377 2290 423 2346 uel
445 2291 549 2346 iniusta
571 2291 616 2345 uel
639 2290 715 2346 Irrita
737 2290 781 2346 uel
801 2294 895 2360 rupta:
920 2290 1040 2360 itemque
1058 2289 1210 2361 inperfecta
1227 2291 1346 2346 solemus
1362 2293 1530 2345 testamenta
1547 2289 1647 2345 dicere.
1683 2288 1729 2345 Ad
1748 2301 1776 2342 ao

290 2395 401 2436 cansam
424 2383 516 2434 autem
539 2379 698 2434 testamenti
720 2379 856 2449 pertinere
878 2379 988 2436 uidetur
1005 2379 1034 2434 id
1052 2379 1243 2449 quodcumque
1261 2379 1340 2450 qussi
1358 2378 1394 2434 ad
1410 2383 1606 2434 testamentum
1623 2375 1729 2434 laetum

289 2467 339 2538 sit,
359 2469 388 2524 lu
405 2483 578 2538 quacumque
595 2469 711 2524 materia
727 2466 810 2524 fuerit
826 2469 972 2539 scriptum,
995 2469 1070 2539 quod
1088 2469 1226 2525 contiueat
1244 2483 1399 2539 supremam
1417 2467 1601 2522 uoluntatem:
1624 2470 1728 2522 ettam

257 2565 270 2609 ι
289 2558 452 2628 principales
470 2573 553 2626 quam
571 2557 709 2612 emundas
726 2555 838 2612 tabulae
855 2557 947 2613 edicto
964 2559 1146 2614 continentur.
1178 2556 1208 2612 Si
1220 2558 1298 2628 plura
1315 2557 1371 2612 sint
1386 2559 1560 2626 testamenta
1578 2571 1650 2626 quae
1666 2556 1728 2626 quis

255 2645 411 2702 soxhiben·
434 2645 586 2716 desideret,
609 2647 798 2702 uniuersorum
821 2646 849 2702 ei
871 2644 989 2702 facultas
1010 2645 1138 2702 facienda
1160 2650 1212 2702 cst.
1249 2645 1278 2702 si
1302 2645 1455 2714 dubitetur,
1477 2649 1568 2700 utrum
1591 2645 1669 2700 uiuat
1692 2661 1728 2700 an

289 2735 440 2792 decesserit
461 2736 499 2806 is,
522 2735 600 2790 euius
623 2736 685 2805 quis
706 2735 780 2805 quod
798 2735 834 2790 ad
852 2750 965 2792 oausam
983 2736 1141 2791 testamenti
1159 2736 1278 2806 pertinet
1295 2734 1393 2804 inspici
1410 2732 1581 2804 describique
1597 2734 1728 2805 postulat,
1747 2745 1776 2786 ss

290 2824 435 2880 dicendum
454 2829 497 2880 eet
513 2829 667 2894 praetorem
686 2839 771 2879 causa
788 2824 899 2894 cognita
916 2829 1037 2880 statuere
1056 2824 1100 2880 id¹
1118 2823 1229 2893 debere,
1246 2828 1285 2892 nt,
1304 2823 1327 2878 si
1345 2823 1456 2893 liquerit
1472 2837 1534 2878 eum
1552 2823 1656 2893 uiuere,
1673 2837 1729 2878 non

233 2921 271 2966 aa
289 2913 438 2984 permittat.
474 2913 575 2982 Inspici
593 2911 701 2968 tabulas
719 2917 774 2983 est,
793 2917 825 2968 ut
842 2913 929 2984 ipsam
949 2913 1112 2984 scripturam
1130 2913 1192 2984 quis
1210 2912 1337 2983 inspiciat
1355 2917 1384 2967 et
1401 2912 1491 2981 sigilla
1508 2915 1537 2966 ιι
1554 2909 1638 2980 quid¹
1655 2909 1729 2965 aliud

224 3011 271 3056 ab
290 3017 325 3058 ex
343 3001 445 3058 tabulis
463 3002 530 3056 uelit
547 3005 683 3072 spectare.
712 3001 850 3072 Inspectio
869 3000 1024 3058 tabularum
1043 3003 1126 3057 etiam
1138 3001 1282 3057 lectionem
1295 3015 1389 3056 earum
1402 2999 1512 3055 indicat.
1543 3001 1623 3055 Diem
1636 3005 1729 3055 autern

289 3095 319 3146 et
340 3091 478 3147 consulem
502 3090 656 3146 tabularum
678 3105 732 3147 non
750 3092 853 3164 patItur
870 3095 980 3161 praetor
997 3089 1115 3146 describi
1134 3091 1178 3145 uel
1196 3089 1294 3159 inspici
1311 3088 1427 3158 idcirco,
1452 3103 1487 3143 ne
1504 3087 1570 3158 quid
1588 3086 1650 3143 falsi
1668 3087 1729 3144 liat:

256 3187 407 3250 tuamque
436 3179 536 3236 etiam⁸
557 3177 691 3249 inspectio
716 3181 857 3236 materiam
888 3179 957 3236 ialso
986 3178 1146 3235 fabricando
1169 3180 1303 3234 instruere
1327 3181 1427 3248 potest.
1464 3175 1561 3232 Utrum
1586 3179 1678 3232 aetem
1701 3177 1730 3232 in
1749 3189 1777 3228 so

290 3268 439 3324 continenti
464 3272 629 3338 potestatem
653 3269 815 3340 inspiciendi
837 3269 881 3326 uel
905 3267 1093 3324 describendi⁴
1116 3267 1193 3326 iubet
1216 3285 1251 3324 an
1273 3266 1441 3324 desideranti
1463 3270 1573 3336 tempus
1595 3265 1673 3320 dabit
1694 3265 1730 3320 sd

290 3355 504 3412 exhibitionem?
527 3363 556 3412 et
577 3357 667 3427 magis
684 3363 739 3428 est,
763 3363 795 3414 ut
815 3357 874 3414 dari
892 3355 993 3414 debeat
1010 3355 1160 3414 secundum
1182 3358 1303 3413 locorum
1322 3355 1466 3425 angustias
1483 3369 1533 3409 seu
1550 3354 1729 3424 prolixitates.

255 3454 271 3498 s
290 3443 321 3502 Si
343 3445 404 3516 quis
428 3461 482 3502 non
505 3461 611 3516 negans
635 3447 709 3518 apud
731 3463 762 3503 se
785 3447 895 3504 tabulas
913 3461 975 3504 esse
993 3461 1048 3502 non
1064 3448 1186 3517 patiatur
1203 3445 1301 3516 inspici
1318 3449 1348 3500 et
1364 3442 1496 3512 describi,
1519 3444 1676 3500 omnimodo
1694 3443 1731 3498 ad

290 3533 343 3590 boc
358 3535 550 3604 compelletur:
573 3535 597 3590 sl
614 3541 708 3592 tamen
724 3542 809 3606 neget
826 3551 912 3607 penes
930 3551 960 3591 se
977 3535 1087 3592 tabulas
1105 3550 1181 3605 esse,
1200 3533 1347 3590 dicendum
1365 3535 1409 3588 est
1426 3531 1462 3590 ad
1478 3531 1653 3588 interdictum
1672 3547 1730 3588 rem

290 3623 377 3680 milti·
395 3624 470 3694 quod
489 3630 532 3679 est
549 3623 584 3680 de
601 3623 702 3680 tabulis
720 3624 891 3680 exhibendis.
1749 3631 1778 3672 ³⁶

252 3709 272 3767 3
345 3713 439 3769 (larus
462 3712 532 3768 libro
552 3713 796 3782 septimodecimo
814 3712 850 3768 ad
867 3712 988 3768 edietum
1006 3712 1182 3782 prouinciale.
1219 3711 1275 3780 Ipsi
1292 3715 1386 3766 temen
1403 3709 1497 3766 heredi
1514 3710 1573 3766 uin·
1592 3705 1770 3795 ΜΒ

291 3801 393 3857 dimtie
411 3800 566 3858 tabularum
584 3802 657 3856 sicut
674 3807 827 3856 ceteramm
845 3800 1070 3856 bereditariarum
1088 3815 1179 3858 rerum
1198 3800 1329 3871 competit
1346 3803 1375 3854 et
1392 3797 1428 3855 ob
1446 3799 1527 3854 idad
1546 3799 1730 3856 exhibendum

290 3905 399 3961 quoque
417 3905 500 3961 agere
516 3895 616 3967 petest

290 3987 514 4058 alloquio)

294 4111 349 4167 ¹id
368 4114 414 4166 det
457 4111 639 4182 ¹quidquid?
680 4111 804 4180 ⁸etiam]
823 4111 877 4167 ea?
918 4108 1006 4166 ‘fieri
1025 4119 1072 4165 ina.
1091 4113 1161 4176 (dett.
1181 4079 1296 4183 quidam)
1332 4111 1419 4164 ⁵rem
1437 4109 1539 4164 remitti
1557 4109 1731 4178 (Rectenrsl‘i

292 4245 425 4300 educetur
441 4253 501 4317 posi
510 4253 659 4300 messoriam
673 4252 728 4300 elea
743 4244 985 4316 publicaabolilsm,
1037 4241 1298 4316 pemiao,allerFW
1325 4241 1541 4313 souei‘ir'rnpta
1549 4243 1588 4296 F’
1603 4242 1607 4310 Ι
1623 4243 1731 4312 *mper-

291 4333 382 4369 nomen
400 4324 434 4370 tis
452 4322 601 4386 imcriptnm
620 4334 673 4370 erae
687 4335 739 4388 pro
756 4316 911 4370 Domitiano
927 4315 985 4370 Sea.
1039 4313 1113 4370 lecta
1131 4315 1167 4368 Γ)
1211 4315 1246 4369 22
1265 4313 1454 4384 supr'a'emam
1469 4316 1494 4368 F
1534 4316 1568 4370 27
1588 4318 1632 4370 est
1649 4313 1730 4383 utlF,

295 4386 354 4440 Iulii
366 4385 483 4442 Frontini
498 4395 626 4459 principia
645 4394 737 4457 opines·
755 4395 809 4442 sius
820 4395 913 4442 aetalia
924 4406 985 4442 eon·
1039 4387 1084 4442 uel
1102 4392 1131 4442 ιι
1148 4391 1180 4440 iit
1196 4386 1235 4449 D,
1254 4386 1298 4440 uel
1316 4386 1399 4442 stiam
1417 4390 1449 4440 ιιι
1465 4385 1525 4438 WE
1541 4386 1635 4451 (etiam
1654 4393 1680 4439 in
1697 4387 1730 4440 li·

290 4459 451 4511 ailiuriorum
527 4458 751 4512 irretitissent
768 4458 807 4510 F’
859 4457 986 4513 inindi-
1040 4461 1109 4524 lero)
1128 4458 1163 4522 1⁴,
1182 4456 1275 4511 uelut
1295 4455 1349 4522 QG,
1369 4456 1513 4512 ueletiam
1533 4457 1572 4512 I':
1592 4458 1630 4512 sal
1649 4457 1672 4510 ri
1691 4457 1729 4512 sai

291 4533 367 4581 caret
390 4527 493 4592 mio,
517 4529 657 4584 mendicari
676 4527 718 4593 W,
742 4527 913 4584 niudicsrsnt
933 4529 984 4596 ΕΙ
1039 4529 1097 4582 udae
1125 4527 1327 4598 'coepasasierar
1355 4528 1387 4582 τὸ
1411 4528 1541 4598 tropica
1568 4529 1699 4602 Tipaeilua
1723 4531 1729 4594 l

291 4598 448 4668 *suscipere
461 4599 498 4651 F²
533 4600 872 4668 bsanctumlllsenatum
888 4599 930 4665 W,
943 4615 985 4656 se·
1039 4597 1164 4669 si'n'gilla
1182 4598 1220 4652 F’
1267 4601 1302 4654 28
1320 4599 1454 4669 inspeetis
1471 4599 1506 4652 Ρ
1555 4600 1590 4653 29
1608 4599 1674 4654 ιιι
1692 4600 1730 4653 F’

291 4669 410 4726 cundum
429 4669 554 4736 DQEIG
604 4671 803 4742 iacoesserat]
821 4671 985 4738 wDQsio,
1039 4673 1352 4740 llllnamque...potest
1364 4671 1406 4726 lte
1419 4689 1468 4724 orn.
1478 4677 1503 4725 st
1512 4677 1572 4741 post
1582 4672 1617 4726 31
1629 4669 1730 4726 descri-

291 4739 436 4796 scoederst
452 4741 494 4808 Fi
510 4741 775 4812 denegaturumque]
790 4743 892 4808 nalo,
911 4743 985 4799 dele·
1037 4741 1121 4799 bendi
1140 4742 1215 4798 lates
1234 4741 1278 4808 1²1,
1302 4761 1349 4798 aaa
1367 4745 1421 4797 loco
1438 4748 1566 4813 reposuit,
1587 4745 1667 4796 allero
1685 4743 1729 4796 ds·

290 4817 474 4881 pataramque
492 4817 574 4882 (quae
592 4813 640 4878 F)
659 4813 721 4866 FW
773 4815 984 4887 suspiciendi]
1037 4817 1143 4872 leuitF³
1178 4813 1214 4868 32
1232 4814 1393 4886 angustiare*
1406 4812 1443 4865 Ft
1478 4813 1515 4868 34
1532 4827 1589 4868 rem
1608 4813 1730 4882 mettis,

290 4881 461 4950 despiciendi
472 4884 565 4949 lilio,
578 4884 739 4954 dispiciendi
752 4886 780 4940 D
831 4889 864 4944 12
876 4893 984 4946 ιοιιιιο-
1037 4888 1138 4944 remitti
1155 4885 1255 4943 villo
1305 4886 1342 4941 35
1358 4882 1467 4940 tabulas
1483 4885 1520 4938 F·
1571 4885 1606 4940 il'l
1625 4883 1730 4939 heredi·

290 4953 408 5008 usialis
427 4954 463 5006 F*
514 4955 548 5010 13
566 4955 653 5026 aliter]
669 4955 768 5012 DEIG
783 4979 838 5015 cem
852 4963 984 5037 Biclaro
1037 4961 1167 5020 tsriomm
1186 4957 1222 5012 F¹
