3600 5354
265 206 323 276 llll
344 208 501 275 411-1e
679 176 682 178 .
938 203 1023 286 130
1442 228 1488 276 ns
1509 226 1699 276 mosmos

266 364 354 420 nullas
377 368 470 434 partes
492 379 554 420 esse
576 365 724 435 praetoriae
747 379 837 435 neque
860 366 933 421 enlm
954 369 1125 421 contractum
1148 366 1265 436 proponi
1287 381 1350 421 oum
1372 365 1477 421 minore
1500 365 1579 421 unnls
1600 365 1699 436 uiginti

265 453 400 524 quinque:
425 452 475 508 sed
496 453 633 524 principos
657 454 823 510 interuenire
847 460 876 510 et
892 453 1024 510 reducere
1046 453 1119 510 huno
1138 453 1175 509 ad
1192 454 1468 524 administrationem,
1492 455 1539 524 qui
1556 469 1699 525 perperam

232 553 248 600 t
265 547 339 598 esset
356 557 374 597 a
391 547 518 612 praetore
534 545 690 599 exoueatus.
718 541 866 600 Sciendum
883 549 927 599 est
939 548 1031 599 autem
1043 559 1098 599 uon
1109 543 1212 613 passim
1225 542 1374 599 minoribus
1387 542 1534 613 subueniri,
1553 543 1604 599 sed
1614 559 1700 598 caum

232 631 384 702 toognitu,
402 631 427 687 si
445 631 519 702 eapti
536 646 598 687 esse
615 636 808 702 proponentur.
836 632 906 688 Item
924 647 979 688 non
997 632 1164 702 restituetur,
1183 632 1230 701 qui
1245 631 1334 688 sobrie
1346 647 1404 687 rem
1416 647 1495 687 suam
1507 631 1699 688 administrans

265 721 409 777 occasione
427 720 520 776 domni
537 735 591 776 non
609 720 762 776 inconsulte
779 721 937 792 accidentis,
956 721 1007 778 sed
1023 719 1081 777 isto
1099 720 1167 776 uelit
1183 720 1304 776 restitui:
1322 735 1373 776 nee
1390 721 1462 776 enim
1478 727 1595 776 euentus
1606 721 1699 776 damni
1716 737 1730 780 ο
1757 747 1759 750 ·

264 810 464 867 restitutionem
483 808 616 879 indulget,
634 809 684 866 sed
702 810 856 866 inconsulte
873 809 999 867 facilitas.
1016 804 1055 866 ¹et
1070 811 1110 865 ita
1128 814 1157 865 et
1167 809 1333 879 Pomponius
1350 809 1419 866 libro
1438 809 1588 865 uicensimo
1599 814 1699 866 octauo

265 899 382 968 scripsit
412 897 486 953 unde
503 898 646 954 hlmuellus
664 898 739 969 apud
755 899 890 955 lulianum
907 904 993 969 notat,
1012 899 1036 954 si
1053 899 1141 954 minor
1158 897 1211 954 sibi
1229 913 1339 954 seruum
1357 898 1541 954 necessarium
1559 913 1699 968 eompara-

264 986 349 1057 uerit,
373 1000 438 1041 mox
458 985 631 1057 decesserit¹,
649 1002 704 1044 non
721 987 822 1044 debere
839 1003 903 1045 eum
921 987 1040 1044 restitui:
1063 987 1243 1057 nequeenim
1261 991 1359 1059 captus
1377 993 1420 1042 est
1437 986 1554 1044 emendo
1571 987 1625 1043 eibi
1641 1003 1699 1043 rem

232 1075 505 1147 opemsoessariam,
522 1076 587 1132 licet
603 1077 755 1133 mortalem.
781 1075 812 1133 Si
828 1077 957 1148 locupleti
973 1075 1053 1132 heres
1070 1076 1162 1132 extitit
1179 1080 1207 1131 et
1224 1075 1316 1132 subito
1334 1075 1472 1132 heredites
1484 1077 1563 1146 lapsa
1574 1076 1611 1131 sit
1622 1078 1700 1147 (puta

264 1164 377 1236 praedit
394 1162 504 1226 fuerunt
521 1180 593 1235 quae
611 1164 752 1221 chasmate
768 1167 921 1237 perieumt,
944 1167 1049 1222 insulae
1067 1170 1182 1222 exustae
1200 1171 1277 1235 sunt,
1302 1165 1375 1221 serui
1392 1163 1522 1235 fugerunt
1539 1171 1588 1221 aut
1605 1166 1699 1221 decue
1717 1181 1747 1224 ιο

265 1255 384 1320 seruntl:
404 1250 415 1324 ll
433 1253 554 1310 Iulianus
578 1254 689 1324 quidem
712 1254 781 1312 libro
804 1255 1034 1328 quadragensimo
1051 1261 1130 1313 sexto
1148 1256 1188 1311 sio
1205 1255 1338 1325 loquitur,
1363 1255 1444 1324 qusai
1460 1255 1548 1325 possit
1566 1256 1654 1312 minor
1671 1255 1700 1311 in
1716 1262 1781 1316 tts'

264 1341 401 1413 integrum
418 1343 534 1399 restitui.
561 1343 705 1421 blmoellus
723 1349 815 1401 autem
833 1344 908 1415 apud
925 1345 1061 1400 lulianum
1078 1349 1156 1400 notet
1174 1357 1282 1400 cessure
1294 1344 1323 1399 in
1335 1344 1472 1414 integrum
1483 1345 1699 1400 restitutionem:

264 1446 354 1503 neque
375 1432 447 1487 enim
466 1433 564 1488 aetatis
581 1432 686 1489 lubrico
704 1440 801 1502 eaptus
819 1439 862 1489 est
879 1433 1006 1490 adeundo
1024 1434 1186 1504 locupletem
1203 1432 1398 1502 hereditatem,
1421 1439 1451 1489 et
1466 1433 1542 1504 quod
1558 1431 1617 1489 tato
1635 1447 1699 1489 con·

264 1521 354 1593 tingit,
373 1522 460 1577 cuiuis
478 1520 685 1592 patrifamiliae
703 1523 829 1593 quamuis
847 1521 1054 1592 diligentissimo
1072 1523 1160 1593 possit
1177 1523 1343 1593 contingere.
1376 1521 1426 1577 sed
1443 1521 1512 1578 bueo
1528 1537 1574 1578 res
1591 1521 1700 1578 adferre

263 1614 357 1680 potest
379 1611 578 1668 restitutionem
603 1613 712 1683 minori,
736 1613 760 1667 si
784 1611 852 1668 adiit
874 1611 1066 1682 hereditatem,
1089 1613 1117 1668 in
1140 1627 1197 1682 qua
1218 1627 1263 1667 res
1286 1616 1366 1667 erant
1388 1611 1490 1666 multae
1508 1612 1636 1667 mortales
1654 1612 1699 1668 uel
1718 1627 1746 1670 ιο

263 1698 377 1771 praedia
397 1700 515 1772 urbana,
540 1715 587 1756 aee
610 1706 701 1757 autem
725 1701 843 1757 alienum
864 1716 963 1771 graue,
987 1701 1061 1770 quod
1079 1717 1134 1756 non
1151 1700 1292 1771 prospexit
1309 1715 1391 1771 posse
1406 1700 1533 1770 euenire,
1557 1705 1590 1755 ut
1607 1700 1699 1757 demo·

263 1788 368 1844 riantur
391 1790 539 1860 mancipia,
561 1790 675 1860 praedia
692 1796 785 1861 ruent,
810 1790 855 1845 uel
872 1789 946 1860 quod
964 1806 1019 1845 non
1037 1790 1091 1846 cito
1110 1790 1266 1845 metuerit
1282 1788 1364 1859 haee,
1389 1803 1460 1858 quae
1477 1789 1570 1844 multis
1589 1789 1699 1845 casibus

231 1888 246 1936 ο
264 1877 384 1934 obnoxia
400 1883 472 1933 sunt
498 1879 569 1934 Item
586 1879 734 1949 quaeritur,
752 1879 777 1934 si
793 1879 882 1935 minor
899 1879 1032 1935 aduersus
1050 1879 1181 1935 minorem
1198 1879 1307 1934 restitui
1324 1876 1470 1948 desiderat,
1489 1895 1526 1934 an
1536 1879 1576 1934 sit
1586 1879 1698 1935 audien

265 1966 325 2022 dus.
352 1973 382 2022 et
397 1967 563 2037 Pomponius
581 1968 740 2037 simpliciter
756 1966 851 2024 scribit
868 1983 923 2023 non
939 1968 1147 2024 restituendum.
1173 1973 1241 2038 puto
1259 1973 1352 2024 antem
1369 1967 1567 2036 inspiciendum
1586 1983 1604 2023 a
1620 1984 1698 2037 prae

263 2060 332 2126 tore,
350 2056 413 2125 quis
431 2060 528 2126 captus
545 2057 598 2116 sit:¹
613 2057 727 2126 proinde
745 2057 770 2112 si
787 2055 868 2113 ambo
886 2057 959 2128 capti
977 2062 1049 2127 sunt,
1067 2056 1146 2113 uerbi
1156 2057 1246 2127 gratia
1257 2057 1345 2112 minor
1356 2057 1455 2112 minori
1465 2057 1610 2127 pecuniam
1623 2056 1701 2112 dedit
1717 2072 1745 2112 so

265 2146 354 2202 stille
372 2145 500 2216 perdidit,
519 2146 614 2202 molior
631 2150 675 2202 est
691 2161 776 2202 cauea
792 2144 943 2201 secundum
954 2146 1135 2217 Pomponium
1153 2146 1221 2217 eius,
1240 2146 1287 2216 qui
1304 2146 1411 2216 accepit
1429 2150 1458 2201 et
1474 2146 1519 2202 uel
1536 2145 1700 2217 dilapidauit

232 2243 247 2290 'l
265 2235 310 2291 uel
326 2234 454 2303 perdidit.
490 2235 575 2290 Plane
593 2235 617 2290 si
635 2236 722 2290 minor
739 2235 818 2290 suuis
836 2251 899 2290 cum
916 2233 972 2292 fillo
990 2233 1107 2291 familias
1124 2235 1225 2291 melone
1243 2235 1420 2305 contraxerit,
1443 2240 1473 2290 et
1489 2235 1611 2291 Iulianus
1630 2235 1699 2291 hbro

265 2328 366 2395 quarto
385 2323 552 2394 digestorum
570 2328 599 2380 et
610 2323 753 2380 Marcellus
770 2323 840 2380 libro
858 2324 979 2380 secundo
996 2324 1166 2394 digestorum
1178 2314 1289 2380 scribit¹
1299 2337 1382 2395 posse
1393 2324 1422 2380 in
1433 2324 1570 2394 integnrm
1582 2325 1699 2395 restitui,

264 2418 297 2471 ιιι
315 2413 402 2483 magis
420 2413 519 2468 aetatis
537 2412 608 2468 ratio
625 2428 708 2482 quam
726 2418 839 2469 sonam
856 2413 973 2470 consulti
990 2412 1132 2470 habeatur.
1689 2456 1701 2481 ,
1717 2428 1746 2470 ιι

209 2501 247 2560 ta
319 2501 413 2559 Gerus
433 2500 503 2558 libro
525 2507 623 2571 quarto
645 2501 682 2557 ad
704 2501 826 2559 edictum
847 2502 1023 2573 prouinciale.
1060 2501 1090 2559 Sl
1112 2502 1187 2574 apud
1210 2502 1341 2558 minorem
1360 2503 1457 2559 mulier
1474 2517 1524 2573 pro
1543 2497 1699 2586 [fiel]
1717 2510 1743 2566 Ε

266 2592 319 2648 alio
343 2591 540 2662 intercesserit,
563 2606 618 2647 non
640 2596 685 2647 est
707 2592 733 2647 ei
756 2592 828 2647 actio
851 2592 880 2647 in
897 2592 1037 2647 mulierem
1055 2591 1159 2662 danda,
1183 2591 1233 2648 sed
1250 2590 1364 2661 perinde
1383 2596 1466 2662 atque
1484 2591 1568 2647 ceteri
1586 2607 1636 2661 per
1652 2606 1700 2647 ex·

266 2681 420 2753 ceptionem
438 2681 605 2737 summoueri
621 2678 717 2737 debet:
741 2681 846 2736 sedicet
862 2681 927 2751 quia
944 2682 1082 2736 communi
1097 2682 1158 2737 iure
1175 2681 1204 2736 in
1221 2681 1338 2751 priorem
1356 2680 1507 2737 debitorem
1525 2681 1551 2736 ei
1569 2681 1641 2738 aetio
1658 2696 1700 2736 re·
1792 2747 1795 2751 ‚

266 2770 397 2827 stituitur.
427 2769 497 2826 haec
520 2770 545 2826 si
566 2769 698 2827 soluendo
722 2770 759 2826 sit
779 2770 854 2841 prior
875 2769 997 2827 debitor:
1009 2763 1010 2766 ’
1020 2771 1140 2841 alioquin
1157 2770 1253 2826 mulier
1269 2785 1325 2826 non
1341 2774 1435 2826 utetur
1452 2774 1565 2826 senatus
1582 2769 1701 2826 consulti

266 2860 376 2916 auxiho.
1718 2872 1745 2916 ιο

210 2943 248 3004 13
319 2949 470 3006 Umnons
487 2947 556 3004 libro
570 2947 719 3015 undecimo
727 2947 764 3003 ud
774 2948 903 3004 edietum.
931 2948 963 3003 ln
975 2963 1075 3004 causae
1086 2948 1240 3018 cognitione
1252 2946 1415 3018 uersebitur,
1433 2951 1524 3004 utrum
1542 2941 1699 3031 Q
1716 2957 1741 3013 Ε

267 3039 319 3095 soli
341 3038 367 3093 ei
391 3037 604 3093 succurrendum
626 3038 675 3108 sit,
699 3053 735 3092 an
757 3038 839 3092 etiam
856 3036 899 3092 his
922 3038 969 3108 qni
990 3053 1042 3109 pro
1063 3052 1097 3093 eo
1119 3036 1233 3108 obligati
1250 3042 1327 3106 sunt,
1351 3043 1384 3093 ut
1398 3043 1467 3108 puta
1482 3035 1699 3094 fideiussoribue.

266 3129 360 3198 itaque
382 3126 407 3182 si
430 3141 492 3182 oum
514 3127 613 3182 scirem
633 3126 765 3183 minorem
783 3132 813 3182 et
829 3126 855 3181 ei
871 3124 955 3182 fidem
974 3143 1028 3185 non
1045 3125 1175 3182 haberem
1180 3168 1197 3197 „
1212 3131 1244 3182 tu
1261 3124 1428 3182 fideiussoris
1445 3140 1495 3197 pro
1513 3141 1560 3196 eo,
1583 3139 1639 3181 non
1656 3129 1700 3181 est

267 3231 385 3287 aequum
402 3212 556 3271 fideiussori
573 3216 604 3272 in
619 3231 716 3271 nouem
733 3230 823 3271 meam
841 3215 989 3287 subueniri,
1007 3216 1057 3272 sed
1074 3216 1166 3286 potius
1182 3217 1236 3286 ipsi
1248 3215 1411 3285 deneganda
1421 3216 1473 3271 erit
1484 3215 1607 3271 mandati
1618 3215 1698 3270 actio.

267 3306 296 3361 in
313 3320 421 3361 summe
437 3305 661 3376 perpendendum
679 3305 732 3360 erit
747 3304 874 3374 praetori,
892 3306 938 3360 eui
954 3306 1045 3376 potius
1062 3304 1216 3374 subueniat,
1235 3310 1326 3359 utrum
1344 3304 1472 3360 creditori
1484 3321 1520 3360 au
1530 3302 1699 3360 fideiussori:

266 3409 331 3450 nam
348 3395 436 3450 minor
453 3400 551 3466 eaptus
569 3395 659 3450 neumi
675 3393 821 3450 tenebitur.
848 3391 954 3450 iaciliue
971 3396 1001 3450 in
1019 3395 1178 3450 mandatore
1197 3393 1343 3449 dicendum
1355 3394 1407 3449 erit
1419 3408 1474 3449 non
1485 3394 1586 3450 debere
1598 3395 1623 3450 el
1635 3393 1699 3450 sub·
1716 3407 1743 3450 as

267 3483 375 3539 uenire:
393 3482 439 3539 hic
455 3483 528 3539 enim
546 3483 624 3537 uelut
636 3481 794 3540 adfirmator
805 3482 857 3539 fuit
868 3487 898 3538 et
908 3498 1013 3553 suasor,
1030 3488 1062 3538 ut
1075 3497 1138 3538 oum
1149 3484 1252 3539 minore
1264 3481 1476 3538 contraheretur.
1504 3483 1577 3540 unde
1588 3483 1699 3538 traomri

267 3576 371 3643 potest,
396 3573 485 3629 minor
501 3572 536 3627 'in
557 3571 694 3642 integrum
717 3572 918 3629 restitutionem
940 3576 1032 3628 utrum
1052 3572 1185 3628 aduemue
1203 3572 1365 3628 creditorem
1383 3589 1420 3627 an
1436 3576 1465 3627 et
1482 3571 1616 3628 uduersus
1632 3569 1699 3628 lide·

266 3661 400 3718 iussorem
417 3661 561 3732 implorare
579 3660 688 3718 debeat
715 3668 745 3718 et
761 3665 828 3732 puto
846 3661 933 3716 tutius
951 3660 1084 3717 aduersus
1102 3665 1260 3731 utrumque:
1276 3676 1363 3717 cauas
1374 3661 1448 3716 enim
1459 3661 1570 3732 cognita
1581 3666 1699 3731 etprae-

267 3749 391 3806 seutrbus
409 3749 574 3807 aduemuriis
591 3751 636 3806 uel
653 3753 677 3807 si
694 3766 744 3822 per
761 3751 961 3808 contumaciam
979 3749 1069 3806 desint
1086 3751 1114 3806 in
1131 3751 1268 3820 integrum
1285 3751 1473 3806 restitutiones
1490 3749 1700 3821 perpendendae

235 3846 248 3891 1
267 3845 339 3895 sunt
365 3838 506 3895 Interdum
525 3845 616 3895 autem
634 3841 772 3896 restitutio
789 3845 818 3896 et
834 3840 863 3895 in
880 3855 938 3895 rem
956 3839 1038 3895 datur
1055 3839 1159 3911 minori,
1178 3839 1207 3894 id
1224 3844 1268 3895 est
1285 3839 1419 3896 aduersm
1437 3841 1476 3896 rei
1488 3841 1547 3904 eius
1559 3854 1700 3910 posseeeo·
1716 3854 1744 3895 to

255 3943 338 4000 amm,
361 3928 426 3984 licet
449 3944 512 3984 oum
535 3943 569 3986 eo
590 3944 644 3984 non
667 3929 704 3984 sit
725 3932 904 3986 contractum.
941 3932 973 3986 ut
994 3933 1063 4000 puto
1085 3944 1143 3985 rem
1164 3929 1302 3986 eminere
1320 3930 1411 3988 emisti
1428 3935 1457 3987 et
1474 3930 1520 3985 ulii
1537 3929 1698 3986 uendidisti:

265 4044 447 4116 s[1²(vuu)]

270 4214 387 4270 ¹ietoe.
458 4214 471 4250 ²
487 4212 630 4270 scribunt?

270 4358 286 4410 1
310 4355 495 4411 comminare
518 4356 556 4409 Fi
625 4357 643 4411 2
669 4355 705 4411 ad
729 4375 778 4411 om.
792 4355 958 4411 Festvuu·
1010 4354 1142 4422 FiPhill,
1163 4356 1274 4412 minoris
1291 4359 1337 4423 ΕΙ,
1360 4357 1457 4412 minori
1474 4357 1539 4428 quia
1556 4357 1606 4411 D:
1630 4357 1652 4411 εἰ
1670 4356 1700 4410 e'e

268 4426 287 4482 4
304 4432 507 4530 proponuntur
523 4427 570 4492 F’,
593 4432 761 4498 proponatur
776 4428 824 4493 P·,
841 4426 958 4499 probun-
1011 4428 1185 4499 thepououleu
1261 4428 1447 4500 uhupououe'sceo
1530 4426 1699 4484 tneeeelcu·

268 4504 314 4553 tur
330 4499 357 4552 P
375 4498 427 4554 ΠΙ
440 4502 445 4566 Ι
460 4497 664 4554 restibre're'tur
682 4500 720 4554 Ε)
735 4500 740 4567 l
756 4498 957 4568 administrans]
1011 4518 1049 4553 ru
1069 4500 1096 4554 B
1141 4500 1175 4554 16
1187 4500 1410 4570 prosospexitP·
1454 4501 1488 4558 21
1501 4499 1540 4555 dil
1576 4500 1664 4556 idabit
1679 4499 1705 4552 F

270 4569 448 4625 administP⁰
482 4568 585 4626 blatto
597 4571 702 4624 P0VL⁶
733 4568 959 4626 discilita‘ti'sP
1011 4571 1047 4626 25
1064 4570 1170 4641 quarto]
1194 4571 1224 4626 iii
1240 4570 1290 4625 PL
1342 4573 1377 4627 26
1394 4578 1439 4626 est
1456 4591 1505 4626 one
1519 4572 1560 4626 P·
1586 4582 1598 4604 ⁰
1617 4575 1622 4641 Ι
1642 4586 1699 4626 mu·

270 4642 286 4696 'l
314 4639 375 4709 sibi]
400 4641 423 4695 si
449 4641 489 4696 P·
545 4643 563 4696 8
586 4640 680 4696 deberi
704 4641 781 4696 ΡΠ·
804 4644 809 4710 Ι
833 4648 894 4697 est*
920 4640 958 4694 F*
1010 4643 1091 4698 lieres
1111 4641 1209 4698 ΝΜ
1261 4643 1296 4698 28
1316 4641 1425 4698 debitur
1441 4644 1490 4697 li·e
1544 4644 1579 4699 35
1602 4642 1699 4699 subue-

268 4712 418 4767 berotto
440 4713 478 4765 Ρ
501 4713 506 4780 Ι
529 4717 596 4782 puto
619 4713 661 4768 P·
720 4714 754 4768 10
777 4711 878 4769 luerint
900 4713 964 4778 Μ-
1010 4711 1172 4770 nirlPL⁸U³
1213 4713 1699 4785 36110111]ιιο11ι1”’,ιιοιιιῖ]·1οᾱ·

269 4781 378 4838 fumant
403 4783 431 4836 V
451 4784 456 4851 Ι
480 4788 612 4839 exustae*
634 4785 673 4837 F’
730 4785 763 4840 13
789 4784 895 4840 lubrico
917 4785 957 4847 tli-
1010 4783 1133 4841 &matur
1155 4786 1202 4838 F·‘
1224 4787 1228 4853 Ι
1247 4783 1317 4841 futu
1338 4784 1383 4852 Ρ,
1408 4805 1457 4841 om.
1473 4785 1500 4841 U
1553 4787 1589 4842 38
1611 4786 1700 4841 tocius

269 4853 345 4910 brico
361 4854 412 4922 P·)
430 4855 529 4910 aetads
546 4855 591 4923 ΡΙ
610 4855 789 4911 hereditatem
807 4876 855 4910 om.
868 4854 957 4916 PVl
1010 4856 1085 4922 ΡΨ,
1102 4857 1198 4927 pocius
1216 4858 1272 4912 LU
1310 4857 1346 4912 40
1362 4863 1428 4913 rest
1440 4858 1469 4912 in
1486 4873 1544 4912 rem
1557 4857 1638 4913 datur
1651 4857 1699 4912 mi·

269 4924 343 4982 lecto
366 4926 528 4982 F·¹P⁶L⁰U·
586 4927 621 4981 14
644 4927 721 4982 cuius
744 4927 851 4982 P⁰VU·
870 4929 875 4995 Ι
895 4943 958 4998 pos·
1010 4928 1070 4985 nori
1088 4931 1198 4996 (cruet)
1220 4929 1277 4993 Vs,
1295 4929 1437 4985 minrest
1455 4929 1484 4984 iu
1501 4943 1558 4984 rem
1576 4928 1699 4993 daturP,

269 5002 313 5054 aet
342 4995 416 5065 PUl,
449 5011 532 5070 posse
564 4997 651 5053 VLU·
730 4999 765 5054 lb
796 4999 893 5055 minori
924 4998 956 5068 si]
1011 5004 1040 5055 et
1055 5000 1161 5056 reatin
1178 5013 1237 5056 rum
1254 5000 1402 5056 dmimll
1443 5001 1479 5056 41
1497 5000 1613 5057 emisisti
1623 5000 1701 5056 Pur
