3540 5340
348 217 582 285 [Iit-81
1032 210 1089 292 48
1310 169 1316 180 ι
1511 231 1685 291 eurenais

347 386 494 442 personae:
518 384 589 441 quas
611 369 747 426 senwntia
769 369 834 426 mihi
852 370 961 426 uidetur
978 369 1077 426 nedor.
1110 374 1140 424 et
1156 381 1223 424 sane
1241 368 1265 423 si
1283 368 1397 438 deliquit
1413 369 1460 439 qul
1478 373 1573 440 uocat,
1597 369 1685 425 nond

367 461 396 515 ui
413 459 523 522 exemit

311 476 365 608 iq
401 548 521 602 Psunus
543 545 612 602 libro
635 550 732 615 quarto
756 545 792 600 ad
810 545 938 602 edietum.
974 545 1125 601 Nemeum
1143 535 1259 614 uterque
1277 549 1372 600 contra
1390 543 1509 600 edietum
1527 541 1624 615 iaciat,
1644 539 1685 635 fis]

295 630 297 634 ’
348 640 377 690 ει
393 635 506 691 liberine
524 635 571 704 qui
589 639 733 704 patronum
751 639 841 703 uocat,
859 640 888 689 et
905 635 928 689 ie
946 633 994 703 qui
1011 639 1155 702 patronum
1174 633 1202 687 ui
1214 633 1329 688 eximat:
1348 633 1482 689 deteriore
1493 638 1586 688 nmen
1597 633 1685 690 loeoli

348 729 399 794 est,
417 723 465 792 qui
481 724 510 778 in
528 723 608 778 simili
626 722 725 779 delicto
742 722 866 792 petitoris
884 726 977 792 partes
995 722 1120 776 sustinet
1149 721 1252 776 Eadem
1271 721 1395 791 aequitas
1413 727 1456 776 est
1473 721 1502 776 in
1514 736 1555 792 eo,
1574 721 1622 792 qui
1635 722 1685 776 alio

347 827 402 881 quc
420 809 553 865 debuerat
570 813 598 866 in
612 803 658 866 'ins
675 809 839 866 uocabatur:
858 809 908 865 sed
925 814 954 865 et
971 807 1068 865 fortius
1087 809 1231 865 dicendum
1251 816 1365 866 estnon
1383 809 1471 865 uideri
1488 809 1517 864 ui
1535 809 1618 864 eximi
1636 824 1685 864 eur

347 897 443 954 eitius
461 899 499 953 ibi
517 914 572 954 non
590 899 738 954 conueniri.

311 987 348 1044 3·
400 985 551 1044 omnies
567 985 635 1042 libro
654 987 748 1056 quinto
766 985 802 1040 ad
820 979 949 1040 edictum.
977 984 1056 1052 Quod
1074 985 1098 1040 si
1117 999 1227 1040 seruum
1245 983 1306 1055 quis
1324 985 1426 1040 exemit
1442 985 1471 1039 in
1487 985 1531 1040 ius
1543 1000 1625 1040 uoca-
1646 979 1685 1068 [ᾗ

347 1079 420 1145 tim,
438 1073 539 1129 Pedius
556 1080 635 1144 putat
652 1089 761 1130 comare
779 1073 912 1143 edietum,
936 1074 1064 1144 quoniam
1083 1089 1138 1129 non
1156 1072 1208 1130 fuit
1224 1089 1354 1143 persona,
1378 1073 1494 1142 quaein
1512 1073 1555 1128 ius
1573 1074 1669 1128 uocari

315 1167 328 1210 1
348 1162 413 1232 quid
431 1161 517 1231 ergo?
534 1162 570 1216 sd
588 1161 771 1218 exhibendum
789 1163 840 1217 erit
858 1161 1002 1232 agendum.
1031 1159 1135 1232 Siquis
1147 1161 1182 1216 ad
1194 1162 1346 1232 pedaneum
1360 1160 1476 1216 iudicem
1489 1167 1617 1216 uocatum
1631 1177 1685 1230 que

315 1255 330 1298 ι
348 1249 457 1319 eximat,
474 1265 564 1319 poena
581 1251 640 1305 eius
658 1251 740 1306 edicti
758 1250 886 1306 cessabit.
915 1245 995 1316 Quod
1006 1255 1115 1320 praetor
1128 1250 1267 1321 praecepit
1279 1249 1315 1304 ‘ui
1327 1248 1450 1304 eximat':
1469 1249 1497 1304 ui
1510 1265 1545 1304 an
1557 1254 1587 1304 et
1598 1249 1662 1306 dolo
1681 1247 1685 1333 Ι

348 1337 440 1394 mulo?
465 1336 566 1393 sufficit
583 1338 620 1408 ui,
639 1337 764 1408 quamuis
783 1339 862 1393 dolus
881 1339 968 1393 malus
988 1343 1086 1394 cesset.

309 1427 329 1484 4
399 1427 519 1482 Pronus
535 1424 606 1481 libro
623 1431 720 1495 quarto
738 1425 774 1482 ad
792 1425 921 1482 edictum.
949 1424 1005 1482 Sed
1017 1425 1154 1481 eximendi
1166 1425 1280 1481 uerbum
1292 1424 1420 1494 generale
1432 1426 1483 1492 est,
1503 1428 1534 1478 nt
1545 1423 1624 1479 Pom·
1644 1420 1685 1508 ᾖ

347 1515 445 1586 penius
462 1513 508 1568 ait.
536 1513 641 1583 eripere
659 1514 730 1569 enim
749 1519 793 1568 est
809 1513 844 1570 de
862 1513 987 1570 manibus
999 1513 1106 1570 auferto
1118 1519 1300 1584 perruptum:
1319 1513 1438 1584 eximere
1449 1526 1558 1582 quoquo
1571 1511 1653 1567 modo
1666 1529 1685 1568 a

346 1607 379 1659 ut
395 1607 462 1672 puta
479 1601 502 1656 si
521 1603 582 1672 quis
600 1616 654 1658 non
672 1603 792 1673 rapuerit
809 1617 899 1673 quem,
918 1601 967 1658 red
986 1619 1090 1658 moram
1108 1601 1275 1671 feceritque
1293 1601 1382 1655 minus
1395 1600 1424 1655 in
1435 1599 1478 1654 ius
1491 1599 1603 1670 ueniret,
1623 1605 1685 1656 uta

347 1691 406 1746 dies
418 1691 505 1745 exiret
522 1690 567 1744 uel
584 1704 628 1744 res
646 1693 768 1760 tempore
787 1691 970 1746 amitteretur:
989 1689 1127 1746 uidebitur
1144 1690 1287 1758 exemisse,
1306 1689 1432 1760 quamuis
1450 1703 1549 1759 eorpus
1566 1703 1620 1742 non
1640 1704 1685 1744 ex<

315 1784 327 1827 1
347 1779 397 1834 sed
414 1783 443 1833 et
460 1777 484 1832 si
502 1793 536 1832 eo
553 1778 606 1832 loci
623 1778 772 1848 retinuerit,
791 1794 846 1834 non
864 1779 986 1848 abduxit,
1004 1777 1047 1833 his
1065 1776 1157 1834 uerbis
1175 1781 1291 1833 tenetur.
1319 1777 1388 1832 Item
1407 1777 1430 1832 ei
1448 1777 1509 1846 quis
1527 1792 1599 1846 eum,
1618 1777 1685 1848 qui]

314 1871 329 1915 ι
345 1867 475 1922 lumniam
492 1865 651 1936 uocabatur,
669 1867 814 1921 exemerit:
833 1871 942 1922 constat
959 1882 1022 1922 eum
1039 1865 1092 1922 boo
1109 1866 1199 1922 edicto
1210 1866 1306 1922 teneri.
1334 1865 1447 1920 Praetor
1458 1865 1497 1920 ait
1509 1863 1586 1920 'neue
1597 1863 1683 1921 facim

239 2003 243 2010 .
347 1955 440 2024 maio,
465 1969 519 2024 qno
537 1954 625 2024 magis
643 1952 827 2010 eximeretur':
846 1969 909 2010 nam
927 1959 1019 2025 potest
1036 1955 1095 2010 sine
1114 1954 1177 2010 dolo
1195 1955 1268 2010 malo
1286 1953 1315 2008 id
1333 1951 1405 2024 fleri,
1423 1952 1509 2009 ueluti
1527 1967 1589 2008 eum
1608 1953 1683 2008 iusta

279 2033 281 2038 ‘
346 2048 390 2099 est
408 2043 596 2112 exemptionis.
1362 2083 1366 2092 ,

310 2132 329 2190 5
399 2131 549 2186 Unrssuus
566 2129 635 2185 libro
652 2129 747 2200 quinto
765 2129 801 2186 ad
819 2130 948 2186 edietum.
982 2129 1012 2187 Si
1028 2146 1078 2202 per
1095 2131 1177 2186 adum
1196 2131 1257 2200 quis
1275 2129 1413 2198 exemerit,
1432 2117 1484 2183 bae
1502 2128 1625 2183 clausula
1644 2123 1685 2212 [is-⁸.

315 2223 327 2268 1
346 2225 462 2289 tenetur,
481 2217 540 2272 siue
557 2233 688 2288 praesens
706 2217 759 2274 fuit
775 2218 835 2273 siue
853 2217 961 2274 absens.
994 2219 1026 2274 In
1044 2236 1107 2274 enm
1126 2225 1225 2288 autem,
1244 2217 1291 2289 qui
1307 2218 1337 2272 ui
1355 2217 1465 2287 exemit,
1483 2217 1511 2272 in
1530 2213 1633 2272 factum
1651 2218 1685 2274 iu<

346 2307 440 2363 daun:
465 2317 519 2376 quo
540 2321 595 2362 non
612 2305 642 2360 id
659 2306 813 2361 continetur
830 2305 903 2377 quod
921 2307 949 2362 in
966 2308 1082 2364 ueritate
1100 2313 1157 2378 est,
1181 2305 1231 2362 sed
1248 2306 1343 2376 quanti
1361 2320 1395 2360 ea
1412 2320 1456 2360 res
1475 2304 1571 2360 catab
1590 2309 1684 2362 actore

347 2401 434 2466 mata,
457 2395 492 2450 de
515 2409 570 2464 qua
588 2395 774 2450 controuersia
791 2401 842 2450 est.
876 2395 928 2451 boc
946 2397 1018 2452 enim
1038 2395 1160 2452 additum
1180 2399 1236 2464 est,
1261 2397 1294 2448 ιιι
1310 2398 1443 2464 appareat
1460 2383 1585 2460 etiam'pi
1603 2393 1685 2448 ealun

314 2485 329 2532 ι
346 2485 408 2556 quis
425 2485 469 2552 sit,
488 2487 581 2538 umen
598 2481 669 2538 banc
686 2498 802 2552 poenam
820 2498 883 2538 eum
901 2484 1035 2554 persequi.
1064 2483 1171 2540 Docere
1189 2489 1281 2538 autem
1299 2481 1383 2536 debet
1399 2481 1461 2552 quis
1478 2496 1527 2552 per
1544 2480 1615 2536 hanc
1631 2496 1684 2538 exe

346 2587 409 2628 nem
427 2569 529 2626 iactum
547 2583 601 2640 quo
621 2571 709 2631 minus
727 2569 756 2626 in
773 2571 816 2626 ius
833 2571 1037 2641 produceretur.
1065 2577 1185 2627 ceterum
1204 2571 1227 2626 si
1245 2569 1327 2626 nihilo
1345 2570 1435 2625 minus
1452 2569 1603 2640 productus
1620 2576 1674 2640 est,

314 2661 328 2707 3
346 2675 449 2730 poena:
467 2659 595 2729 quonium
613 2653 698 2714 uerba
717 2674 779 2714 oum
797 2660 897 2716 effectu
909 2665 971 2715 sant
983 2659 1149 2730 accipienda.
1177 2660 1237 2714 Hoc
1249 2655 1379 2714 iudicium
1391 2657 1420 2713 in
1431 2655 1533 2713 iactum
1546 2663 1602 2712 est:
1615 2663 1645 2712 et
1657 2659 1682 2712 εἰ

313 2749 329 2795 4
346 2748 509 2817 deliquerint
528 2747 556 2802 in
578 2747 700 2817 singulos
723 2748 845 2818 dabitur,
868 2753 898 2804 et
914 2747 997 2804 nihilo
1021 2749 1110 2804 minus
1129 2753 1221 2802 manet
1243 2747 1290 2817 qui
1308 2751 1452 2816 exemptus
1469 2751 1513 2801 est
1530 2743 1682 2816 obligatum:

347 2836 428 2892 dibus
450 2839 543 2891 autem
566 2834 606 2890 ita
628 2834 750 2906 dabitur,
774 2837 797 2892 si
820 2851 914 2892 eorum
937 2837 1058 2892 intersit:
1082 2851 1171 2906 neque
1194 2839 1286 2891 autem
1309 2835 1337 2890 in
1355 2833 1482 2916 heredem
1500 2849 1590 2904 neque
1607 2829 1685 2920 Q

346 2930 410 2996 post
427 2939 528 2978 annum
549 2921 666 2978 dabitur.
977 2991 978 2994 Ι

310 3013 328 3071 6
399 3013 477 3068 ionis
493 3011 562 3067 libro
579 3011 738 3081 trigessimo
756 3011 851 3081 quinto
870 3011 906 3066 ad
923 3011 1052 3066 edictum.
1081 3011 1108 3066 Is
1126 3011 1173 3082 qui
1190 3009 1342 3068 debitorem
1360 3011 1388 3067 ui
1404 3010 1513 3081 exemit,
1532 3010 1555 3066 si
1573 3011 1626 3068 sol·
1646 3007 1685 3096 Ε

346 3101 426 3170 uerit,
444 3115 521 3156 reum
539 3113 594 3155 non
611 3097 716 3169 liberat,
734 3100 799 3170 quia
816 3103 932 3170 poenam
951 3115 1029 3155 suam
1047 3099 1137 3155 soluit
1221 3164 1226 3172 ,

1012 3261 1109 3344 vui.
1193 3329 1194 3332 ι

275 3355 277 3362 ’
346 3395 384 3474 u
424 3393 504 3487 Qui
539 3393 803 3472 snmsonnu
838 3393 1222 3472 occisionum
1259 3391 1435 3470 iussio
1471 3393 1685 3472 ssorum

375 3553 378 3556 -
537 3517 629 3594 oss
659 3517 781 3596 suns
808 3517 1105 3596 rnomssroru
1133 3516 1512 3596 commissurus
1551 3519 1588 3596 a

311 3694 326 3750 1
400 3680 493 3738 (imus
510 3679 579 3740 libro
597 3682 692 3751 quinto
710 3680 746 3737 ud
764 3681 884 3738 edictum
902 3681 1077 3751 prouinciale.
1108 3681 1256 3738 Satisdatio
1273 3680 1371 3738 eodem
1388 3681 1471 3737 modo
1487 3681 1624 3752 appellata
1640 3677 1685 3766 ff

345 3773 461 3839 estque
478 3767 638 3826 mtisiactio.
656 3785 719 3826 nam
738 3775 770 3826 ut
784 3768 945 3862 *safisiuoere
963 3769 1079 3826 dicimur
1096 3769 1130 3840 ei,
1148 3770 1227 3826 ouius
1244 3769 1410 3826 desiderium
1426 3769 1578 3840 implemus,
1595 3769 1636 3826 its
1648 3779 1685 3827 sat

345 3874 472 3944 mvii)

347 4031 504 4103 lociquiu
512 4032 567 4103 qui*
576 4037 659 4088 uocat
676 4034 714 4086 112
762 4033 1035 4100 ieximitlieximu
1089 4032 1186 4088 ΡΠ]
1210 4033 1450 4088 18uooarsaturi'1
1466 4033 1470 4101 Ι
1486 4032 1595 4088 *edicto
1604 4033 1644 4086 Ρ
1675 4037 1685 4089 1

345 4105 392 4170 Ρ·,
415 4105 518 4159 eximat
539 4102 613 4158 P‘V
671 4103 971 4174 3edictum1dietnm
995 4103 1036 4158 P·
1089 4103 1309 4174 etpotestPVU
1330 4103 1590 4173 20exeeptionisP⁶
1620 4104 1685 4160 21b

345 4175 523 4244 dpatronam
544 4175 572 4248 Ρ
621 4174 766 4244 bdelicto]
791 4174 903 4240 F’P‘U,
928 4180 972 4230 oto
991 4175 1035 4239 F¹,
1089 4175 1124 4230 22
1142 4173 1224 4230 fuerit
1241 4175 1290 4242 ΡΙ
1311 4174 1370 4228 sine
1393 4173 1502 4243 absens]
1525 4172 1573 4228 fiet
1596 4174 1685 4232 absen

345 4245 435 4300 edicto
462 4246 503 4300 P⁰
530 4246 535 4314 Ι
561 4243 639 4299 e'x'st
666 4246 693 4298 F
765 4243 872 4314 omno]
896 4245 970 4314 quod
994 4245 1036 4299 P·
1089 4245 1221 4300 exemerit
1232 4245 1291 4309 PV,
1303 4243 1398 4300 eximit
1413 4243 1455 4312 Ul
1470 4243 1622 4300 iudicioP·
1671 4249 1685 4300 i

345 4315 517 4372 8edictuun⁴
536 4315 573 4368 Ρ
588 4316 592 4383 Ι
608 4315 669 4385 quis
687 4330 797 4372 seruum
808 4315 880 4385 PU!
894 4316 977 4372 eximi
987 4315 1035 4380 P1,
1088 4315 1246 4372 tin‘tin'etur
1264 4316 1290 4368 F
1338 4317 1373 4370 24
1391 4315 1532 4372 additum
1551 4316 1589 4368 F’
1609 4315 1613 4384 Ι
1633 4318 1685 4372 aab

344 4386 439 4442 eximit
456 4385 553 4440 P’VU
604 4385 1037 4458 9pedius1pedimiffllputat
1088 4387 1184 4442 turP·
1213 4385 1496 4456 anexeeptionemi’·
1530 4385 1685 4450 adiniusa

345 4455 462 4524 cessam]
481 4457 545 4522 PU,
563 4460 644 4526 putat
660 4462 690 4512 at
707 4471 816 4512 cessare
834 4457 877 4522 Ρ,
896 4463 976 4528 putat
993 4472 1035 4512 ee·
1089 4457 1123 4513 27
1141 4457 1335 4528 sintF(cm.j)
1388 4457 1423 4511 32
1439 4463 1499 4527 poet
1514 4455 1597 4512 soluit
1607 4459 1685 4530 reliqu

344 4541 452 4582 sessuro
470 4529 506 4580 P·
521 4527 525 4594 Ι
541 4539 612 4596 quio
630 4529 729 4582 om.P'
783 4530 815 4582 11
835 4528 894 4582 eius
912 4527 1033 4597 om.P·l
1086 4529 1202 4600 popeline
1222 4533 1300 4581 uacat
1316 4527 1351 4592 F;
1374 4535 1453 4590 orbes
1478 4537 1556 4581 iernen
1580 4527 1685 4599 odecrip

344 4604 454 4668 praetor
476 4597 550 4666 quod
567 4597 632 4666 Ρ·Ι
671 4597 800 4670 raecepit]
824 4597 955 4668 praeterit
971 4598 1032 4662 ΡΙ
1087 4595 1459 4668 idoogunturhuranturP‘
1494 4597 1685 4654 iboommitta

345 4669 448 4722 riemat
458 4669 503 4732 F1,
516 4615 670 4722 exeniatip
686 4669 690 4736 Ι
705 4669 734 4724 ui
746 4669 844 4723 cm.P⁶
898 4671 932 4724 12
944 4673 1036 4722 cessat
1088 4668 1233 4722 comitatur
1255 4667 1283 4720 V
1336 4667 1371 4722 37
1397 4665 1460 4738 quo]
1484 4667 1558 4737 quod
1581 4669 1620 4722 P·
1639 4669 1646 4752 Ι
1666 4685 1685 4724 s

658 4669 670 4702 2

345 4739 417 4794 ΡΨ
467 4739 502 4794 14
513 4737 629 4793 aufferre
640 4737 740 4808 perri
756 4740 941 4794 eximere⁴F²
957 4737 961 4805 Ι
977 4736 1034 4793 aui-
1087 4737 1144 4793 tio*
1167 4738 1213 4806 F!
1234 4735 1356 4806 dicimur]
1379 4737 1498 4792 diximus
1521 4727 1568 4802 F·,
1592 4737 1685 4794 dicrmr

345 4808 454 4864 ferrei*
502 4809 638 4878 mquam]
652 4809 950 4880 dfn(=quoniam)P·
965 4811 970 4878 Ι
986 4807 1035 4862 sed
1088 4807 1174 4877 ouius]
1194 4808 1239 4862 oui
1256 4807 1299 4862 ius
1317 4807 1357 4862 P·
1376 4809 1381 4878 Ι
1397 4807 1545 4880 implemus
1563 4809 1600 4861 F¹
1621 4809 1627 4878 Ι
1647 4817 1685 4864 sat

345 4879 457 4949 moram]
470 4878 627 4935 edamoram
640 4881 674 4932 ΡΙ
721 4882 755 4935 16
767 4881 955 4936 admitteretur
965 4877 1033 4946 ΡΠΙ
1088 4877 1212 4948 dicimur]
1242 4878 1376 4934 satisdare
1403 4879 1519 4935 dicimus
1545 4881 1590 4944 (-—
1598 4895 1659 4935 mur

345 4951 454 5008 uidetur
471 4949 549 5019 PV!
570 4950 702 5006 eximeret
719 4951 746 5004 P
797 4953 829 5006 li
852 4951 902 5006 sed
925 4949 962 5019 et]
985 4947 1035 5004 sed
1088 4949 1154 5005 dare
1173 4949 1253 5004 PVU
