3736 5348
259 205 304 276 Xl
326 207 344 274 i
366 213 479 270 00-01
935 201 1023 286 354
1432 226 1479 272 or
1499 222 1688 274 numerosis

203 361 243 421 28
312 363 484 419 Poucourus
505 361 575 418 libro
599 363 693 434 quinto
717 363 823 420 decimo
846 363 882 420 sd
899 362 1039 420 Sabinum.
1076 363 1155 431 Quod
1179 365 1202 420 si
1225 365 1300 420 nulla
1317 363 1367 420 dos
1386 368 1472 432 emet,
1495 368 1562 418 tune
1579 377 1687 418 omnem
1706 360 1744 416 'S

259 451 401 524 inpensam
418 456 525 523 patrem
542 456 681 524 praestare
699 451 798 508 debere
816 451 960 508 Atilicinus
978 453 1017 507 ait
1033 457 1083 508 aut
1102 452 1218 508 heredes
1241 453 1301 509 eins
1323 451 1457 520 mulieris,
1480 456 1549 520 puta
1570 451 1687 506 emanci-

258 545 349 614 patne.
377 540 452 610 quod
469 541 493 595 si
510 555 599 612 nequa
616 539 731 596 heredes
742 541 843 596 haheat
859 556 947 611 nequo
964 545 1043 611 pater
1058 543 1190 598 soluendo
1208 543 1252 612 sit,
1270 541 1398 596 maritum
1413 540 1441 594 in
1453 544 1586 608 quantum
1596 537 1687 594 iacere

261 627 271 698 Ι
290 633 382 700 potest
402 644 452 700 pro
474 627 527 686 hoo
549 629 701 700 conueniri,
725 644 760 686 ne
781 629 879 685 iniuria
901 630 960 686 eius
982 630 1121 686 uideretur
1144 631 1282 702 quondam
1306 644 1418 686 uxorem
1441 628 1780 698 eius-insepultamt.1ttr

259 717 382 788 relinqui.
1707 731 1722 773 t

203 807 241 866 29
312 805 406 862 Gerus
423 805 491 862 hhro
509 821 580 862 nono
599 806 705 862 decimo
723 805 759 862 ad
776 805 896 862 edictum
914 807 1090 877 prouinoinle.
1127 807 1157 864 Si
1181 809 1276 864 mulier
1293 810 1356 878 post
1374 805 1521 862 diuortium
1540 806 1586 862 alii
1603 809 1689 876 nupta
1718 804 1747 860 E

259 895 416 964 decesserit,
434 910 490 950 non
506 899 587 965 putat
603 895 742 950 Fulcinius
760 896 878 967 priorem
896 897 1032 966 maritum,
1050 897 1114 952 licet
1127 897 1194 954 lucri
1206 897 1299 952 dotem
1310 893 1402 966 iaciat,
1421 893 1523 952 funeris
1535 895 1687 964 impensam

227 997 240 1042 1
258 989 408 1056 praestare.
443 983 471 1038 Is
489 985 536 1053 qui
552 983 635 1040 filiam
653 983 769 1040 familias
787 983 925 1040 funerauit
942 990 1087 1055 antequam
1106 984 1157 1040 dos
1174 986 1246 1056 patri
1263 985 1399 1054 reddatur,
1419 999 1481 1040 cum
1497 985 1596 1042 marito
1613 987 1688 1040 recte

259 1073 331 1144 agit:
354 1071 463 1128 reddita
479 1072 544 1128 dote
560 1077 666 1142 patrem
685 1073 836 1144 obhgctnm
852 1073 944 1130 hahet
971 1074 1067 1144 utique
1084 1077 1184 1145 autem,
1203 1075 1227 1130 si
1245 1089 1308 1130 cnm
1326 1073 1423 1130 marito
1442 1077 1533 1130 aetum
1551 1061 1646 1142 fuerit,
1664 1073 1688 1127 is

259 1177 292 1218 eo
311 1162 401 1218 minus
418 1161 490 1233 patri
507 1162 627 1217 mulieris
644 1163 819 1218 restituturus
837 1167 889 1218 est
1314 1199 1316 1202 -
1707 1175 1737 1217 ro

201 1251 242 1312 30
311 1251 482 1308 Posmourus
504 1249 573 1306 licre
597 1251 692 1321 quinto
716 1250 821 1306 decimo
845 1251 881 1306 sd
904 1249 1044 1308 Sabinum.
1087 1251 1190 1308 Oenea
1215 1267 1324 1322 quoque
1350 1250 1424 1321 quod
1450 1253 1531 1321 pater
1555 1249 1585 1306 in
1606 1246 1689 1303 funos
1708 1249 1744 1305 ’6

249 1341 329 1412 filiae
346 1339 470 1410 inpendit
486 1343 536 1394 cut
552 1339 605 1396 ulio
623 1343 724 1409 agente
741 1355 835 1396 secum
853 1338 1014 1396 funeratioia
1030 1342 1179 1411 praestitit,
1202 1342 1261 1410 ipse
1284 1340 1392 1396 acione
1414 1339 1450 1394 de
1473 1338 1538 1394 dote
1556 1353 1574 1392 a
1591 1337 1688 1392 marito

226 1441 239 1488 1
258 1429 364 1500 recipit
391 1427 447 1484 Sed
464 1429 489 1483 si
501 1428 673 1498 emancipata
684 1429 712 1484 iu
724 1429 895 1484 matrimonio
908 1429 1031 1500 decedat,
1049 1431 1196 1485 collaturos
1207 1429 1322 1486 heredes
1334 1428 1503 1486 honorumue
1514 1439 1689 1498 possessores

259 1523 288 1574 et
303 1522 410 1589 patrem
426 1532 476 1587 pro
493 1518 619 1586 portione
636 1517 708 1573 dotis
726 1533 807 1588 quam
827 1518 924 1590 recipit
940 1521 970 1572 et
986 1519 1075 1574 uirum
1098 1533 1147 1589 pro
1164 1518 1290 1588 portione
1307 1518 1380 1574 dotis
1398 1533 1480 1588 quam
1497 1516 1618 1572 lucratus
1636 1517 1687 1570 sat
1708 1531 1738 1572 rs

201 1607 239 1668 31
312 1605 462 1664 Uarrum
484 1605 553 1662 libro
575 1607 725 1664 uicensimo
748 1607 843 1677 quinte
866 1606 902 1662 sd
924 1605 1053 1664 edictum.
1090 1605 1120 1662 Si
1141 1606 1212 1662 filins
1236 1605 1353 1662 familias
1376 1607 1454 1664 miles
1478 1605 1516 1662 sit
1537 1610 1566 1660 et
1588 1603 1689 1660 hebent
1724 1605 1752 1660 Ε

258 1700 398 1752 castremo
424 1695 576 1766 peculium,
603 1700 671 1766 puto
694 1711 867 1752 successores
892 1695 952 1752 eius
978 1699 1043 1750 ante
1068 1695 1169 1766 teneri,
1197 1695 1237 1750 sic
1264 1695 1363 1752 deinde
1390 1695 1426 1750 sd
1452 1699 1557 1764 patrem
1584 1693 1687 1748 uenire.

226 1797 239 1842 1
259 1783 311 1850 Qui
328 1799 437 1842 seruum
455 1785 573 1840 alienum
591 1785 636 1840 uel
653 1785 778 1840 anoliam
796 1784 930 1854 sepeliuit,
948 1783 1033 1839 habet
1056 1784 1189 1840 addemus
1211 1783 1351 1839 domiuum
1369 1783 1533 1840 temerariam
1551 1767 1689 1858 Q

225 1885 240 1932 a
258 1873 402 1929 actionem.
438 1873 515 1928 Haec
532 1873 605 1928 actio
623 1887 678 1929 non
695 1877 740 1929 est
756 1889 854 1944 annua,
873 1872 923 1929 sed
933 1877 1075 1944 perpetua,
1094 1871 1233 1930 etheredi
1249 1873 1401 1944 mtorisque
1413 1872 1619 1930 successorihus
1637 1868 1688 1956 [(0)

258 1967 288 2018 et
304 1962 333 2016 in
350 1976 524 2016 succeswres
541 1961 630 2017 datur.
1708 1975 1737 2018 aa

200 2051 240 2112 32
310 2051 430 2108 Pronus
451 2049 520 2106 libro
543 2051 693 2108 uicensimo
717 2050 834 2121 septimo
857 2049 894 2106 ad
916 2049 1045 2106 edictum.
1082 2050 1112 2108 Si
1134 2065 1277 2121 possessor
1298 2048 1457 2108 hereditatis
1481 2047 1563 2108 fuum
1585 2048 1688 2120 iecerit,
1719 2050 1747 2106 li

227 2151 240 2196 1
259 2139 358 2196 deinde
376 2139 467 2194 uictus
484 2139 513 2194 in
529 2139 700 2195 restitutione
718 2154 773 2196 non
791 2138 937 2194 deduxerit
953 2139 1027 2210 quod
1044 2139 1215 2210 impenderit,
1233 2139 1326 2194 utilem
1342 2153 1405 2194 esse
1416 2140 1442 2194 ei
1459 2137 1632 2196 funerarism.
1659 2137 1690 2196 Si

232 2299 234 2304 Α
258 2229 356 2285 eodem
376 2231 513 2284 momento
530 2229 662 2298 temporis
679 2228 722 2284 uir
739 2233 768 2284 et
785 2243 854 2284 uror
871 2228 1034 2298 decesserit,
1058 2227 1152 2284 Labeo
1175 2228 1215 2283 ait
1236 2229 1265 2284 in
1282 2227 1409 2284 heredem
1427 2227 1480 2283 uiri
1496 2244 1546 2299 pro
1564 2229 1689 2300 portione

259 2317 332 2374 dotis
349 2317 469 2372 dandm
486 2315 557 2371 hanc
574 2317 718 2387 actionem,
736 2318 864 2388 quoniam
883 2317 911 2372 id
929 2317 1019 2387 ipsum
1038 2317 1110 2372 dotis
1128 2316 1236 2372 nomine
1255 2316 1291 2372 nd
1309 2332 1371 2372 eum
1388 2318 1523 2387 peruenit.

201 2407 241 2467 33
314 2405 463 2462 Urmrsrrue
480 2404 549 2464 libro
567 2406 757 2477 sexagensimo
775 2411 875 2462 octauo
893 2406 929 2462 ad
947 2408 1076 2462 edietum.
1113 2405 1143 2462 Si
1161 2406 1222 2476 quis
1240 2403 1292 2462 icit
1315 2404 1408 2475 heres,
1432 2405 1531 2462 deinde
1552 2405 1689 2462 heredites
1717 2405 1746 2462 E

258 2495 351 2552 abluta
368 2494 447 2550 sitsi
464 2495 543 2564 quusi
561 2494 682 2566 indigno,
701 2495 789 2564 magis
807 2500 858 2566 est,
876 2500 909 2550 ut
924 2511 1011 2566 penes
1029 2511 1092 2554 eum
1110 2497 1171 2552 iura
1188 2494 1393 2566 sepulchrorum
1410 2500 1577 2552 remaneant
1708 2509 1736 2550 as

202 2586 241 2645 34
311 2586 431 2642 Paucos
451 2582 520 2639 libro
544 2585 735 2658 sexagensimo
759 2589 857 2655 quarto
882 2585 918 2640 sd
942 2585 1071 2641 edictum.
1108 2584 1138 2642 Si
1160 2585 1237 2642 locus
1259 2582 1312 2640 sub
1332 2583 1495 2640 ¹condicione
1518 2585 1626 2655 legatus
1644 2583 1689 2655 sit,
1719 2581 1749 2637 E

258 2674 366 2732 interim
384 2672 464 2728 heres
480 2669 621 2728 inferendo
639 2677 776 2728 mortuum
794 2687 849 2728 non
866 2670 933 2728 iacit
950 2674 1040 2730 locum
1058 2674 1223 2744 religiosum.

202 2762 241 2823 33
310 2763 492 2818 meumes
508 2759 577 2816 libro
595 2760 690 2828 quinto
708 2761 885 2830 digestorum.
921 2763 1031 2818 hlinime
1054 2764 1170 2819 maiores
1190 2761 1340 2832 lugendum
1358 2759 1688 2844 lit.te,1,ei.llS.2t,r,11
1719 2769 1747 2824 E
1833 2779 1834 2782 ’

257 2855 425 2924 putauerunt
442 2865 519 2922 enm,
544 2849 590 2920 qui
612 2848 649 2904 ad
671 2850 788 2920 patriam
810 2849 953 2906 delendam
977 2856 1006 2908 et
1027 2855 1156 2922 pmentos
1179 2855 1209 2906 et
1231 2851 1332 2908 liberos
1349 2848 1550 2908 interficiendos
1567 2849 1688 2906 uenerit:

259 2955 341 3012 quem
359 2940 383 2996 si
400 2938 473 2996 filius
489 2942 594 3010 patrem
613 2943 663 2994 aut
678 2943 757 3008 puter
773 2938 858 2994 filium
876 2939 1048 3012 occidisset,²
1066 2941 1127 2996 sine
1144 2941 1255 3010 scelere,
1274 2941 1357 2996 etism
1373 2941 1494 3011 praemio
1507 2938 1689 2996 adliciendum
1708 2953 1738 2996 so

258 3044 355 3086 omnes
373 3028 582 3084 constituerunt.
682 3059 685 3074 ·

201 3120 241 3182 86
311 3119 483 3174 Peucestes
494 3116 563 3172 libro
576 3115 725 3172 uicensimo
742 3121 821 3173 sexto
836 3116 873 3172 ad
885 3115 1014 3183 Quintum
1026 3118 1155 3175 Mucium.
1182 3119 1250 3175 Gom
1268 3119 1330 3174 loca
1346 3123 1428 3188 capta
1445 3113 1485 3202 [e.
1495 3129 1533 3186 ee,
1543 3130 1599 3186 1,se
1608 3141 1690 3176 cumn.
1720 3125 1749 3182 Ε

259 3205 376 3264 suntab
394 3206 531 3276 hostibus,
556 3205 647 3261 emnia
664 3203 793 3262 demunt
809 3206 938 3276 religioso
955 3208 1000 3262 uel
1017 3221 1097 3262 sacrs
1114 3223 1188 3278 esse,
1214 3208 1286 3264 sicut
1307 3207 1431 3264 homines
1454 3206 1532 3264 liberi
1554 3207 1582 3262 in
1605 3205 1690 3264 sertri-

258 3299 346 3354 tutem
363 3295 538 3367 perueniunt:
562 3293 636 3364 quod
658 3294 682 3348 si
705 3293 740 3350 ab
758 3294 810 3350 hac
828 3296 983 3352 calamitate
1006 3295 1107 3353 luerint
1130 3296 1257 3368 liberata,
1280 3297 1360 3367 quasi
1383 3295 1502 3366 quodam
1524 3296 1690 3367 postliminio

258 3400 370 3442 reuersa
386 3385 501 3456 pristino
520 3383 604 3440 statui
621 3384 811 3440 restituuntur.
1708 3399 1738 3441 ss

201 3477 242 3540 37
311 3475 419 3530 Macae
434 3472 503 3529 libro
525 3473 613 3543 primo
637 3471 673 3528 ud
695 3473 783 3544 legem
807 3473 984 3530 uicensimam
1002 3473 1203 3532 hereditatium.
1241 3473 1355 3530 Funeris
1372 3477 1498 3544 sumptus
1517 3468 1691 3556 Q
1719 3483 1766 3556 Es

259 3563 406 3633 recipitur,
430 3561 561 3632 quidquid
580 3561 699 3630 corporis
718 3577 803 3617 eausa
820 3563 906 3618 ueluti
929 3568 1129 3632 unguentorum
1153 3568 1296 3632 erogatum
1318 3567 1374 3632 est,
1396 3567 1425 3618 et
1447 3562 1564 3632 pretium
1587 3562 1639 3618 loci
1662 3561 1690 3618 in

260 3667 314 3723 qno
332 3650 478 3708 deuncem
494 3649 623 3708 humatus
641 3653 692 3720 est,
711 3651 781 3706 etsi
799 3667 854 3720 qua
872 3651 1019 3720 nccegclia
1036 3656 1108 3722 sunt,
1127 3653 1173 3708 uel
1190 3649 1353 3722 sarcophagi
1371 3651 1553 3708 etuectura¹:
1572 3649 1690 3721 etquid·

259 3741 326 3812 quid
344 3741 465 3811 eorporis
482 3754 567 3795 cansa
583 3743 730 3809 cumquam
748 3741 896 3812 sepeliatur
913 3745 1104 3810 consumptum
1123 3747 1173 3812 est,
1192 3740 1295 3798 lunens
1311 3741 1462 3810 impensam
1481 3755 1543 3798 esse
1554 3739 1689 3796 exutimo.

259 3847 421 3918 FiPfflDl

221 4059 222 4066 χ
262 3998 422 4126 ²ocficidrisse
441 4005 507 4124 tasi?
559 3995 624 4050 ¹et
644 3995 763 4068 pretium
785 3996 838 4052 looi
859 3997 888 4052 in
911 4014 938 4068 q.
956 3997 983 4054 d
1002 3997 1029 4054 h
1048 4003 1092 4054 est
1114 3999 1159 4054 uel
1181 3997 1344 4068 sarcophagi
1368 4002 1397 4055 et
1418 4003 1532 4056 ueemrs
1549 4001 1578 4054 et
1595 3995 1618 4054 si
1635 4009 1691 4066 qus

219 4085 475 4141 *mgum

260 4203 363 4273 ipute
380 4207 409 4257 ei
426 4217 532 4258 emano.
548 4201 589 4256 P·
642 4201 659 4256 3
683 4199 797 4256 heredes
814 4200 950 4258 hebett‘n’i
1002 4203 1078 4266 diosc
1103 4200 1227 4263 coiceret
1256 4201 1320 4256 cisat
1347 4201 1454 4264 roteirs
1480 4201 1597 4272 (rainer
1625 4199 1689 4254 sissi

259 4289 349 4345 noque
358 4274 403 4339 Ρ,
416 4273 473 4328 her.
482 4287 571 4344 neque
580 4269 629 4336 1²⁸,
642 4291 690 4326 om.
700 4271 815 4326 mu·
850 4274 948 4344 iprio-
1003 4273 1057 4344 ispi
1080 4273 1120 4344 B)
1146 4273 1208 4328 ortt
1232 4281 1311 4328 const.
1334 4276 1391 4328 eccl.
1453 4274 1489 4328 34
1512 4272 1632 4328 fuerint
1652 4271 1691 4325 F’

260 4361 318 4400 rem
337 4343 474 4415 maritum]
496 4360 545 4416 pro
569 4343 658 4413 priore
677 4343 774 4398 marito
792 4343 949 4409 P·L⁴U,a
1002 4345 1130 4399 sectatu
1147 4343 1216 4398 P⁶U
1266 4344 1300 4398 36
1319 4344 1473 4399 marcianus
1492 4345 1553 4409 PL,
1578 4342 1690 4398 mareol-

259 4417 349 4488 priore
374 4418 471 4472 marito
498 4415 574 4470 ΡΨ
646 4416 663 4469 9
687 4413 778 4484 agit'u'
797 4415 905 4470 reddita
928 4415 954 4467 F
1001 4416 1045 4470 lus
1067 4417 1108 4484 Ul
1124 4415 1285 4471 hereditatio
1303 4415 1334 4480 P,
1352 4415 1545 4471 hereditarium
1564 4416 1596 4479 L,
1615 4413 1689 4470 here·

262 4489 297 4544 10
314 4488 356 4559 00]
376 4503 424 4544 eos
443 4488 483 4542 P·
533 4488 567 4542 12
583 4485 639 4540 filie
657 4487 739 4551 PLU,
758 4486 827 4540 alise
844 4487 891 4552 ΓΙ,
908 4485 948 4540 ia-
1002 4487 1175 4542 dituriemU
1219 4487 1252 4542 31
1267 4485 1437 4556 ‘s’erogctum
1457 4489 1494 4539 F¹
1538 4487 1573 4542 38
1592 4491 1635 4542 cst
1652 4485 1690 4572 et]

261 4560 351 4615 miliae
375 4561 413 4612 F’
472 4559 506 4614 13
528 4557 631 4627 recepit
649 4558 684 4610 Ρ
739 4558 773 4612 14
790 4558 886 4626 recipit
1001 4565 1045 4612 ost
1062 4558 1140 4613 PLU
1152 4559 1156 4625 Ι
1172 4557 1326 4628 uectigalia]
1344 4557 1470 4612 FPL·U
1478 4578 1534 4613 cum
1546 4559 1586 4612 B:
1605 4558 1644 4611 esi
1658 4575 1690 4612 rc

261 4646 343 4702 quam
356 4630 495 4685 om.PLU
528 4632 561 4685 16
575 4628 805 4684 ante⁴teneriF¹
841 4631 875 4684 18
887 4644 948 4684 sue·
1001 4631 1084 4693 neoc,
1104 4630 1233 4684 uestiaria
1245 4629 1322 4684 Pttlt
1337 4633 1342 4696 Ι
1357 4629 1402 4684 uel
1414 4629 1576 4700 sarcophagi
1588 4635 1616 4684 et
1627 4643 1690 4683 uec·

261 4702 415 4759 caesoribus
437 4707 466 4756 et
489 4701 517 4756 iu
540 4720 589 4754 om.
604 4698 645 4754 Ρ·
697 4702 730 4756 21
749 4700 947 4756 restitutionem
1000 4699 1072 4770 tttrtt]
1090 4702 1129 4754 sai
1149 4700 1163 4752 i
1184 4701 1263 4772 copdc
1282 4701 1319 4755 usi
1340 4700 1354 4753 ἡ
1375 4699 1452 4756 croti
1471 4701 1506 4767 B,
1523 4702 1589 4756 ends
1608 4700 1689 4756 ottra-

260 4773 338 4830 PLU
380 4775 415 4830 22
431 4771 514 4843 p‘o'ro
532 4775 601 4842 port
620 4771 657 4824 F²
701 4769 947 4841 iidandnm1tan·
1001 4772 1314 4843 cresciaiAOcorrtqu
1325 4773 1369 4826 uel
1381 4771 1542 4842 sarcophagi
1552 4771 1690 4828 01600110-

260 4849 318 4900 tam
336 4845 376 4900 P·
420 4845 454 4900 26
471 4844 541 4899 libro
558 4842 634 4897 lxuiii
646 4842 698 4898 PU
739 4845 773 4897 27
791 4843 948 4914 religiosum
1001 4843 1042 4898 ria
1059 4846 1151 4898 coitate
1173 4843 1237 4897 t13
1261 4843 1307 4914 §4
1324 4843 1348 4896 tr
1364 4851 1396 4898 t:
1419 4845 1465 4898 sert
1488 4845 1590 4900 uidear
1611 4861 1690 4914 pros·

262 4915 362 4971 cm.P·
401 4915 437 4972 30
455 4913 479 4970 si
491 4915 593 4970 om.P⁶
633 4913 947 4984 eecumloca...csse]
993 4916 1456 4992 foesadoquosseprcproponttre·
1473 4921 1639 4987 transpositio

261 4987 293 5042 ri
311 4987 389 5059 cispa
406 4985 450 5058 (ri
463 4985 517 5058 ispi
531 4985 568 5057 Β)
587 4985 708 5052 fundatus
724 4985 775 5048 Ῠπὸ
789 4985 853 5048 reio
870 4998 948 5042 uols-
