4320 5340
468 184 617 254 xxvllss
637 185 658 252 ο
677 189 797 248 sc-cc
892 285 898 295 ¹
1154 177 1242 259 882
1525 199 1577 248 nr
1599 187 1861 251 mommo
1882 184 1942 233 ω

436 340 641 411 srecipcrsbit,
660 340 841 410 qnsmuises,
859 337 1427 410 qnwcxopermdotsiinmsdquirnutur,
1445 337 1482 394 sd
1497 337 1590 394 uirum
1611 329 1803 404 pertinen*-
1832 323 1870 378 Η
1887 337 1941 377 Μ

469 435 602 500 cosmus
619 434 649 484 et
666 428 822 498 compendii
840 429 960 484 societur
978 429 1070 496 initur,
1089 427 1223 497 quidquid
1240 443 1276 482 ex
1289 427 1381 496 operis
1392 427 1450 482 suis
1462 426 1556 482 socius
1567 417 1763 492 sdquim'erit,
1784 415 1814 468 5¹¹
1828 411 1940 466 Μ·

437 527 452 571 s
470 517 604 574 contest:
623 517 677 572 sm
694 523 787 572 men
804 517 923 586 qusque
940 516 1121 572 nemmem
1137 516 1266 586 sequen
1296 517 1443 572 racem
1453 529 1506 570 sec
1516 511 1700 570 susumus
1714 502 1838 574 quid·-
1852 515 1940 556 erun
2025 562 2026 565 t

435 607 547 662 siussu
559 607 628 675 eius,
640 606 688 676 qni
700 621 780 662 nsum
792 603 911 662 iructnm
924 606 953 660 in
965 620 999 662 eo
1011 604 1103 674 hebet
1116 605 1193 660 sdirc
1205 605 1382 660 musea
1393 603 1503 674 poterit.
1530 593 1940 680 thnodiss.te.1.ssrrsn

470 711 489 750 s
505 695 669 766 qnsousdsm
687 694 883 764 responocur,
906 695 932 750 si
948 693 1017 750 Ιῖοοτ
1035 693 1129 762 Ιιοιιο,
1153 695 1202 764 qni
1218 693 1293 748 nom
1309 691 1365 748 fide
1383 691 1447 746 mihi
1465 690 1625 757 serniebst,
1650 689 1782 758 propter
1804 696 1851 738 me
1869 679 1961 734 herm

470 785 612 838 institutus
630 783 695 852 erit,
712 797 795 852 posse
813 797 875 838 eum
894 783 971 837 iussn
990 797 1053 837 meo
1071 782 1147 836 sdire
1166 781 1354 851 hereditstem,
1372 786 1464 850 potest
1480 795 1579 836 naum
1600 792 1687 844 csse,
1709 779 1747 830 nt
1766 771 1939 839 initilbssffl

470 858 1938 943 ronopcmmsmihisdqmrerc,sedexrsmcmicotinstiputsrdoetpersrsditioncmsoo‘e

470 961 572 1031 piendc
589 976 624 1016 ex
641 975 672 1014 re
689 975 752 1014 mes
769 959 836 1014 mihi
854 959 990 1029 sdquirst.

412 1047 453 1104 46
524 1049 697 1105 srrresscs
718 1047 788 1104 iioro
811 1049 901 1116 primo
918 1048 1120 1117 questionum.
1156 1046 1226 1103 Cum
1244 1045 1345 1102 istrum
1362 1051 1558 1102 mstsmentum
1577 1043 1743 1110 diceretur,
1765 1029 1936 1122 Q
1959 1041 1973 1094 i

470 1139 495 1194 si
512 1138 623 1208 quidem
641 1137 701 1207 ipse
719 1135 799 1192 heres
816 1141 1002 1205 mensuretur,
1019 1136 1149 1205 quonism
1167 1141 1259 1192 certus
1276 1149 1339 1190 esse
1356 1133 1458 1190 debect
1475 1149 1506 1212 sc
1523 1133 1626 1188 isisnm
1645 1145 1713 1186 mon
1734 1128 1853 1194 iecisse,
1871 1131 1936 1180 recte
1949 1136 1968 1174 ¹·

470 1225 559 1282 odibit
582 1225 776 1282 hereditatem:
800 1225 843 1280 siu
865 1230 959 1280 sutem
977 1225 1048 1280 siins
1065 1231 1228 1294 mgneretnr
1244 1225 1314 1282 citra
1331 1224 1527 1280 eonscientism
1546 1223 1624 1290 dns,
1652 1235 1717 1276 non
1737 1219 1843 1289 potest
1860 1213 1935 1280 sdic,

470 1315 549 1384 qussi
567 1313 676 1370 dubitet
692 1329 788 1370 uerum
806 1329 868 1370 csse
886 1318 1092 1370 testsmcntnm.

413 1398 453 1456 47
523 1403 602 1458 ineu
624 1401 693 1458 libro
715 1407 814 1472 qnsrto
838 1403 1039 1471 quaestionum.
1075 1401 1128 1468 Qui
1151 1417 1262 1458 sernum
1286 1417 1366 1456 suum
1388 1400 1517 1456 heredem
1540 1399 1582 1454 in·
1600 1391 1755 1482 [luein.
1766 1405 1808 1452 ³9.
1830 1400 1933 1472 EQ
1957 1394 1971 1448 i

471 1492 598 1546 stiurtum
622 1491 699 1545 edire
721 1491 852 1560 insueret,
875 1491 1034 1561 pmmqmm
1056 1491 1103 1546 ssle
1126 1490 1228 1560 adiret,
1252 1488 1373 1544 iuriosus
1393 1495 1438 1546 est
1453 1487 1553 1544 iscttrs
1580 1487 1708 1556 negenit
1726 1487 1811 1540 recte
1831 1493 1933 1536 oernun

471 1579 622 1649 editurum,
646 1579 775 1649 quonism
799 1595 854 1636 nou
877 1580 932 1636 nisi
952 1580 1094 1634 uoiuntstc
1111 1579 1215 1634 domiui
1232 1578 1339 1648 adquiri
1356 1577 1494 1634 hereditss
1511 1581 1621 1648 potest,
1648 1573 1758 1630 furiosi
1778 1575 1875 1626 sutem
1892 1581 1932 1620 co
1947 1573 1965 1612 ¹⁵

469 1667 562 1724 lnntss
579 1667 656 1724 nulls
672 1673 724 1724 est.

413 1751 453 1811 48
525 1756 644 1812 Psonus
661 1755 730 1812 libro
748 1757 836 1826 primo
853 1756 1030 1812 mscnsiinm.
1067 1754 1096 1810 Si
1115 1756 1177 1825 quis
1194 1756 1275 1810 siicui
1294 1755 1473 1824 msndsncrit,
1491 1761 1530 1824 ut,
1552 1755 1577 1810 si
1596 1753 1739 1809 sestims·
1776 1756 1930 1830 affl
1945 1746 1971 1798 'P

471 1845 555 1914 uerit,
579 1849 686 1913 poteret
709 1843 762 1900 sibi
785 1843 917 1900 bonorum
939 1844 1157 1914 possessionen,
1180 1849 1210 1898 et
1231 1849 1377 1912 postqum
1395 1844 1440 1900 ilie
1457 1845 1540 1913 petit,
1564 1842 1662 1900 furere
1680 1837 1831 1910 coeperit,
1855 1833 1929 1890 nitio

471 1933 562 1988 miuus
585 1932 724 2002 sdquisits
746 1939 790 1988 eet
812 1933 839 1988 oi
862 1933 995 1988 bonorum
1015 1933 1163 2003 possessio.
1189 1931 1306 2000 quodsi
1324 1935 1470 2002 sumnum
1488 1932 1534 1986 iile
1550 1935 1647 2001 potst,
1674 1931 1700 1984 is
1720 1928 1775 1998 qui
1794 1921 1929 1980 manduit

471 2019 621 2090 petendum
640 2018 730 2076 unere
748 2021 885 2092 coeperit,
908 2021 1055 2078 dicendum
1073 2027 1118 2076 est
1134 2035 1189 2076 nou
1207 2021 1301 2076 stetim
1318 2021 1346 2076 ei
1363 2021 1527 2092 sdquisitm
1545 2019 1688 2076 bonorm
1708 2013 1927 2088 possemionem:
1940 2020 1959 2059 t·

471 2108 556 2178 igitur
573 2107 707 2164 bonorem
724 2110 908 2180 possessionis
925 2110 1021 2182 petitio
1038 2108 1231 2166 rstihsbitione
1249 2107 1333 2164 debet
1350 2108 1512 2166 confirmari.

413 2195 454 2253 49
525 2196 698 2254 Armossos
721 2197 791 2254 libro
812 2204 910 2268 qusrto
933 2199 1134 2268 quaestionum.
1169 2197 1305 2268 Popilium
1328 2199 1412 2254 etism
1433 2213 1468 2254 eo
1490 2203 1583 2254 tutore
1600 2202 1735 2263 sectore,
1755 2182 1960 2277 ΜΕ

472 2286 520 2356 qui
536 2286 652 2342 ortelsm
671 2287 831 2356 nemersi,
849 2287 1028 2344 hereditatem
1047 2287 1175 2343 sdenndo
1192 2285 1309 2356 obligari
1326 2288 1374 2342 sit

416 2372 456 2431 50
525 2374 720 2432 iionmmue
737 2374 807 2432 lioro
825 2375 956 2446 singnisri
975 2377 1011 2432 de
1029 2375 1229 2432 hecremsticis.
1265 2374 1296 2430 Si
1313 2390 1363 2445 per
1376 2376 1520 2445 epistnism
1533 2389 1617 2430 seruo
1629 2373 1734 2444 pnpilli
1754 2361 1924 2454 Q
1936 2367 1961 2421 ’Β

471 2465 548 2518 tutor
570 2461 750 2518 hereditstem
773 2463 850 2520 edire
873 2465 996 2535 iusserit,
1019 2465 1044 2520 si
1061 2469 1126 2534 post
1142 2463 1325 2534 subscriptum
1343 2465 1487 2534 epistolum
1505 2469 1581 2520 tutor
1597 2463 1756 2529 moriatur,
1782 2462 1953 2527 snthusnti

472 2565 507 2606 ex
525 2551 644 2620 opininio
661 2565 758 2606 seruus
776 2551 872 2622 odim,
890 2567 972 2608 nemo
989 2553 1113 2608 dicturus
1130 2557 1174 2608 est
1191 2552 1306 2622 obligari
1324 2555 1437 2623 postcs¹
1450 2553 1581 2622 pupillum
1599 2551 1767 2606 hereditati.

415 2636 454 2696 οι
526 2637 699 2694 murus
717 2639 786 2696 unm
803 2647 902 2710 quero
920 2642 1121 2712 quercuum.
1157 2641 1241 2711 num,
1265 2642 1312 2712 qm
1330 2641 1439 2696 omnus
1460 2641 1635 2696 tenuem
1652 2641 1732 2696 eius
1752 2627 1922 2720 [Q
1944 2633 1956 2687 t

472 2727 537 2782 dem
554 2728 695 2782 teststoris
713 2727 792 2784 heres
810 2728 950 2800 scribitur,
973 2745 1036 2786 cum
1059 2729 1181 2798 dubitet,
1206 2746 1271 2786 uum
1294 2731 1432 2799 posterius
1455 2728 1553 2786 sunum
1577 2729 1628 2798 sit,
1652 2743 1693 2786 cx
1713 2731 1819 2784 neutro
1837 2738 1921 2801 coron

441 2825 555 2886 1posse
581 2815 657 2870 edire
685 2815 865 2874 hereditstem
891 2819 990 2888 piscet
1036 2819 1123 2874 Filius
1149 2817 1267 2876 ismiliss
1294 2819 1373 2876 heres
1394 2819 1512 2888 scriptus
1535 2821 1643 2888 petrem
1669 2832 1757 2872 suum
1785 2814 1921 2870 certiorem

473 2902 578 2960 feceret
607 2904 694 2960 uideri
721 2903 775 2960 sioi
800 2906 934 2962 soluendo
959 2921 1022 2964 esse
1049 2907 1243 2964 hereditatem:
1274 2913 1354 2978 puter
1383 2909 1561 2976 rescripserst
1586 2905 1641 2962 sibi
1669 2921 1777 2974 perum
1803 2903 1953 2958 iocum

473 2993 624 3050 renuntisri
647 2993 741 3063 tuque
763 2993 864 3050 debere
887 3010 950 3051 enm
975 2995 1133 3066 ddigentius
1154 2998 1297 3067 crpiorsre
1314 3002 1344 3052 ct
1360 2997 1400 3052 its
1417 2996 1506 3065 sdico,
1529 2997 1554 3051 si
1576 2995 1712 3052 idoneum
1732 2991 1921 3062 comperisset:

473 3079 547 3138 iilius
569 3082 691 3150 sccopu's
715 3083 812 3138 litteris
835 3084 922 3153 pstris
945 3084 1015 3140 sdiit
1036 3084 1230 3142 hereditetem:
1253 3085 1409 3142 dubitatum
1433 3089 1490 3155 est,
1517 3100 1553 3140 su
1574 3088 1653 3138 recto
1679 3082 1804 3142 edisset
1835 3079 1923 3151 probs

474 3168 556 3224 bilius
574 3169 724 3239 diceretur,
748 3171 880 3240 οοοιοᾱίο
903 3187 1064 3242 percussum
1088 3175 1115 3228 ei
1139 3190 1193 3230 non
1217 3175 1255 3230 sit
1278 3173 1410 3230 soluendo
1433 3187 1495 3228 esse
1515 3171 1720 3240 hereditstem,
1745 3175 1860 3241 penem
1876 3182 1923 3223 non

442 3257 622 3327 scoltgmsc.
659 3257 713 3314 Sed
731 3263 761 3314 ct
778 3260 802 3314 si
819 3261 882 3328 quis
899 3261 940 3316 its
957 3261 1069 3318 dixerit:
1085 3262 1120 3318 ‘si
1144 3263 1277 3320 οοΙοοοᾶο
1295 3262 1434 3318 hereditas
1451 3268 1509 3330 ost,
1532 3261 1603 3316 cdeo
1621 3257 1837 3328 heroditstem’,
1859 3257 1925 3313 uniit

475 3345 561 3402 editio
579 3351 631 3402 cst
1937 3351 1956 3392 ⁸⁵

418 3431 458 3490 et
529 3435 704 3492 massus
725 3434 796 3491 libro
818 3441 915 3505 qnmto
938 3438 1148 3494 ineundorum.
1185 3437 1254 3494 (ium
1273 3439 1352 3496 heres
1369 3440 1510 3496 institutm
1527 3443 1589 3494 erst
1606 3437 1685 3494 iilius
1704 3443 1736 3492 et
1756 3429 1926 3521 [iffi
1948 3435 1961 3488 i

475 3521 597 3578 hsbebet
613 3527 719 3593 putrem
738 3521 879 3594 furiosum,
897 3526 926 3580 in
944 3527 1023 3581 cuins
1040 3531 1100 3581 erst
1117 3531 1263 3597 potentem,
1282 3529 1455 3598 interponere
1473 3543 1503 3584 sc
1516 3543 1595 3582 snum
1608 3525 1842 3582 beniuolentiam
1855 3526 1926 3580 diuus

475 3611 542 3666 Pius
559 3611 706 3682 rescripsit,
724 3615 763 3680 ut,
782 3612 806 3668 ei
824 3611 896 3668 filins
914 3611 1031 3670 ismiiiss
1049 3615 1155 3686 edicrit,
1173 3617 1287 3686 perinde
1304 3617 1438 3674 hsbectur
1454 3621 1537 3685 sicne
1548 3617 1572 3672 si
1585 3619 1671 3686 pstcr
1681 3613 1814 3672 ismiiiss
1826 3614 1927 3680 *diffie

445 3709 457 3752 1
475 3700 655 3770 permisitque
679 3700 704 3755 ei
727 3705 757 3754 ct
774 3715 870 3756 seruos
888 3701 1048 3760 hereditatis
1066 3705 1266 3761 muunmitterc.
1303 3705 1355 3772 Qui
1373 3721 1408 3760 cx
1425 3710 1504 3776 purte
1521 3704 1602 3760 heros
1620 3704 1781 3760 instinctus
1800 3709 1847 3760 est
1862 3708 1960 3773 poncii

476 3801 511 3844 ex
529 3791 608 3858 purte
625 3787 678 3844 sub
695 3789 856 3846 condicione
874 3791 957 3862 solus,
979 3792 1063 3848 etism
1080 3793 1218 3862 pendente
1236 3793 1404 3864 condicione,
1423 3794 1446 3848 si
1464 3793 1563 3848 adierit
1580 3792 1790 3862 hereditatem,
1805 3794 1817 3860 n
1830 3803 1929 3846 exesse
1941 3789 1982 3840 tt!

476 3875 556 3932 heres
579 3877 643 3941 erit,
668 3877 735 3947 quie
757 3878 832 3934 solus
855 3877 935 3936 heres
958 3877 1068 3936 iuturus
1088 3887 1132 3938 est
1148 3881 1319 3952 omnimodo,
1342 3883 1394 3938 nisi
1411 3881 1513 3938 umeri
1530 3882 1559 3936 in
1576 3881 1816 3938 condicionalem
1834 3885 1929 3952 purtem

476 3963 664 4021 substitutum.
1791 3983 1793 3986 ¹

420 4049 459 4108 53
530 4051 625 4108 Gsrou
647 4051 716 4108 libro
739 4059 837 4122 qusrto
863 4054 970 4110 decimo
993 4055 1030 4111 sd
1051 4057 1142 4126 legem
1161 4057 1256 4114 iulium
1280 4063 1309 4113 et
1326 4059 1448 4128 Pspinm
1484 4059 1537 4125 Qui
1559 4073 1596 4114 ex
1619 4058 1744 4116 dusbm
1764 4050 1932 4144 Q
1944 4055 1969 4110 'i

476 4140 601 4211 pertibus
619 4141 698 4198 heres
716 4141 858 4198 institutus
876 4141 972 4213 inerit,
996 4159 1030 4200 ex
1049 4145 1104 4200 ciis
1120 4161 1203 4216 pure,
1221 4161 1257 4202 ex
1274 4147 1329 4202 siis
1345 4145 1397 4202 sub
1415 4146 1589 4217 condicione,
1608 4149 1660 4202 ct¹
1680 4163 1720 4204 ex
1739 4163 1819 4218 purs
1835 4149 1932 4204 instim-

477 4229 552 4286 tioue
576 4229 675 4286 odierit
695 4234 725 4286 et
747 4231 897 4286 decesserit
913 4237 1066 4303 ponesque
1083 4235 1209 4290 condicio
1226 4235 1375 4304 exstiterit,
1397 4249 1433 4290 cc
1448 4249 1558 4304 quoquc
1576 4251 1647 4305 psus
1667 4237 1707 4292 sd
1727 4237 1868 4296 heredem
1883 4237 1963 4292 emo

445 4318 604 4388 lperiinot
641 4317 693 4384 Qui
717 4319 801 4374 wmcl
825 4319 917 4390 ulique
939 4335 974 4376 ex
996 4325 1074 4392 perte
1092 4321 1172 4378 heres
1193 4323 1311 4393 exstitit,
1336 4321 1518 4378 deficientium
1537 4329 1637 4394 partes
1657 4327 1753 4383 etism
1773 4327 1880 4384 innitm
1895 4341 1932 4380 ex·
2010 4330 2011 4393 g

476 4405 552 4476 cipit,
570 4405 599 4461 id
618 4411 662 4461 est
678 4407 762 4462 tscite
779 4407 807 4462 oi
823 4405 1009 4465 deficientium
1027 4415 1120 4480 psrtes
1138 4411 1221 4466 etism
1239 4411 1345 4468 inuito⁸
1363 4411 1536 4467 adoreneum.

476 4509 599 4578 NWD,
618 4519 662 4583 qui
680 4513 767 4583 deficit
783 4533 800 4568 a
818 4534 843 4568 ο.
856 4513 898 4579 13,
918 4515 1026 4585 Quid)

479 4652 673 4721 ²propteres?
743 4654 811 4726 ’etl
830 4653 875 4710 sii
945 4657 1058 4712 ⁸etium
1076 4657 1164 4714 inuito
1182 4659 1229 4713 det

479 4792 677 4862 lreoipersuit
693 4795 730 4847 5¹
783 4793 985 4852 iheroditstet
1001 4799 1027 4850 F
1075 4798 1108 4853 14
1125 4798 1170 4854 ilie
1223 4797 1281 4852 se't'
1299 4798 1336 4850 F*
1356 4801 1361 4864 1
1381 4797 1462 4865 sico]
1485 4797 1557 4856 abeo
1582 4802 1622 4854 F¹
1694 4807 1737 4864 43
1762 4804 1933 4866 iibro'tertic'

478 4859 584 4916 odiret⁴
601 4865 641 4916 Ρ
694 4866 729 4920 18
751 4863 875 4922 iu'e’rere
892 4867 932 4920 1⁸²
985 4869 1021 4922 20
1043 4875 1088 4924 est
1104 4869 1168 4940 nou]
1223 4869 1440 4938 quartodecimo
1453 4869 1490 4924 Ρ*
1530 4872 1569 4928 46
1582 4878 1815 4936 extstitcritli’
1853 4882 1933 4938 steu-

478 4937 595 4987 nonest
612 4935 648 4986 F·
691 4935 727 4990 24
744 4937 919 4993 enremsticis
933 4939 961 4991 F
999 4939 1035 4994 34
1052 4938 1171 5010 obliges·
1223 4940 1303 5008 stitit]
1323 4940 1370 5006 F’,
1388 4939 1527 4998 extit‘er'it
1543 4939 1597 4998 1Μ
2011 4974 2013 4983 <
