3570 5362
115 204 353 254 mensurnas
784 178 870 259 315
1415 183 1446 252 ll
1466 185 1486 250 2
1505 189 1540 250 25

69 355 97 400 lt
114 349 157 414 et,
180 344 220 400 si¹
239 357 294 400 nou
310 347 465 414 praestetur
481 343 541 412 nia,
559 356 609 414 pro
626 346 705 413 perte
721 341 885 398 hereditaria
901 341 1153 400 condemnationem
1169 341 1230 398 fieri
1247 337 1362 414 oportet
1398 340 1500 398 eonon
1516 341 1541 398 si

114 434 264 504 punisset
286 432 349 488 uiae
366 431 514 488 decmeerit
529 430 652 502 pluribus
669 431 815 490 heredibus
832 432 974 502 institutis,
998 447 1049 488 nec
1066 432 1196 488 diuiditur
1213 431 1342 502 obligatio
1359 446 1411 488 nec
1428 429 1540 486 dubium

115 527 160 578 est
176 523 244 592 quin
261 521 354 590 duret,
372 521 499 592 quoniam
517 521 592 597 uiam
610 521 766 591 promittere
783 525 813 576 et
829 521 853 576 ia
870 525 976 590 potest,
993 521 1040 590 qui
1057 519 1170 576 fundum
1189 533 1243 578 uun
1260 520 1351 578 hahet
1376 520 1460 590 igitur
1476 519 1544 589 qua

115 611 217 680 unguii
239 611 267 666 iu
290 608 408 666 solidum
429 614 569 679 tenentur,
592 607 682 666 officie
700 610 797 666 iudicis
814 611 955 666 cautiones
973 609 1105 679 interponi
1119 608 1234 680 dehere,
1258 613 1302 678 ut,
1326 609 1350 664 si
1367 609 1428 678 quis
1445 603 1487 664 e'r.
1498 607 1543 664 his

69 711 96 756 ιι
115 703 269 754 conuentus
286 700 341 754 litis
360 699 575 754 aestimationem
593 699 767 768 praestiterit,
785 697 813 754 id
830 713 879 768 pro
897 703 974 768 parte
992 713 1010 754 a
1027 699 1124 754 comis
1141 703 1330 768 cmseqneurr.
1357 697 1433 752 idem
1449 697 1540 754 diceu-
1558 703 1572 750 t

69 799 98 844 ιι
115 787 183 842 dum
207 793 250 844 est
273 791 302 842 et
323 787 347 844 ai
370 793 485 844 testatm
504 788 578 842 mem
596 787 736 856 legauerit
771 787 804 843 ln
821 775 868 844 ills
884 801 994 856 quoquo
1011 785 1418 856 stipulatieueproepicieudum
1436 790 1479 842 est
1496 800 1540 841 co-
1656 835 1660 844 ,

115 875 277 946 heredibus,
296 877 320 932 si
337 867 454 932 testator
470 876 633 947 promiserat
651 875 746 946 ‘nequo
763 887 812 946 per
829 891 860 930 ee
878 890 967 945 neque
984 889 1033 944 per
1049 874 1176 932 hermem
1193 889 1273 930 suum
1291 873 1361 944 heri,
1379 889 1434 944 que
1451 875 1542 930 mines

115 963 163 1019 'ire
181 978 265 1032 agere
282 963 386 1034 poseit',
403 965 531 1034 quoniam
545 980 600 1020 unc
611 964 771 1036 prohibente
782 965 811 1019 iu
823 963 938 1020 solidum
951 963 1126 1018 committitur
1137 963 1283 1034 stipulatio,
1301 963 1427 1018 nennius
1438 961 1542 1020 sectum

70 1065 97 1110 ra
115 1053 216 1108 ceteris
236 1051 397 1108 damnosum
415 1053 459 1108 sit
494 1052 571 1108 Idem
589 1053 656 1110 iuria
674 1059 717 1109 cst
733 1054 762 1110 ln
779 1053 896 1124 pecunia
912 1051 1047 1122 promissa
1064 1068 1081 1106 e
1097 1055 1241 1121 testatore,
1264 1052 1288 1108 si
1305 1049 1357 1120 snb
1374 1066 1464 1122 peona
1480 1065 1541 1121 pro

116 1141 201 1196 missa
221 1141 271 1196 sit:
295 1157 358 1196 uam
375 1141 441 1197 licet
457 1141 525 1198 haee
543 1141 673 1211 obligatio
692 1140 829 1198 diuidatur
846 1155 896 1210 per
912 1141 1001 1210 legem
1019 1139 1162 1200 duodecim
1179 1140 1345 1210 tabularum,
1368 1144 1461 1196 tamen
1477 1139 1545 1209 quia
1561 1151 1589 1192 ιο

115 1229 230 1286 nihilum
247 1229 361 1300 prodest
377 1230 412 1286 ed
430 1245 546 1300 poenam
564 1231 720 1286 euitandam
733 1234 839 1300 partem
851 1245 929 1286 auam
941 1231 1054 1300 soluere,
1073 1231 1132 1286 elue
1143 1231 1262 1286 nondum
1273 1229 1363 1284 soluta
1374 1233 1417 1284 eet
1427 1228 1544 1298 pecunia

115 1333 168 1374 uec
186 1317 246 1374 dies
264 1319 347 1388 uenit,
365 1319 585 1390 prospiciendum
603 1324 646 1376 est
659 1321 882 1390 perorationem,
900 1322 932 1374 ut
943 1318 978 1374 de
989 1319 1167 1376 indemnitate
1178 1321 1276 1374 caecat
1286 1331 1427 1388 perquem
1439 1315 1543 1374 factum

115 1403 207 1476 fuerit,
229 1421 264 1462 ue
282 1409 370 1464 omnis
387 1408 504 1478 pecunia
520 1409 679 1478 solueretur,
698 1411 746 1462 ant
763 1412 794 1461 ut
811 1411 909 1462 caecat
926 1423 956 1464 se
974 1408 1000 1463 ei
1017 1408 1064 1478 qui
1081 1407 1196 1464 solidum
1213 1407 1327 1462 soluerit
1343 1411 1447 1477 partem
1464 1421 1541 1475 prae-

115 1499 267 1552 staturum:
284 1497 344 1554 siue
361 1497 466 1552 etiam²
481 1497 650 1558 soluitmuus
662 1497 818 1552 uniuersam
829 1495 972 1566 pecuniam
984 1512 1065 1566 quam
1077 1495 1222 1552 defunctus
1233 1495 1390 1566 promittit³,
1408 1510 1443 1552 ue
1454 1510 1543 1566 poena

73 1597 99 1644 le
116 1584 341 1654 committeretur,
358 1583 477 1640 familiae
495 1585 671 1642 erciscundae
688 1585 789 1640 iudicio
806 1601 824 1640 a
841 1584 1020 1642 coheredibus
1038 1590 1129 1656 partes
1141 1585 1260 1654 recipere
1271 1585 1379 1654 poterit
1405 1583 1481 1640 Idem
1494 1583 1541 1641 oh·
1561 1593 1589 1636 ιι

116 1679 244 1730 seruatur
265 1674 294 1728 in
315 1675 484 1744 pignoffius
497 1675 616 1732 luendis:
639 1689 703 1730 nam
725 1674 778 1732 uisi
801 1675 958 1730 uniuersum
980 1674 1054 1744 quod
1072 1673 1187 1730 debetur
1203 1673 1345 1742 offeratur,
1367 1673 1427 1728 iure
1442 1672 1542 1743 pignus

73 1775 99 1822 re
116 1762 236 1818 creditor
259 1762 378 1818 uendere
401 1769 500 1834 potest
537 1762 567 1820 Si
590 1779 661 1818 uuus
684 1777 719 1818 ex
743 1761 921 1820 coheredibus
934 1763 1029 1840 morah
1045 1763 1145 1820 indicio
1162 1775 1272 1818 murrum
1289 1761 1479 1818 hereditarium
1496 1761 1544 1818 de·

116 1851 238 1908 ienderit
254 1855 283 1906 et
300 1851 355 1906 litis
374 1853 589 1908 aestimationem
608 1851 746 1922 optulerit,
765 1866 828 1906 curu
846 1849 898 1907 hoc
912 1851 1068 1922 expediret,
1086 1851 1115 1907 id
1132 1866 1181 1922 pro
1198 1856 1276 1920 parte
1293 1849 1345 1906 hoc
1362 1850 1463 1906 indicio
1480 1865 1543 1928 con7

116 1944 259 2010 sequier.
286 1939 358 1995 idem
377 1947 466 1996 estet
483 1943 506 1996 si
525 1957 594 1998 unus
612 1941 764 2010 legatorum
782 1940 890 1996 nomine
908 1941 1019 2010 canerit,
1037 1955 1072 1996 ne
1089 1941 1117 1996 in
1135 1939 1334 2010 possessiouem
1346 1940 1542 1996 mitterentur‘.

116 2035 145 2084 et
162 2030 276 2084 omuino
293 2043 365 2098 quae
382 2044 432 2099 pro
449 2034 527 2099 parte
545 2030 668 2100 expediri
685 2045 739 2084 unu
757 2033 873 2099 possunt
884 2029 908 2084 si
919 2045 990 2086 uuus
1002 2034 1119 2099 cogente
1130 2027 1407 2099 necessitate-iecerit,
1425 2026 1543 2084 familiae
1561 2036 1589 2078 ιι

76 2129 99 2176 le
115 2118 296 2174 erciscundae
313 2119 414 2174 iudicio
432 2120 508 2174 locus
526 2125 577 2178 est.
604 2118 665 2176 Non
682 2123 788 2174 tautum
806 2117 907 2187 dolum,
925 2117 974 2174 sed
992 2124 1021 2174 et
1031 2119 1138 2188 orslpam
1151 2119 1179 2174 iu
1190 2133 1220 2174 re
1231 2116 1544 2188 hereditarispreeetare

116 2206 203 2262 dehet
220 2206 340 2278 coheres,
358 2209 487 2278 quonism
505 2224 568 2264 oum
586 2207 719 2264 coherede
737 2221 791 2264 uon
810 2207 1000 2276 contrahimus,
1019 2206 1070 2262 sed
1087 2207 1231 2262 incidimus
1248 2207 1276 2262 hl
1291 2221 1367 2262 euru:
1385 2222 1441 2262 uon
1451 2210 1545 2266 umen

116 2295 289 2366 diligentiam
306 2301 447 2366 praestare
464 2296 555 2366 dehet,
573 2297 680 2367 qualem
699 2296 815 2366 diligem
832 2301 910 2366 pater
927 2294 1052 2364 familias,
1070 2295 1198 2365 qnoniam
1215 2294 1259 2352 hic
1272 2299 1383 2366 propter
1394 2311 1471 2352 suam
1483 2311 1544 2366 par·

116 2389 175 2442 mm
200 2400 311 2441 musam
334 2385 430 2442 habuit
450 2385 564 2456 gerelmi
586 2391 615 2440 et
636 2385 699 2442 ideo
722 2385 892 2456 negotiorum
915 2390 1055 2456 gestorum
1073 2384 1190 2440 machin
1207 2385 1438 2454 noncompetit‘:
1461 2385 1544 2440 talem

116 2474 204 2544 igitur
221 2473 389 2544 diligentiam
406 2479 547 2545 praestare
565 2473 655 2544 dehet,
671 2475 781 2544 queem
799 2475 827 2531 iu
845 2474 903 2530 suls
919 2473 1010 2530 rebus.
1037 2472 1133 2530 eadem
1151 2479 1223 2543 sunt,
1242 2474 1265 2530 si
1279 2472 1386 2530 duobus
1398 2488 1442 2530 res
1453 2473 1545 2544 legate
1562 2479 1591 2522 ιδ

75 2571 98 2618 ιι
116 2563 168 2620 sit:
187 2579 252 2618 uam
270 2569 298 2618 et
315 2563 365 2618 hos
383 2563 524 2630 coniunxit
540 2562 577 2618 ad
594 2563 753 2620 sodetatem
770 2578 825 2622 non
842 2577 1000 2633 cousensus,
1018 2562 1068 2618 sed
1083 2575 1138 2620 res.
1165 2561 1195 2620 Si
1213 2563 1315 2618 incerto
1333 2561 1441 2619 homine
1452 2563 1545 2634 legato

115 2658 147 2709 et
168 2657 269 2723 postea
285 2653 296 2723 Ι
315 2650 445 2708 deiunmo
466 2651 600 2722 legatario
622 2651 720 2722 ahquis
742 2667 777 2708 ex
800 2651 945 2711 heredibus
965 2652 1091 2722 haemmi
1109 2667 1164 2708 uon
1180 2651 1375 2708 museudcndo
1392 2651 1545 2722 impedierit
1560 2653 1633 2704 tres

115 2742 250 2812 legsmm,
267 2741 292 2798 is
309 2742 356 2810 qui
373 2740 488 2812 impedit
505 2740 556 2797 hoc
574 2739 674 2798 indicio
692 2742 790 2798 ceteris
808 2742 903 2812 quanti
919 2741 1025 2796 intersit
1043 2755 1136 2798 eorum
1154 2740 1335 2800 damnabitur.
1360 2741 1434 2798 idem
1451 2745 1502 2812 est,
1521 2741 1545 2798 si

115 2847 134 2888 e
152 2830 290 2886 corberio
306 2845 379 2886 uuus
398 2845 433 2888 ex
449 2828 603 2899 heredibus,
621 2845 640 2884 a
656 2828 755 2900 quihus
772 2829 935 2900 generaliter
952 2829 1033 2886 homo
1050 2831 1158 2900 legatus
1175 2835 1219 2886 est
1235 2845 1317 2899 quem
1333 2831 1387 2902 ipsi
1404 2831 1544 2902 elegerint,

115 2919 239 2977 uoluerit
255 2920 417 2990 οοιιοοιιῆιο,
435 2924 467 2976 nt
484 2922 638 2990 praestetur
656 2933 737 2988 quem
756 2919 826 2976 solui
842 2917 969 2976 omnihus
987 2917 1158 2989 expediebat,
1177 2924 1206 2976 et
1222 2919 1284 2976 ideo
1301 2919 1428 2976 conuerti
1442 2919 1544 2990 alega-
1563 2923 1592 2966 ⁸⁰

66 3017 96 3068 re
114 3009 190 3066 tario
208 3007 309 3064 iudicio
326 3008 420 3079 pluris,
430 3008 552 3064 damuati
565 3005 678 3064 inerint
704 3008 774 3064 Item
792 3008 889 3078 culpae
906 3009 1018 3064 nomine
1031 3012 1147 3079 teneam,
1166 3009 1220 3079 qui,
1239 3023 1304 3066 cum
1320 3013 1384 3064 auto
1400 3008 1469 3064 elios
1484 3007 1544 3079 ipse

115 3097 227 3154 adimet
248 3095 443 3166 hereditatem,
465 3097 612 3153 seruitutes
630 3097 749 3167 praediis
767 3096 936 3154 hereditariis
954 3096 1061 3154 debitas
1077 3111 1176 3166 parem
1194 3103 1238 3154 est
1254 3113 1310 3154 nou
1326 3097 1428 3154 utendo
1447 3095 1544 3154 amith'.

66 3197 97 3246 re
115 3187 149 3244 Si
167 3185 241 3242 iiiios
260 3201 322 3242 cum
339 3191 445 3256 petrem
463 3183 622 3242 defenderet
638 3185 834 3242 condemnatus
852 3183 965 3242 soluerit
981 3187 1026 3242 uel
1043 3187 1108 3242 uiuo
1126 3201 1159 3242 eo
1176 3187 1222 3243 uel
1238 3191 1303 3258 post
1313 3190 1436 3256 mortem,
1453 3188 1546 3257 potest

65 3285 98 3334 to
115 3275 237 3346 sequius
254 3275 308 3330 dici
325 3274 426 3332 habere
438 3275 622 3345 ιοοιίιίοιιοιοο
639 3289 657 3330 a
674 3273 807 3332 coherede
825 3275 853 3332 iu
870 3273 988 3332 nmium
1007 3274 1181 3334 erciscundae
1194 3275 1303 3332 iudicio.
1330 3275 1416 3332 ludex
1427 3273 1545 3332 familiae

116 3372 310 3443 F[P(VLU)]

118 3499 128 3533 ¹
149 3503 179 3552 et
196 3495 230 3565 er]
249 3495 299 3551 sed
316 3493 361 3550 ei?
416 3495 428 3530 ¹
446 3493 604 3565 etiam1iam
618 3489 720 3562 (Helii
776 3495 924 3568 ⁸promisit
935 3493 1032 3562 (cdiii
1090 3497 1263 3552 ‘mitteretur
1275 3499 1310 3564 (ιι.
1322 3495 1370 3564 i.)i
1436 3495 1545 3552 ⁵Grae

118 3588 165 3626 erss
177 3575 302 3639 interpres
320 3565 364 3636 (τὸ
375 3566 484 3638 hadrec)
501 3575 539 3622 sic
550 3570 612 3643 sm
627 3575 712 3632 nertii,
730 3575 805 3640 prasi
822 3573 899 3622 saed:
916 3581 974 3622 nou
986 3571 1092 3622 tautum
1106 3567 1207 3635 dolum,
1225 3567 1274 3624 sed
1286 3573 1314 3623 et
1325 3567 1432 3637 culpam
1444 3569 1472 3623 ln
1484 3583 1505 3622 r.
1518 3567 1545 3623 h.

117 3643 262 3712 praestare
280 3637 364 3694 dehet
379 3637 505 3694 coheres:
523 3638 651 3707 quoniam
668 3643 762 3694 tamen
775 3653 841 3692 cum
859 3637 992 3694 coherede
1008 3653 1064 3694 neu
1081 3639 1272 3708 conuehimns,
1290 3639 1340 3694 sed
1357 3638 1500 3694 incidimus
1517 3639 1546 3694 in

119 3727 200 3779 eum,
219 3723 274 3766 uon
291 3709 374 3766 talem
392 3709 560 3778 diligentiam
577 3713 717 3779 praestare
734 3707 825 3778 dohet,
843 3711 951 3779 qualem
969 3709 1084 3779 diligens
1101 3716 1180 3780 pater
1197 3709 1325 3766 familias:
1343 3726 1405 3766 uam
1417 3711 1546 3780 quoniam

119 3783 164 3838 hio
181 3785 295 3853 propter
312 3797 390 3838 suam
407 3785 513 3850 partem
531 3795 641 3836 causam
659 3779 755 3836 hahuit
772 3781 897 3852 gerendi,
921 3781 982 3838 ideo
1005 3781 1175 3852 negotiorum
1193 3787 1331 3854 gestorum
1349 3782 1377 3838 in
1394 3796 1457 3837 cum
1475 3781 1546 3838 actio

119 3870 175 3910 nou
193 3853 339 3922 competit:
362 3871 427 3923 qaue
444 3867 596 3924 quamquam
618 3871 669 3906 nen
691 3859 840 3907 conueniunt
862 3873 917 3907 cum
940 3853 1020 3907 silere
1042 3861 1157 3922 aeraione
1175 3855 1305 3926 Anonymi
1321 3859 1471 3926 ueniantque
1492 3860 1546 3907 sins

120 3927 199 3981 dudio
218 3945 248 3979 es
267 3931 302 3978 inl
363 3931 469 3978 datione
488 3923 667 3987 mrcadcioria,
685 3931 769 3978 iumen
786 3924 822 3976 od
839 3943 869 3978 sa
887 3943 951 3996 φοοο
967 3931 1072 3997 scripsit
1092 3924 1215 3996 Ulpianus
1230 3933 1337 3998 propius
1355 3941 1431 3998 quem
1449 3925 1547 3978 tradito

120 3999 241 4052 uicimus
259 4014 317 4049 eece
334 4014 376 4048 ere
446 3995 458 4028 ⁸
475 3993 664 4063 repetitionem
683 3993 780 4062 (edum

120 4109 328 4178 dedomPV]
343 4107 504 4173 habentP·‚
521 4105 673 4163 haheatpl
709 4107 810 4163 huiam
865 4107 1548 4182 οοτοτὸιιλιιι-οτᾶριοιι,ῖιιιιὴιιεοιφθξιείοιιοιιὴιιΒ

181 4181 302 4254 prospic.
316 4185 359 4235 eat
376 4199 424 4234 cm.
437 4181 478 4234 P·
498 4181 503 4248 1
525 4177 713 4248 coheredibus]
732 4177 811 4234 cohe-
864 4181 898 4233 21
911 4175 989 4235 dolus
1002 4179 1051 4236 sed
1062 4182 1140 4236 etcul
1160 4181 1224 4236 aP·
1240 4183 1244 4250 Ι
1261 4196 1316 4236 rem
1327 4181 1489 4236 hereditario
1502 4177 1546 4244 F]

120 4253 178 4309 redi
197 4253 279 4308 huius
296 4251 375 4306 PLU
425 4251 626 4320 edampnosus
645 4249 684 4304 P⁰
705 4253 710 4319 Ι
730 4265 810 4320 pecu-
863 4265 921 4305 rem
943 4250 1107 4306 heredita-..-
1157 4263 1176 4318 ⁶,
1203 4267 1246 4308 res
1272 4251 1448 4308 hereditariae
1473 4247 1548 4316 Per,

119 4327 196 4381 niam
221 4323 383 4396 promissam
409 4321 450 4376 P·
521 4323 555 4376 10
581 4338 644 4376 uam
671 4340 717 4374 om.
743 4319 815 4376 ΡΨ
863 4335 907 4376 ree
931 4321 1093 4378 hereditaria
1113 4321 1141 4375 V
1189 4323 1223 4378 22
1247 4339 1307 4378 cum
1329 4323 1489 4378 coheredem
1507 4321 1547 4376 P·

121 4391 649 4462 11wluere'e'Flnondum1non'cum
666 4391 809 4466 Fiemffl:
863 4393 899 4446 25
909 4392 1017 4464 legatae
1029 4395 1083 4448 siut
1095 4393 1133 4446 Ρ·
1168 4393 1202 4450 26
1215 4393 1258 4464 ad]
1273 4401 1302 4449 at
1312 4395 1348 4448 F¹
1387 4395 1421 4448 27
1434 4407 1546 4448 consau-

119 4469 198 4523 asism
218 4467 249 4520 e'e
267 4465 411 4520 sarreriae
423 4463 461 4518 ri*
470 4465 546 4534 χρὲοι
564 4463 613 4518 ΒΗ
667 4464 701 4518 12
718 4468 809 4517 utem.
862 4463 973 4518 tiensP
1013 4463 1288 4534 28impeuditP·V]
1303 4463 1547 4536 sie'go'coutr.F²

119 4541 155 4594 Ρ
176 4541 182 4608 Ι
203 4539 238 4594 dc
256 4533 445 4604 indemnitate]
463 4533 687 4606 indempnitatem
704 4531 812 4589 P·?Vi
864 4535 1167 4604 30nolnerlntP⁰VUl
1183 4535 1337 4606 ideoJidcur
1351 4537 1390 4592 1²⁰
1428 4537 1463 4591 32
1476 4535 1547 4592 adie-

120 4611 153 4668 te
164 4609 300 4682 pecuniae
316 4608 488 4663 soluerentur
499 4605 571 4674 PV]
586 4613 618 4660 nt
629 4606 735 4676 caecat]
748 4620 811 4660 con-
863 4611 907 4660 set
917 4605 960 4661 'et'
972 4606 1027 4661 her.
1039 4607 1078 4660 F’
1121 4607 1156 4662 33
1168 4622 1201 4664 eo
1213 4627 1260 4660 om.
1271 4607 1309 4662 P·
1324 4610 1328 4676 Ι
1344 4607 1388 4664 uel
1402 4611 1466 4678 post
1478 4623 1546 4662 mor-

118 4685 218 4738 caneat
239 4681 271 4746 V,
295 4687 344 4734 inc.
365 4679 405 4732 P·
459 4678 493 4732 15
516 4677 700 4731 committetur
724 4677 780 4731 PV
803 4679 808 4744 Ι
863 4677 928 4746 tam]
951 4683 1014 4748 post
1035 4682 1185 4733 mortemue
1202 4675 1259 4734 Pr
1306 4679 1341 4734 34
1365 4695 1383 4735 a
1405 4677 1546 4750 coherede]

118 4755 204 4810 isdem
219 4753 261 4808 P·
315 4751 351 4806 lii
368 4747 484 4818 luendis]
497 4747 613 4802 F’PL'U
623 4768 679 4802 sam
692 4747 753 4802 RS:
771 4745 810 4803 ’eni
863 4763 925 4802 cum
943 4748 1042 4804 herede
1060 4750 1100 4803 P·
1115 4751 1119 4816 Ι
1134 4749 1233 4804 iudicio
1252 4769 1298 4805 om.
1311 4751 1350 4806 p.
1366 4752 1370 4818 Ι
1385 4749 1467 4806 iudex
1481 4749 1545 4806 iam.

118 4828 156 4894 τῷ
169 4826 289 4898 pinacem
303 4821 336 4878 τὸ
349 4819 438 4875 noraha
454 4817 585 4944 ὲιιᾞῑοιι,
604 4819 741 4874 soluendis
751 4819 808 4904 ‚m
863 4819 1039 4875 erciscundae
1062 4819 1127 4875 nihil
1151 4819 1242 4892 debet]
1264 4820 1330 4876 nihil
1350 4819 1433 4877 debet
1454 4820 1548 4889 (debet

118 4913 180 4954 uam
193 4895 261 4952 ‘ni'si
278 4894 317 4948 Ρ
332 4895 338 4962 Ι
355 4891 483 4947 oderetur
589 4891 622 4946 19
640 4903 811 4960 possessione
863 4909 911 4944 om.
925 4893 963 4958 V)
987 4889 1069 4946 iudex
1086 4891 1171 4962 PV‘i,
1189 4891 1254 4948 nihil
1277 4891 1359 4948 dehet
1382 4893 1464 4948 iudex
1481 4891 1545 4948 sam.

118 4969 193 5024 PVL
208 4971 214 5038 Ι
229 4963 416 5034 mactentur]
434 4963 586 5018 mitteretur
603 4963 677 5016 dett:
703 4959 809 5025 icoaai-
862 4961 1037 5019 erciscundae
1054 4963 1078 5017 L
