3584 5326
717 119 720 126 ’
742 156 843 224 mun

115 335 172 388 nors
188 339 278 386 omnes
299 329 334 386 ab
357 345 413 386 uuo
434 325 588 400 eodemque
606 331 756 400 exemplari
774 329 956 399 descendant,
979 329 1057 384 cuius
1076 330 1224 400 uestigium
1243 331 1456 401 deprehendisse
1475 333 1511 388 ad

119 433 222 490 uadum
239 451 330 492 nonum
347 434 521 492 adscendens
537 435 604 492 licet
621 436 657 491 sd
675 437 757 492 crisin
775 435 974 506 pandectarum
992 451 1098 506 parum,
1117 439 1210 492 temen
1229 437 1264 493 ad
1279 437 1432 493 studiorum
1445 437 1512 493 iuris

122 540 277 612 lusumque
296 541 438 598 historiam
462 542 565 612 aliquid
588 542 718 598 momenti
742 540 834 598 habet.
868 545 897 597 et
919 542 1021 598 adsunt
1044 557 1111 598 uere
1133 543 1269 612 quaedam
1297 543 1412 613 indicia,
1440 558 1511 613 quae

125 644 180 698 ulan
191 643 299 705 librorum
318 647 499 720 propaginem
517 663 573 704 non
591 647 748 704 euidentem
767 648 887 718 quidem,
906 649 1081 704 uerisimilem
1100 653 1193 704 umen
1212 649 1357 705 redduut¹.

161 749 182 805 ln
194 755 285 810 mnndi
302 754 407 810 ordinis
424 753 501 810 libris
518 754 670 811 tractandis
689 759 753 810 ante
770 753 863 811 omnia
880 754 933 811 hoc
951 754 1100 811 tenendum
1119 758 1163 810 est
1180 756 1208 810 in
1223 770 1335 811 censum
1349 770 1404 810 non
1417 755 1511 810 uenire
1553 763 1648 809 cedices

127 853 161 910 liti
172 859 343 930 totiquissimos
360 876 486 932 quosque
504 867 533 916 et
551 859 709 917 abiciendus
727 877 788 917 esse
806 876 862 917 non
881 861 969 917 solum
987 861 1062 933 typis
1080 861 1232 931 descriptos
1250 876 1345 918 omnes
1365 877 1426 917 cum
1442 861 1511 917 alios
1530 825 1673 933 ξὲἓθᾝζῖζζ

126 963 163 1016 tm
176 963 361 1024 llsloandrinum
380 971 416 1034 (a
431 967 523 1038 1529),
549 967 599 1024 sed
617 967 706 1023 etiam
720 968 826 1023 calamo
844 973 973 1024 exaratos
991 968 1172 1038 recentiores,
1194 973 1330 1037 quotquot
1347 972 1451 1024 extant.
1482 967 1511 1022 hi
1556 949 1648 994 ¹¹¹⁰ffl⁸³
1701 1023 1702 1026 ,

124 1066 170 1122 itio
187 1071 231 1129 libri
251 1081 304 1130 um
329 1073 424 1144 scripti
447 1089 529 1144 quam
553 1073 621 1130 editi
642 1074 682 1129 ita
699 1072 821 1143 pendent
839 1089 856 1128 a
874 1072 1024 1143 prioribus,
1049 1079 1080 1128 ut
1097 1073 1232 1144 quidquid
1249 1073 1388 1145 proprium
1407 1072 1511 1129 babent

121 1171 244 1236 munim
260 1187 297 1236 srt
319 1185 369 1236 aut
391 1181 525 1251 repetitae
545 1180 654 1236 interim
672 1180 821 1235 Florentini
844 1179 947 1235 codicis
969 1179 1080 1235 lectioni
1104 1181 1193 1244 (cuius
1217 1181 1326 1250 generis
1350 1181 1509 1250 praesertim

119 1290 141 1332 tt
154 1289 210 1357 unt,
229 1301 297 1358 quse
325 1287 499 1358 reperiuntur
524 1286 644 1357 primum
672 1287 700 1342 in
727 1285 897 1356 marginibus
920 1285 1051 1342 librorum
1078 1287 1219 1342 meliorum
1247 1268 1345 1356 postea
1371 1285 1511 1356 adscripta

117 1381 284 1450 ittarsl'bma’
295 1394 401 1464 passim
419 1393 505 1449 citata
522 1392 692 1462 nominatim,
711 1392 811 1448 deinde
829 1393 857 1447 in
875 1392 999 1448 ordinem
1018 1392 1164 1448 uerborum
1182 1397 1294 1462 recepta
1306 1393 1334 1447 in
1346 1391 1422 1448 libris
1435 1392 1510 1448 dete-

114 1489 204 1569 ortu,
223 1499 386 1570 deprompta
407 1514 442 1555 ex
460 1497 522 1554 libri
539 1499 690 1554 Florentini
712 1498 946 1568 recognitionibus
969 1503 1033 1569 post
1056 1498 1205 1555 stabilitam
1229 1499 1401 1568 aliquatenus
1419 1499 1510 1569 pristi-

113 1611 156 1656 Wt
168 1601 292 1663 loctiomm
310 1606 513 1662 Bononiensem
532 1605 675 1672 institutis)
694 1609 742 1660 aut
761 1605 844 1661 errori
864 1604 966 1660 librarii
985 1611 1046 1675 aut,
1065 1605 1089 1661 ai
1107 1605 1218 1674 quando
1236 1605 1373 1676 propriam
1393 1619 1509 1674 eamque

111 1703 235 1771 mistiam
258 1713 600 1783 lectionemproponunt,
623 1711 808 1768 emendationi
827 1715 857 1766 et
874 1711 1079 1767 coniecturae¹r
1103 1727 1173 1782 quas
1191 1712 1363 1767 coniecturas
1382 1711 1509 1780 antiquas

111 1806 144 1866 ibi
155 1814 175 1871 is
188 1818 246 1875 libro
263 1820 368 1890 scripto
387 1817 504 1888 offendi,
522 1817 599 1874 libris
618 1816 800 1874 deterioribus
819 1819 900 1885 (dett.)
918 1823 1047 1888 acceptas
1065 1818 1129 1888 tuli,
1148 1817 1196 1872 ubi
1214 1818 1242 1872 in
1260 1817 1329 1874 libro
1348 1817 1431 1888 edito,
1451 1817 1508 1872 edi·

110 1914 195 1980 butu
209 1927 292 1994 (edd).
327 1925 386 1982 scio
408 1925 482 1996 apud
500 1925 567 1981 iuris
589 1902 753 1995 prudentes,
778 1939 894 1994 quorum
919 1924 1001 1980 hodie
1020 1924 1169 1980 auctoritas
1187 1922 1302 1994 obtinet,
1321 1924 1380 1978 eius
1399 1923 1509 1993 generis

85 2018 280 2088 lhrsnuifice
298 2032 403 2103 suspici
426 2046 544 2102 eumque
566 2031 744 2102 prudentem,
767 2031 814 2101 qui
836 2029 1004 2100 philologum
1027 2034 1106 2100 agat,
1130 2045 1180 2100 pro
1203 2018 1265 2086 loco
1288 2029 1437 2086 obtinendo
1461 2029 1509 2085 de·

110 2139 220 2194 nomem
238 2139 328 2196 solere
352 2138 505 2208 inspexisse
529 2153 560 2193 se
584 2138 689 2208 aliquot
711 2136 852 2193 uolumina
870 2137 975 2192 Bartoli
997 2141 1027 2192 et
1043 2135 1123 2192 Baldi
1147 2137 1312 2206 elegantiam
1335 2135 1507 2206 resipientia:

110 2247 170 2306 usqu„
183 2250 266 2300 tamen
284 2243 359 2316 apud
377 2259 543 2315 quemquam
567 2258 661 2300 eorum
680 2245 862 2315 explanatum
886 2243 957 2312 uidi,
980 2257 1029 2297 cur
1053 2242 1148 2298 audire
1173 2243 1269 2298 malint
1292 2243 1340 2312 qui
1360 2245 1509 2298 exararunt

109 2343 169 2406 pain
184 2351 245 2408 istas
268 2351 459 2408 Bononienses
481 2350 582 2421 quique
606 2350 706 2406 deinde
729 2365 777 2405 eas
800 2349 890 2420 petias
914 2349 1066 2421 typothetis
1090 2349 1274 2419 tradiderunt,
1303 2364 1385 2420 quam
1408 2348 1506 2404 librum

109 2458 146 2504 ¹¹⁰ss
157 2451 204 2513 lico
219 2458 421 2528 Florentinum,
445 2463 475 2512 at
498 2461 572 2513 certe
589 2457 743 2513 Parisinum
762 2457 962 2512 Uaticanumue
982 2455 1089 2512 Ueteris
1113 2455 1215 2526 digesti
1238 2455 1347 2512 duobus
1365 2454 1507 2511 minimum

109 2561 189 2618 sunl.
208 2565 382 2620 uetustiores.
416 2577 468 2619 uec
491 2563 580 2634 magis
603 2564 686 2620 ullam
710 2563 854 2620 lectionem
874 2563 947 2634 apud
966 2563 1134 2633 antiquiores
1152 2567 1279 2618 auctores
1298 2577 1353 2618 non
1370 2565 1507 2632 repertam

109 2656 183 2724 slsum
202 2670 256 2726 uidi
279 2671 340 2726 siue
362 2684 398 2725 ex
420 2668 489 2726 libro
512 2670 615 2740 scripto
642 2685 704 2726 cnm
726 2672 821 2741 glossa
848 2669 986 2726 ordinaria
1012 2670 1071 2725 siue
1099 2685 1134 2725 ex
1158 2667 1374 2738 Koburgerianis
1401 2668 1454 2723 illis
1479 2671 1509 2722 et

109 2759 235 2832 loscensis
252 2781 282 2833 et
298 2776 518 2846 ngaaaouisuis
541 2775 707 2833 editionibus
730 2778 775 2832 uel
797 2775 867 2832 adeo
891 2791 927 2832 ex
951 2776 1012 2846 ipso
1029 2775 1201 2846 Halosndro,
1224 2791 1307 2845 quam
1330 2789 1386 2831 non
1403 2771 1507 2830 reseras

109 2865 157 2931 5²2¹
171 2888 290 2954 mutaque
312 2882 419 2940 ratione
442 2888 491 2938 aut
514 2882 550 2938 ad
573 2897 692 2939 errorem
716 2883 818 2938 librarii
839 2883 988 2939 editorisue
1011 2882 1113 2938 autad
1131 2881 1359 2938 emendationem.
1391 2880 1507 2950 quodsi

109 2979 139 3044 lli
153 2983 329 3058 improbabunt
351 2993 381 3045 et
403 2989 539 3045 eiusmodi
562 2989 707 3046 lectionem
732 3004 766 3044 ex
789 2988 939 3060 archetypo
957 2989 1051 3045 nescio
1069 3005 1125 3060 quo
1142 2989 1250 3044 iuterim
1269 2991 1378 3059 reperto
1396 2993 1425 3043 et
1442 3001 1507 3042 mox

107 3079 173 3148 iem
186 3095 325 3167 deperdito
343 3093 482 3166 proticisci
499 3095 674 3166 iudicabunt,
693 3109 787 3151 eorum
805 3101 849 3151 est
867 3097 1033 3152 contrarium
1054 3095 1153 3151 docere
1174 3101 1203 3151 et
1225 3095 1426 3164 demonstrare,
1445 3093 1506 3164 quis

106 3203 129 3246 ⁸¹
144 3195 237 3258 libeliis
260 3201 450 3258 editoribusue
474 3202 528 3258 illis
552 3202 674 3258 codicem
699 3207 798 3258 nactus
824 3202 860 3257 sit
883 3202 918 3258 ab
942 3203 975 3258 iis
999 3201 1100 3272 quibus
1126 3201 1216 3256 adhue
1240 3201 1343 3256 utimur
1366 3199 1506 3255 diuersum

103 3297 187 3374 'ilique
212 3308 382 3381 digestorum
411 3307 497 3364 uerba
526 3308 686 3364 emendarit
726 3308 777 3363 sed
807 3314 900 3364 temen
930 3323 965 3365 ne
994 3309 1107 3364 nimium
1138 3307 1289 3379 sumpsisse
1320 3306 1387 3362 mihi
1410 3306 1507 3362 uidear

99 3403 195 3474 (form
215 3416 304 3486 enim,
327 3429 363 3471 ex
387 3430 443 3486 quo
466 3415 532 3470 iuris
557 3415 744 3472 consultorum
766 3419 858 3470 castra
875 3414 985 3471 deserui
1004 3421 1033 3470 et
1050 3415 1153 3475 contuli
1171 3429 1214 3470 me
1232 3413 1269 3469 ad
1286 3413 1440 3484 philologos
1458 3412 1506 3469 ho·

94 3515 162 3574 uilia
175 3523 337 3593 suspiciosos
355 3527 385 3577 st
400 3520 532 3578 librorum
551 3521 721 3578 uouioiorum
740 3521 821 3577 hodie
839 3519 897 3577 iero
915 3525 1127 3592 contemptores,
1146 3520 1275 3576 inhabilis
1292 3517 1382 3576 iactus
1396 3535 1456 3575 sum
1469 3519 1516 3575 ad'

89 3621 155 3679 istius
168 3629 269 3698 generis
287 3626 433 3684 thesamm
450 3631 526 3684 reete
543 3628 750 3698 aestimandos),
768 3628 797 3682 in
815 3627 1012 3684 additamentis
1030 3628 1187 3699 speciminis
1200 3643 1284 3684 causa
1295 3627 1400 3682 uariam
1412 3627 1505 3682 lectio·

83 3743 140 3786 nem
155 3732 256 3790 erhilrui
273 3739 434 3805 excerptam
452 3749 487 3790 ex
506 3734 641 3790 eiusmodi
659 3735 769 3804 generis
786 3733 863 3790 libris
881 3735 993 3806 aliquot,
1011 3735 1059 3806 qui
1077 3733 1149 3791 sorte
1166 3733 1202 3789 ad
1221 3749 1319 3789 manus
1336 3731 1455 3802 fuerunt,
1473 3736 1506 3788 ut

78 3835 139 3893 inde
157 3843 296 3908 appareret
318 3839 385 3895 nihil
408 3841 437 3895 in
460 3841 493 3896 iis
517 3841 630 3911 reperiri
653 3840 728 3911 quod
749 3844 778 3897 et
795 3841 936 3911 proprium
954 3845 984 3898 et
1001 3840 1103 3897 bonum
1121 3841 1172 3912 sit,
1197 3839 1384 3896 Halosndrum
1403 3845 1504 3910 autem,

72 3943 122 4016 qni
138 3945 223 4002 nescio
240 3945 380 4016 quomodo
398 3946 509 4017 saepius
527 3947 628 4003 citatur
646 3963 729 4018 quam
748 3947 844 4017 reliqui
863 3947 982 4004 editores
1001 3948 1107 4019 antiqui
1124 3946 1228 4018 pariter
1239 3947 1357 4016 inutiles,
1377 3961 1432 4001 non
1443 3961 1505 4017 pro·

67 4051 192 4124 posuiase
212 4053 265 4108 nisi
286 4053 433 4108 lectionem
456 4053 597 4124 uulgatam
621 4053 714 4110 multis
734 4054 802 4110 locis
819 4059 894 4109 recte
913 4053 1086 4110 emendatam
1105 4053 1141 4110 ad
1159 4053 1358 4122 Florentinum,
1382 4051 1506 4122 plurimis

65 4161 160 4216 moen
182 4160 338 4214 coniectura
359 4173 448 4229 eaque
470 4160 631 4230 plerumque
651 4161 810 4231 temeraria,
833 4176 895 4217 raro
913 4159 995 4217 felici.
1028 4164 1190 4232 apparatum
1209 4157 1369 4214 itafactum
1388 4158 1505 4214 dedier

62 4263 175 4335 digesto
191 4263 291 4322 Uetere
308 4265 345 4320 ad
362 4267 390 4336 5,
401 4266 482 4320 3-6
500 4265 528 4320 iu
547 4267 628 4322 uoll
646 4265 710 4323 add.
722 4267 763 4322 111
780 4268 998 4338 (p.1u*-34’):
1017 4282 1052 4322 cr
1070 4264 1214 4323 lniortiato
1232 4265 1269 4321 sd
1286 4265 1360 4335 28‚2
1378 4265 1406 4320 in
1425 4265 1505 4320 uol.I

119 4457 190 4510 ¹812
206 4459 232 4520 4,
247 4458 279 4510 17
296 4460 420 4530 promF,
444 4467 473 4514 ut
494 4459 611 4515 RPVU:
637 4463 695 4524 8,3
719 4461 872 4534 oppiuml}
896 4471 920 4518 si
943 4471 1048 4535 oppium
1073 4461 1160 4516 RPU:
1187 4461 1227 4524 10,
1246 4462 1281 4512 24
1303 4468 1437 4532 rescripsit
1461 4461 1505 4524 F²‚

57 4545 195 4618 rapodo
212 4545 258 4612 Ρ,
273 4554 380 4618 scripsit
396 4547 512 4602 RPVU:
534 4550 605 4612 ll,4
623 4549 664 4604 bic
681 4551 707 4614 F,
726 4559 749 4604 is
768 4558 791 4606 et
807 4551 920 4606 RPVU.
948 4561 1034 4603 conus
1056 4553 1096 4614 ll,
1112 4551 1144 4602 19
1163 4551 1280 4605 cohereis
1292 4548 1399 4603 RPVU
1412 4551 1505 4616 (neque

57 4636 138 4690 a&
153 4633 218 4686 liber
234 4635 368 4702 Papieueis
386 4636 593 4704 [langobardicas
611 4656 678 4690 mon.
691 4639 776 4691 Germ.
790 4639 841 4690 LL.
856 4639 892 4690 1v
911 4657 936 4706 p.
949 4640 1012 4705 291)
1035 4657 1082 4705 pru
1102 4645 1222 4694 coasilio
1240 4638 1265 4690 F
1279 4638 1402 4704 proficisci
1421 4647 1505 4704 potest

56 4741 93 4780 ex
111 4723 316 4792 mutilatione
333 4733 459 4792 corrupta
486 4726 527 4778 bis
545 4726 642 4779 addent
659 4728 737 4779 uerba
756 4735 839 4782 aulem
856 4731 980 4799 sulpicius
998 4727 1054 4789 9,8
1072 4735 1099 4779 et
1117 4735 1162 4799 qui
1181 4729 1221 4789 10,
1234 4727 1278 4789 22,
1297 4727 1339 4793 qui
1351 4744 1383 4778 aa
1396 4727 1504 4777 deriuari

56 4829 93 4868 π
111 4811 253 4882 estam
269 4815 400 4882 negabunt
417 4815 453 4882 (u.
473 4833 499 4881 p.
511 4814 582 4867 uxll
600 4834 626 4868 n.
642 4818 676 4882 1).
783 4816 795 4850 ²
817 4817 856 4869 Ita
875 4817 908 4880 11,
921 4816 982 4878 741,
998 4815 1034 4868 28
1051 4833 1113 4868 uera
1130 4817 1273 4869 coniectura
1292 4815 1439 4882 proponitur
1458 4815 1504 4865 sub
