3608 5302
808 161 880 231 LIII

118 342 168 392 sut
186 337 348 408 discrepant
366 340 389 394 F
404 343 432 393 et
450 339 505 393 BP
518 343 567 394 aut
584 338 678 394 deficit
695 340 812 394 Parisini
831 355 929 397 manus
946 340 1047 410 prlma,
1067 341 1173 396 illorum
1191 342 1273 397 lectio
1291 348 1444 411 poneretur,
1466 349 1562 398 eontra

118 445 168 500 nbi
186 446 363 500 consentiunt
382 446 454 498 FRP
469 447 522 515 uel,
541 461 575 500 cx
593 461 648 515 quo
666 447 692 500 R
710 443 815 516 deficit,
834 445 883 501 ubi
901 448 1076 502 consentiunt
1094 448 1145 513 FP,
1164 448 1327 517 reliquorum
1347 449 1502 504 dissensum
1521 450 1561 503 ln-

119 565 204 621 super
221 551 376 606 habereml.
405 551 528 606 slmiliter
545 551 573 605 in
592 555 725 621 apparatu
744 551 780 606 ad
799 550 882 607 libros
900 553 944 606 30.
963 553 997 607 31
1022 557 1151 622 quattuor
1173 554 1337 609 deteriorum
1358 554 1454 619 IQOK
1469 555 1561 610 lectio-

120 673 183 712 nem
203 659 308 712 usnam
326 657 364 712 ibi
383 658 532 728 suppressi,
551 656 598 714 nbi
612 657 730 712 FWDE
741 658 812 712 iuter
825 673 855 713 se
868 658 1051 728 consentiunt,
1070 665 1101 714 ut
1119 660 1201 715 etiam
1220 660 1248 714 in
1266 660 1346 715 titulo
1363 661 1438 728 41,2
1456 675 1561 715 errores

119 765 245 834 proprios
263 763 390 819 codicum
410 764 465 819 00.
494 769 589 818 contra
607 764 635 818 ln
654 765 758 833 reliqua
777 769 856 834 parte
876 762 1011 820 InlortIati
1036 767 1089 832 (24,
1103 767 1157 835 3,1
1174 796 1201 806 -
1218 767 1252 820 29
1265 763 1311 820 fin.
1330 766 1471 835 32-38),
1495 767 1561 820 item

119 886 169 940 par
192 873 281 925 totum
306 870 445 940 digestum
470 869 578 925 Nonum
603 875 718 941 excepto
743 871 823 926 unico
851 871 932 926 titulo
958 872 1043 941 41,2
1067 886 1101 926 ex
1125 871 1238 926 secundi
1262 871 1364 926 ordinis
1391 870 1466 926 libris
1494 872 1561 927 satis

119 977 209 1032 nuum
228 982 273 1032 est
297 982 410 1032 enotare
432 976 553 1046 potiora,
578 975 607 1030 id
631 981 675 1030 est
697 974 744 1031 ubi
762 976 922 1032 Florentius
944 977 1025 1032 lectio
1050 982 1099 1032 snt
1122 977 1223 1047 duplex
1247 983 1321 1032 esset
1344 981 1393 1032 sut
1416 976 1561 1033 maniIceto

119 1083 261 1150 mendosa,
281 1089 314 1138 ut
331 1081 468 1152 quomodo
484 1082 672 1137 Bononienses
691 1082 753 1137 inde
766 1099 796 1137 se
809 1082 1016 1152 expedluissent
1028 1083 1239 1153 intellegeretur,
1258 1087 1402 1153 praeterea
1419 1085 1495 1139 locus
1513 1083 1560 1138 da-

119 1194 194 1243 retur
211 1189 239 1244 in
258 1188 438 1244 adnotatione
456 1187 627 1244 emblematis
646 1187 807 1243 maioribus:
833 1203 884 1244 nec
903 1189 977 1245 uolui
995 1189 1145 1260 procedere
1164 1189 1248 1258 ultra,
1272 1205 1326 1245 non
1344 1189 1464 1244 laborem
1484 1189 1561 1244 dolu-

117 1297 212 1365 giene,
237 1295 288 1349 sed
308 1295 425 1364 neritus,
443 1310 478 1350 ns
496 1295 570 1349 inani
589 1294 731 1364 diligentia
748 1294 829 1350 lectio
848 1295 1000 1365 antIquitus
1019 1295 1135 1364 tradita,
1160 1311 1215 1365 qua
1232 1311 1288 1351 nna
1306 1302 1354 1350 aut
1372 1295 1499 1350 standum
1518 1301 1562 1352 est

119 1406 167 1457 ant
180 1407 255 1456 certe
267 1399 305 1456 ab
318 1416 353 1455 ea
365 1398 601 1470 proficiscendum,
621 1401 710 1470 magis
728 1400 928 1470 opprimeretur
945 1417 1028 1470 qnam
1047 1400 1232 1456 adiuuaretur.
1261 1400 1332 1456 hanc
1350 1402 1377 1456 in
1397 1402 1560 1472 usurpandis

118 1507 261 1562 codicibus
280 1507 470 1562 diuersitatem
494 1507 534 1560 ita
557 1506 708 1574 declarant,
735 1511 765 1562 ut
783 1506 819 1560 ad
838 1507 961 1576 singulas
981 1507 1098 1577 paginas
1116 1509 1144 1562 ln
1163 1508 1218 1562 ima
1238 1508 1360 1576 margine
1378 1507 1488 1563 codices
1510 1525 1560 1565 suo

117 1615 220 1685 quique
239 1615 301 1668 loco
320 1612 435 1668 adhibiti
453 1613 659 1668 nominarentur
677 1617 706 1667 et
723 1613 803 1682 plene
821 1613 933 1682 quidem
952 1612 1067 1668 adhibiti
1088 1619 1167 1668 extra
1188 1613 1379 1683 parenthesee,
1403 1629 1457 1668 non
1481 1615 1560 1683 plone

117 1721 235 1776 adhibiti
260 1719 390 1775 cancellis
413 1719 611 1788 circumscripti
637 1718 677 1772 sic
699 1719 857 1787 FPWLU).
886 1733 935 1774 cur
954 1721 1046 1774 autem
1065 1723 1121 1774 um
1141 1719 1217 1796 narie
1235 1717 1310 1774 libris
1329 1720 1397 1774 mele
1415 1735 1482 1774 usus
1499 1721 1560 1790 sim,

116 1825 190 1882 infra
212 1825 367 1898 explicabo.
394 1857 425 1866 -
452 1825 595 1881 Molestum
619 1822 672 1879 fult
695 1825 723 1879 iu
742 1824 961 1880 Bononiensibus
982 1824 1059 1880 libris
1082 1824 1256 1895 adhibendis,
1280 1825 1355 1894 quod
1379 1826 1561 1896 sntIquisslmi

114 1933 221 2003 quique
239 1939 269 1986 et
287 1949 304 1986 a
322 1932 402 1989 nobis
421 1936 532 2002 propter
554 1935 720 1985 uetustatem
745 1934 773 1984 ot
796 1929 947 1986 bonitatem
972 1931 1066 1985 selecti
1084 1931 1226 2000 pristinam
1246 1931 1388 1986 lectionem
1408 1947 1561 2004 proponere

114 2041 208 2094 solent
232 2052 287 2094 non
311 2045 344 2093 nt
365 2039 443 2094 initio
466 2037 620 2108 perscripta
643 2035 708 2106 luit,
733 2035 783 2091 sed
801 2037 961 2106 plerumque
979 2054 996 2091 a
1013 2037 1173 2107 posterioris
1197 2037 1296 2090 aetatis
1315 2036 1496 2106 prudentibus
1514 2053 1560 2092 ex·

114 2151 208 2200 actam
229 2145 264 2198 ad
283 2148 422 2214 receptam
441 2143 505 2198 lude
524 2160 541 2197 s
559 2143 669 2197 saeculo
683 2141 749 2198 Xlll
769 2146 798 2196 et
815 2141 1018 2211 quodammodo
1036 2129 1201 2198 ordina'riam
1216 2143 1424 2211 Bononiensem,
1443 2148 1475 2199 ut
1493 2145 1560 2198 mul·

112 2253 152 2306 tis
175 2251 245 2306 locis
263 2251 310 2304 illa
328 2251 355 2303 in
380 2250 475 2319 pauoIs
499 2250 543 2304 uel
568 2247 639 2303 adeo
662 2262 717 2303 uno
742 2247 800 2302 solo
825 2261 860 2302 ex
878 2247 954 2303 libris
972 2247 1170 2304 uetustiorIbns
1193 2249 1326 2318 supersit,
1350 2247 1514 2319 quibusdam
1533 2249 1561 2305 iu

113 2356 247 2412 omnibns
273 2355 432 2413 oblitterata
454 2355 498 2410 sit.
534 2353 670 2410 eiusmodi
693 2353 825 2424 prietInae
848 2353 950 2410 codicIe
973 2355 1089 2410 alieulus
1112 2355 1263 2425 scripturae
1288 2352 1426 2410 delectum
1450 2359 1561 2426 propter

112 2464 238 2531 lituram,
257 2463 300 2517 uel
319 2463 402 2518 etism
421 2466 533 2532 propter
550 2460 653 2516 hiatum
667 2461 747 2530 culpa
758 2459 863 2515 librarii
874 2459 1034 2532 admissum,
1052 2459 1206 2531 significetui
1219 2459 1275 2516 fere
1288 2460 1380 2515 uerbis
1393 2463 1507 2534 deflecti)
1521 2461 1561 2515 1²·

113 2575 145 2624 ct
165 2570 206 2624 sic
225 2568 363 2639 deinceps.
392 2573 512 2624 ceterum
532 2567 614 2621 etiam
635 2581 728 2622 eorum
747 2565 877 2622 librorum
896 2566 1010 2622 secundi
1025 2567 1136 2637 ordinis,
1155 2582 1269 2637 quorum
1288 2567 1432 2622 lectionem
1450 2567 1559 2637 plenam

111 2674 222 2731 reterre
239 2675 322 2744 uolui,
340 2675 436 2730 lituras
454 2673 564 2729 enouni
583 2689 637 2728 non
655 2687 760 2742 omues,
779 2672 828 2728 sed
846 2672 885 2728 ibi
903 2677 1009 2728 tantum
1029 2674 1122 2730 monui
1134 2688 1182 2729 eos
1199 2672 1324 2743 deficere,
1342 2671 1389 2728 uhi
1401 2688 1436 2728 ex
1448 2675 1559 2743 reliquis

111 2781 195 2837 libris
218 2781 358 2851 primitius
381 2781 516 2849 scriptura
539 2779 687 2848 colligItur:
713 2779 812 2834 nullius
835 2780 907 2834 enim
932 2795 1026 2835 eorum
1049 2783 1128 2836 tanta
1151 2784 1194 2834 est
1217 2779 1379 2849 auctoritas,
1403 2783 1433 2834 ut
1458 2793 1558 2849 operas

113 2888 238 2959 pretium
263 2889 300 2942 sit
324 2887 409 2954 scire,
437 2884 537 2954 quibus
560 2885 627 2940 locis
653 2885 716 2940 olim
729 2861 868 2940 recedere
892 2887 1012 2956 potnerIt
1035 2901 1052 2940 s
1073 2886 1243 2956 Florentius,
1271 2901 1333 2942 curn
1361 2886 1421 2956 ipsa
1443 2885 1559 2956 pristina

112 2994 255 3062 scrlptnra
274 3007 363 3061 neque
381 2993 409 3046 in
428 3005 461 3046 co
480 2995 613 3060 appareat
631 3006 720 3060 ueqrro
739 3007 773 3046 ex
791 2989 920 3046 altinibns
938 2991 1014 3047 libris
1032 2989 1175 3047 efficiatur.

172 3099 312 3168 Exocrpts
329 3113 363 3152 ex
383 3097 498 3167 digestis
515 3109 587 3165 quae
606 3097 707 3152 adsunt
724 3097 797 3167 apud
817 3097 899 3152 medii
918 3099 980 3152 seul
996 3098 1145 3167 scriptores
1170 3097 1253 3151 missa
1271 3095 1323 3151 teci
1341 3097 1444 3152 omnis:
1469 3113 1558 3167 neque
1589 3101 1711 3176 excerpta·

112 3207 191 3260 enlm
216 3206 270 3258 ulla
294 3211 361 3274 puto
385 3207 480 3258 extare
506 3203 557 3257 uisi
575 3203 664 3272 petita
686 3219 720 3258 ex
743 3203 884 3258 codicibus
902 3203 1121 3258 Bononiensibus
1145 3208 1194 3258 aut
1217 3203 1250 3258 iis
1274 3203 1320 3271 qui
1344 3208 1491 3272 supersunt
1511 3209 1558 3258 aut
1577 3165 1645 3210 ”¹⁰⁶⁸
1662 3179 1712 3210 ‘⁰¹¹¹

113 3311 269 3382 deperdiIIs
287 3325 343 3365 nou
362 3308 527 3364 melioribus.
553 3338 585 3347 —
609 3309 641 3363 ln
659 3309 770 3364 scholiis
788 3310 846 3378 uel,
871 3315 901 3364 ut
926 3310 1008 3378 uulgo
1032 3309 1216 3379 appellantur,
1241 3309 1268 3362 in
1292 3309 1392 3377 glossIs
1416 3315 1557 3365 auctorum
1580 3315 1735 3388 Glossatorun

113 3417 333 3474 Bononieneinm
359 3430 429 3485 quae
447 3419 633 3470 memorantur
651 3415 744 3469 uariae
761 3415 893 3470 lectiones
911 3415 1078 3485 compositae
1097 3414 1241 3484 diligenter
1259 3415 1331 3485 apud
1351 3413 1511 3483 Sanigninnr
1530 3418 1558 3472 iu
1599 3391 1708 3484 effla

114 3523 234 3580 historia
251 3524 318 3578 inris
337 3524 374 3592 (3,
387 3522 549 3589 tre-760)
568 3536 631 3576 cum
650 3520 685 3576 ad
704 3519 796 3576 studia
807 3522 866 3576 eius
880 3521 979 3576 aetatis
992 3521 1153 3576 illustranda
1165 3536 1218 3576 non
1231 3537 1327 3590 parum
1341 3519 1450 3592 iaciant,
1469 3522 1557 3591 ipsam

115 3631 204 3685 crisie
221 3645 275 3684 uon
295 3627 438 3682 adiuuant:
457 3632 564 3682 tantum
584 3626 663 3682 abest
681 3627 762 3696 enlm,
782 3632 812 3681 ut
831 3628 1013 3696 anthqurum
1031 3625 1159 3682 librorum
1174 3633 1292 3682 aetatem
1305 3627 1448 3695 excedant,
1468 3633 1498 3682 ut
1510 3633 1558 3682 aut

116 3738 148 3791 in
172 3735 215 3790 his
233 3733 347 3790 redeant
365 3739 413 3788 ant
431 3734 604 3789 coniecturae
622 3734 677 3788 sint
694 3733 722 3786 ln
740 3733 927 3788 recensionem
945 3733 1145 3788 Bononiensem
1165 3738 1213 3787 aut
1229 3749 1377 3802 numquam
1397 3738 1445 3787 ant
1462 3739 1558 3802 postea

116 3841 230 3896 demum
254 3841 400 3895 admissae.
428 3854 481 3909 ego
505 3855 576 3908 quae
599 3839 692 3894 Inueni
715 3843 843 3895 monente
868 3837 1000 3908 Ssuignto
1022 3840 1067 3893 nel
1091 3854 1157 3894 casu
1180 3838 1250 3893 duce
1272 3839 1451 3907 temptamina
1468 3840 1557 3896 Bono·

117 3947 255 4002 niensium
277 3944 496 4001 memorabiIIora
512 3946 540 4000 in
559 3944 735 4000 adnotatione
752 3945 895 4015 proposui:
920 3949 949 3999 at
972 3959 1023 4000 nee
1048 3945 1172 4014 quaesiui
1190 3943 1353 3999 abscondIta
1370 3959 1460 4014 nequo
1478 3946 1505 4000 ln
1524 3960 1558 4000 oa

116 4068 192 4122 quae
213 4059 279 4108 nom
301 4057 396 4107 essent
412 4051 549 4120 inpubiui.
569 4081 601 4089 —
621 4052 652 4105 lu
671 4051 867 4119 antiquissimls
888 4050 1048 4120 corporibus
1066 4051 1132 4105 iuris
1151 4051 1274 4106 canonIci
1293 4065 1363 4118 quae
1381 4050 1557 4105 inueniuntur
1576 4115 1580 4125 Ι
1598 4052 1710 4126 excerpta

117 4163 251 4229 excerpta
268 4173 303 4214 ex
321 4157 437 4226 digestis
455 4158 607 4226 composita
624 4157 652 4210 in
670 4157 817 4211 uolumInis
834 4157 860 4211 ll
884 4157 1036 4226 appendice
1059 4162 1157 4226 quarta
1177 4171 1267 4225 neque
1284 4160 1408 4226 tempore
1426 4161 1557 4224 superant
1575 4129 1598 4160 ω
1619 4115 1734 4222 {ellectio-

117 4265 258 4320 saeenlum
272 4264 312 4318 XI
331 4269 482 4318 extremum
502 4267 530 4317 et
547 4265 701 4331 sequuntur
716 4260 774 4317 fere
791 4263 936 4318 lectionem
949 4263 1150 4318 Bononiensem
1169 4278 1223 4318 non
1236 4263 1386 4331 uulgarem,
1406 4261 1454 4316 sed
1467 4261 1556 4330 pristi-
1599 4251 1709 4284 enorum

118 4387 183 4426 nam
202 4371 266 4437 (uol.
280 4371 304 4425 ll
323 4386 350 4440 p.
363 4371 433 4436 42⁹).
453 4399 486 4408 -
505 4368 578 4423 Petri
596 4368 772 4437 exceptiones
790 4369 889 4436 (editas
908 4369 982 4438 apud
1002 4368 1162 4438 Saulgnium
1182 4369 1208 4422 ln
1227 4367 1340 4422 historia
1358 4369 1424 4424 iurts
1441 4367 1557 4424 Romani
1575 4367 1734 4490 apbffitrzm

119 4478 174 4532 uol.
188 4477 213 4532 ll
231 4495 257 4547 p.
267 4479 319 4531 321
333 4479 404 4545 seq.)
428 4489 490 4528 cum
508 4475 563 4529 siut
580 4475 736 4529 etiamnunc
753 4475 801 4542 qni
819 4475 988 4544 conscriptas
1006 4479 1104 4544 putent
1121 4489 1194 4529 saec.
1206 4473 1246 4528 XI
1265 4475 1368 4544 medio,
1391 4491 1444 4543 ego
1463 4489 1557 4543 quam-

174 4729 182 4761 ¹
201 4727 292 4779 Uerum
317 4735 359 4777 est
382 4725 419 4775 ita
442 4723 555 4774 codicum
579 4721 655 4776 VLU
670 4724 695 4774 in
714 4724 770 4790 ipsa
788 4723 898 4774 editione
922 4723 1057 4789 imaginem
1079 4740 1238 4788 nequaquem
1261 4723 1350 4775 irratam
1374 4723 1559 4789 repraesentari

119 4819 256 4882 suppressis
281 4813 396 4884 propriis
421 4827 506 4862 corum
525 4811 658 4862 erroribus.
687 4821 713 4862 at
731 4813 753 4862 si
771 4813 813 4878 qui
832 4811 899 4862 illam
923 4827 1027 4864 noscero
1051 4812 1167 4878 cupiunt,
1191 4811 1284 4862 adeant
1307 4812 1492 4872 additamenta,
1515 4810 1558 4860 ubi

121 4904 242 4970 specimen
261 4905 331 4973 qnod
352 4902 432 4952 datur
450 4899 515 4951 iusto
534 4899 659 4952 desiderio
677 4899 826 4953 satisfaciet:
845 4900 963 4952 iniustum
982 4908 1065 4952 autem
1082 4917 1132 4952 nou
1150 4915 1273 4952 curamus.
