3652 5362
281 159 414 230 xxviii
433 162 459 230 b
478 167 592 224 iit-to
951 151 1038 235 848
1450 175 1498 224 nu
1522 173 1737 223 mauram

282 318 364 374 dibus
382 333 471 374 assem
489 318 518 372 in
536 317 696 373 dodrantem
716 311 782 372 esse¹
796 315 914 372 diuisum
933 314 1075 385 respondi:
1100 315 1210 371 modum
1234 315 1307 369 enim
1322 310 1585 384 duarum'partium
1606 327 1647 368 ex
1665 323 1736 382 qua·

278 407 379 463 'drante
397 407 540 462 declarari:
565 405 639 476 quod
661 409 770 461 ueteres
793 405 911 460 nummis
929 403 1003 459 Titio
1025 404 1124 472 legatis
1147 413 1317 458 nummorum
1337 403 1428 473 specie
1451 418 1508 458 non
1531 403 1737 458 demonstrata

250 505 265 551 a
283 502 433 551 ceterorum
453 497 605 566 legatorum
624 495 854 565 contemplatione
872 497 1041 564 receperunt.
1071 493 1148 547 hiliis
1165 491 1311 547 heredibus
1329 493 1424 561 aequis
1442 491 1571 562 partibus
1590 493 1735 548 institutis

283 599 316 641 ao
333 589 431 656 postca
448 583 540 640 fratris
557 583 613 640 iilic
630 599 681 655 pro
698 583 807 639 duabus
825 583 912 638 unciis
930 597 1014 638 uuum
1033 597 1122 637 mecm
1140 582 1212 636 inter
1229 595 1325 636 omnes
1343 579 1430 636 uideri
1447 579 1553 637 lactum
1571 582 1688 652 placuit
1706 587 1736 636 ot

283 690 318 730 cx
336 689 370 731 eo
388 675 483 730 decem
501 674 596 729 uncias
613 672 684 729 illics
702 673 856 744 accepisse:
874 677 941 728 tunc
959 672 1030 727 enim
1049 687 1083 727 ex
1102 672 1186 727 altero
1205 685 1267 726 asse
1282 671 1436 740 portionem
1452 671 1577 741 intellegi
1590 671 1734 739 relictam,
1752 681 1766 722 s

277 779 431 820 ¹onmasse
454 763 614 818 nominatim
637 761 703 817 dato
725 762 770 817 uel
794 762 937 817 duodecim
960 761 1050 816 unciis
1073 759 1225 816 distributis
1248 760 1358 815 residua
1379 761 1469 830 portio
1492 775 1549 815 non
1569 761 1734 815 inuenitur:

283 852 348 908 nihil
366 857 458 907 autem
477 852 603 922 interest,
627 867 682 921 quo
700 851 761 908 loco
779 851 837 906 sine
855 851 979 920 portione
998 851 1059 920 quis
1081 850 1161 906 heres
1186 849 1356 919 instituatur,
1380 865 1435 919 quo
1453 849 1544 919 magis
1566 849 1645 904 assis
1663 849 1734 904 resl-

250 941 367 998 eduum
387 941 526 1011 accepisse
544 939 678 995 uideatur.
707 939 787 996 Seius
799 939 934 996 Maeuium
955 944 1094 1010 exparte,
1113 953 1194 1008 quam
1213 951 1264 1008 per
1275 939 1351 1007 leges
1363 933 1461 1008 capere
1472 938 1572 1008 posuit,
1594 937 1734 992 heredem

282 1031 414 1100 instituit,
438 1045 473 1085 cx
490 1030 595 1099 reliqua
612 1029 724 1085 Titium.
751 1029 776 1085 si
794 1029 917 1086 hiaeuius
935 1029 1051 1084 solidum
1070 1043 1169 1098 capere
1193 1025 1306 1098 poterit,
1332 1027 1423 1082 ‘litias
1443 1025 1573 1082 adiechrs
1592 1035 1647 1082 aut
1665 1025 1735 1082 auh

283 1121 395 1176 stitutus
412 1117 492 1173 heres
509 1133 564 1174 non
582 1119 642 1174 erit.
1755 1129 1781 1169 ro

146 1207 187 1267 80
201 1205 264 1283 (79)
336 1209 414 1264 lnasr
431 1206 500 1262 libro
517 1209 605 1278 primo
623 1205 819 1262 definitionum.
856 1206 935 1273 Quod
953 1206 976 1261 si
994 1222 1050 1262 non
1061 1206 1099 1260 sit
1110 1205 1206 1275 reliqui
1218 1202 1292 1261 iacta
1304 1207 1413 1276 mentio,
1431 1210 1541 1260 tantun-
1561 1199 1736 1294 Q
1754 1211 1792 1266 P·

284 1297 346 1354 dem
363 1298 392 1353 in
411 1298 495 1352 altero
514 1311 575 1352 asse
593 1295 706 1352 habebit
723 1295 846 1352 liacuius
864 1300 996 1365 quantum
1014 1295 1119 1350 'I‘itiusl
1137 1295 1166 1349 in
1184 1296 1280 1365 primo.

146 1385 184 1444 81
201 1383 265 1463 (80)
337 1387 415 1442 lusu
431 1383 500 1441 libro
518 1390 597 1441 sexto
614 1399 816 1456 responsorum.
853 1385 931 1452 Quod
949 1383 1108 1440 siliaeuius
1126 1384 1225 1440 nuliius
1242 1399 1331 1454 capax
1349 1383 1392 1455 sit,
1410 1384 1440 1439 in
1453 1388 1542 1440 totum
1563 1379 1738 1470 Q
1754 1390 1780 1444 P

284 1474 449 1531 substitutus
467 1473 626 1530 admittitur.
1755 1485 1782 1526 rs

147 1563 185 1622 82
201 1561 265 1640 (81)
337 1565 456 1620 Psuuus
473 1562 542 1620 libro
559 1578 632 1619 nono
647 1563 846 1633 quaestionum.
884 1561 1010 1617 Clemens
1022 1563 1174 1617 Patronus¹
1186 1567 1351 1618 tesmmento
1363 1567 1482 1632 cauerat,
1502 1567 1542 1633 ut,
1562 1557 1779 1647 W?

143 1663 145 1668 '
285 1654 308 1708 ai
326 1653 378 1709 sibi
395 1651 467 1708 filius
485 1658 566 1708 uatus
584 1651 689 1721 hrisset,
712 1650 792 1706 heres
811 1657 891 1722 esset,
913 1652 937 1706 si
955 1651 1010 1706 duo
1028 1649 1039 1720 i
1057 1649 1114 1720 dlii,
1134 1666 1168 1706 ex
1186 1652 1282 1721 aequis
1300 1650 1424 1722 partibus
1441 1651 1559 1706 heredes
1580 1641 1737 1722 essent}
1753 1661 1813 1707 ιιιι

218 1815 219 1822 ¹
284 1743 355 1798 duae
374 1740 453 1812 filiae,
472 1741 609 1797 similiter:
628 1741 651 1796 si
669 1739 741 1796 iilius
759 1745 788 1795 et
804 1738 868 1810 filia,
885 1738 942 1795 filio
959 1739 1029 1795 duas
1047 1746 1149 1811 partes,
1167 1739 1238 1796 tiliae
1256 1741 1364 1796 tertiam
1383 1740 1506 1796 omont:
1530 1741 1649 1798 dnobus
1670 1742 1737 1799 liiiio

221 1857 224 1862 ·
283 1837 312 1887 et
334 1829 390 1886 iiiia
412 1829 485 1886 natis
507 1827 703 1900 quaerebatur,
726 1828 955 1899 quemadmodum
978 1829 1007 1884 in
1031 1831 1173 1900 proposita
1196 1831 1287 1901 specle
1309 1835 1401 1900 partes
1419 1828 1569 1901 iaciemus,
1596 1845 1665 1887 cum
1687 1831 1736 1888 iiiii

283 1919 402 1976 debeant
427 1933 507 1988 pares
534 1933 596 1974 csse
618 1917 680 1974 uel⁸
704 1919 786 1973 etiarn
813 1919 913 1987 singuli
934 1917 1018 1990 duplo
1040 1919 1102 1989 plus
1126 1935 1207 1989 quam
1231 1934 1307 1974 soror
1325 1921 1461 1989 accipere.
1494 1921 1622 1990 quinque
1647 1923 1736 1992 igitur

250 2017 264 2062 ι
283 2013 375 2080 partes
392 2006 452 2063 heri
469 2011 586 2078 oportet,
604 2013 636 2063 ut
653 2021 688 2062 ex
706 2007 845 2062 bisbinas
863 2009 986 2079 masculi,
1004 2023 1087 2063 unam
1106 2007 1207 2063 semina
1224 2009 1349 2078 accipiat.
1380 2007 1410 2064 Si
1427 2009 1466 2064 ita
1484 2010 1632 2080 scripserit
1645 2017 1734 2067 seam
1751 2022 1777 2062 so

283 2103 339 2154 tor:
359 2097 475 2164 ‘Quanta
492 2111 527 2152 ex
544 2101 623 2166 parte
642 2111 685 2152 me
703 2113 721 2151 a
738 2097 811 2168 Titio
829 2096 955 2154 heredem
975 2097 1130 2154 institutum
1148 2098 1318 2168 recitassem,
1341 2113 1375 2152 cx
1394 2113 1428 2153 ea
1444 2103 1524 2167 parte
1544 2097 1734 2170 Sempronius

284 2185 356 2243 'mihi
378 2186 458 2242 heres
482 2183 558 2256 esto,
580 2201 636 2242 non
658 2189 702 2241 est
724 2186 875 2256 captatoris
897 2187 1044 2242 institutio:
1072 2188 1152 2257 plane
1175 2187 1250 2242 nullo
1274 2187 1388 2243 recitato
1409 2193 1580 2243 testamento
1607 2188 1646 2244 ab
1671 2191 1732 2261 ipso

283 2279 415 2333 testatore
431 2275 520 2330 inanis
538 2273 676 2330 uidebitur
693 2275 828 2331 institutio
844 2281 951 2331 remota
968 2271 1122 2346 suspicione
1140 2277 1308 2346 captatoriae
1325 2275 1512 2332 institutionis.

147 2361 186 2421 83
200 2359 265 2438 (88)
337 2365 495 2422 Sosnuous
516 2363 586 2420 libro
609 2365 704 2434 quinto
727 2363 834 2421 decimo
855 2365 1055 2436 quaestionum.
1091 2365 1122 2421 Si
1139 2367 1201 2436 quis
1218 2367 1258 2421 ita
1274 2365 1354 2422 heres
1371 2366 1553 2422 instituatnrr-
1566 2361 1770 2452 Q?

283 2454 315 2511 'si
331 2453 471 2524 legitimus
488 2451 568 2509 heres
585 2453 725 2510 uindicare
742 2455 811 2509 nolit
827 2452 1005 2510 hereditatem
1026 2453 1130 2526 meam',
1149 2459 1216 2526 puto
1233 2441 1350 2512 delicere
1361 2453 1551 2510 condicionem
1565 2461 1729 2514 testamenti
1747 2467 1773 2508 ιι

281 2544 328 2601 iilo
345 2543 510 2599 uindicante.

146 2627 186 2688 84
200 2625 265 2707 (83)
336 2633 414 2689 inum
431 2631 499 2689 iibro
517 2635 617 2688 oetam
635 2631 741 2688 decium
760 2633 959 2702 quaestionum.
990 2631 1019 2687 Si
1037 2632 1147 2688 nonlex
1159 2632 1239 2688 Aelia
1250 2631 1352 2704 Sentis,
1371 2631 1420 2688 sed
1433 2631 1544 2690 alialex
1560 2653 1561 2656 ¹
1578 2640 1767 2704 usuam?

283 2723 329 2780 uei
351 2727 462 2778 senatus
486 2721 639 2776 consultum
664 2721 812 2776 autetiam
831 2721 1080 2778 constitutioserui
1100 2721 1252 2778 libertatem
1271 2722 1410 2792 impediat,
1429 2723 1453 2777 is
1471 2711 1728 2798 neccssaffffl

251 2819 265 2864 1
283 2819 338 2868 non
355 2815 461 2882 potest,
485 2811 665 2866 etiamsinon
683 2809 719 2866 sit
737 2809 868 2866 soluendo
884 2813 1010 2866 testator.
1045 2808 1226 2880 Temporibus
1250 2811 1307 2866 dini
1324 2811 1455 2866 Hadriani
1473 2817 1590 2868 senatus
1608 2817 1726 2884 censuit,
1812 2837 1814 2840 ·

283 2901 308 2956 sl
325 2903 448 2969 testator,
466 2899 514 2969 qui
531 2913 593 2955 cum
610 2900 725 2955 moritur
742 2899 874 2955 soluendo
892 2913 947 2955 uon
964 2897 1024 2970 init,
1042 2899 1150 2955 duobus
1168 2898 1324 2970 pluribusne
1340 2899 1493 2956 libertatem
1506 2901 1620 2958 dederit
1632 2895 1726 2973 eisque
1742 2913 1767 2954 so

284 2989 462 3045 hereditatem
480 2989 586 3044 restitui
603 2987 714 3044 iusserit
731 2991 760 3043 et
776 2988 918 3043 institutus
936 2987 1015 3044 heres
1033 2994 1188 3058 suspectam
1207 2988 1260 3044 sibi
1277 2989 1455 3044 hereditatem
1473 2989 1583 3058 dixerit,
1604 2999 1638 3047 ut
1650 2993 1726 3048 adire

283 3089 344 3134 cam
368 3082 484 3147 cogatur
506 3081 534 3133 et
555 3075 590 3133 ad
613 3076 767 3133 libertatem
790 3077 947 3148 perueniat,
971 3078 1018 3148 qui
1039 3078 1133 3148 priore·
1151 3079 1347 3150 locoscrtptns
1365 3077 1459 3149 fucrit,
1483 3080 1565 3149 elque
1583 3080 1725 3137 hereditas

282 3167 451 3222 restituatur.
478 3165 550 3222 idom
568 3165 734 3222 seruandum
753 3167 781 3221 in
799 3165 849 3236 his,
868 3165 968 3236 quibus
985 3181 1034 3236 per
1051 3164 1292 3222 fideicommissum
1310 3167 1424 3223 libertas
1438 3167 1505 3223 data
1517 3167 1612 3226 fuerit.
1642 3172 1726 3241 igitir

283 3255 307 3311 si
324 3255 412 3326 primo
429 3256 489 3311 loco
507 3255 624 3326 scriptus
642 3254 812 3311 desideraret
829 3255 922 3311 adire⁴
939 3255 1133 3324 hereditatem,
1157 3255 1233 3310 nulla
1249 3245 1395 3312 difficultas
1416 3257 1476 3312 crit.
1504 3273 1570 3312 nam
1589 3259 1614 3313 si
1634 3265 1725 3330 poste·

282 3343 367 3400 riores
391 3357 500 3416 quoqne
522 3341 622 3400 liberos
645 3359 676 3399 se
700 3359 761 3399 esse
785 3343 877 3400 dicent
898 3349 927 3400 et
949 3345 1056 3400 restitui
1078 3343 1256 3400 hereditatem
1281 3343 1448 3416 desiderent,
1473 3361 1508 3401 an
1532 3347 1672 3404 soluendo
1690 3349 1725 3404 sit
1740 3358 1766 3400 ss

282 3432 420 3488 hereditas
444 3438 473 3488 et
495 3431 621 3488 omnibus
643 3431 736 3488 liberis
758 3431 839 3488 iactis
856 3434 962 3488 restitui
981 3432 1107 3505 deberet,
1129 3435 1202 3504 apud
1219 3437 1373 3504 praetorem
1391 3440 1578 3504 quaereretur.
1608 3435 1724 3494 absente

283 3525 376 3578 antem
394 3521 482 3593 primo
501 3535 619 3592 sequens
637 3521 797 3578 desiderans
815 3523 884 3578 adiri
902 3523 1080 3579 hereditatem
1095 3537 1150 3578 uon
1163 3528 1206 3579 est
1223 3523 1384 3594 audiendus,
1397 3523 1474 3593 quia,
1493 3524 1518 3579 si
1536 3525 1646 3594 primus
1658 3527 1724 3583 nolit

283 3610 336 3666 sihi
353 3611 460 3666 restitui
478 3609 665 3681 hereditatem,
684 3609 880 3682 praeferendus
899 3615 941 3667 est
959 3617 988 3668 et
1002 3611 1049 3668 hic
1067 3627 1163 3668 seruus
1179 3612 1289 3668 iuturus
1306 3618 1357 3668 est.

146 3697 186 3758 85
200 3696 265 3776 (84)
335 3701 455 3756 Paucos
472 3699 541 3756 libro
559 3699 691 3756 uicesimo
708 3701 789 3756 tertio
807 3702 1007 3769 quaestionum.
1044 3699 1073 3758 Si
1092 3715 1172 3758 seruo
1193 3701 1404 3758 fideicommissa
1421 3699 1488 3756 data
1506 3701 1545 3756 sit
1562 3699 1763 3789 Q?

281 3787 407 3858 libertas,
426 3787 504 3844 heres
521 3788 594 3845 hunc
611 3789 728 3845 eundem
747 3803 857 3844 seruum
875 3803 937 3844 cnm
956 3789 1080 3845 libertate
1097 3789 1226 3846 heredem
1244 3791 1409 3862 reliquisset,
1432 3793 1589 3860 quaesitum
1610 3801 1669 3864 est,
1688 3811 1722 3850 au
1739 3803 1765 3844 so

282 3878 453 3934 necessarius
475 3875 525 3934 liat
547 3877 635 3934 heres.
667 3883 696 3934 et
717 3877 862 3934 humanius
886 3883 929 3934 cst
951 3884 980 3935 et
1002 3880 1091 3949 magis
1115 3881 1260 3949 aequitatis
1282 3881 1386 3936 ratione
1410 3879 1559 3936 subnixum
1581 3895 1641 3938 non
1665 3882 1723 3939 lieri

280 3967 480 4023 necessarium:
504 3967 551 4036 qui
574 3968 646 4023 enim
670 3967 754 4023 etiam
772 3969 863 4024 'inuito
883 3966 1013 4025 defuncto
1030 3973 1138 4039 poterat
1155 3969 1308 4024 libertatem
1327 3975 1502 4040 extorquere,
1527 3971 1645 4028 isliber
1661 3988 1722 4028 esse

281 4055 374 4112 iussus
390 4071 446 4112 non
463 4063 597 4126 magnum
612 4056 721 4112 uidetur
737 4055 899 4113 beneficium
918 4074 935 4113 a
953 4055 1083 4113 defuncto
1101 4059 1239 4130 consequi,
1256 4059 1340 4116 immo
1357 4058 1422 4114 nihil
1440 4061 1578 4116 commodi
1591 4063 1722 4132 sensisse,

250 4145 333 4201 laed
350 4146 439 4215 magis
457 4144 578 4201 demtum
596 4145 648 4202 nbi
666 4147 805 4220 accepisse
822 4146 985 4204 libertatern.
1020 4146 1098 4203 idem
1116 4146 1289 4218 probandum
1307 4149 1359 4204 erit
1376 4153 1405 4204 et
1421 4149 1449 4204 in
1467 4149 1513 4204 illo
1527 4163 1622 4222 seruc,
1641 4165 1722 4223 quern

282 4241 507 4314 omousio)

282 4383 681 4532 :ffibmebfflfiffiilmmm
699 4387 823 4444 Maeuius
842 4387 945 4455 (Helii
1003 4389 1015 4424 ¹
1023 4393 1083 4464 soit
1099 4389 1243 4446 Petronius
1261 4393 1302 4445 ael
1317 4392 1399 4446 ιιηιιιε
1416 4408 1506 4445 mmen
1566 4391 1578 4425 ²
1597 4391 1721 4461 uellet?

282 4587 516 4658 iponione's'st
554 4591 775 4648 11tanrundem
796 4591 831 4645 ΡΙ
851 4593 906 4648 '⁴12
924 4590 970 4647 ha·
1023 4591 1173 4648 ιιιιιοιιιι·ι
1206 4593 1457 4664 inquietationum
1468 4594 1509 4647 F¹
1537 4594 1721 4652 simlia&

281 4657 358 4716 benit
371 4661 406 4716 Ρ
443 4661 660 4718 sustiuerit
694 4663 890 4719 annuens*
905 4665 911 4731 Ι
927 4679 970 4718 ae·
1023 4665 1059 4720 28
1077 4665 1230 4720 liuertatem
1248 4665 1285 4718 ι’
1330 4666 1365 4720 30
1382 4665 1544 4735 pluribusne
1562 4665 1622 4738 lib]
1644 4667 1721 4733 DEI,

281 4729 374 4800 cipiat]
384 4733 442 4798 EG,
453 4733 510 4790 acci
531 4733 604 4819 ietF,
617 4735 754 4804 acciperet
762 4733 810 4788 DI
843 4736 876 4790 21
886 4749 970 4822 quan·
1041 4735 1146 4791 iuribus
1172 4737 1217 4792 uel
1242 4735 1289 4790 lib.
1318 4735 1374 4800 iv,
1394 4735 1527 4806 ¹pluribus
1554 4739 1596 4796 ire
1624 4739 1671 4796 lib.
1698 4739 1721 4806 Q

281 4805 358 4888 taes
368 4809 447 4888 parte
458 4750 566 4877 seqre!
585 4804 649 4870 beor
661 4805 759 4876 utpote
773 4803 878 4871 ἆκιΓιιῶ
891 4825 969 4870 suar·
1022 4751 1058 4862 38
1074 4805 1185 4864 iuturus
1202 4807 1255 4876 esi]
1278 4805 1385 4862 iuturus
1405 4807 1485 4864 Taur.
1539 4811 1576 4868 41
1596 4825 1721 4870 ιιθοθιιιθ·

281 4889 329 4927 sors
348 4891 399 4934 ruo
411 4875 515 4945 Πέτρογ
532 4877 662 4947 spatiare
675 4877 839 4949 xhnponbuos
853 4877 969 4949 Bii'ip.)
1022 4880 1079 4936 rius
1098 4880 1135 4932 F·

281 4943 317 4999 23
334 4947 484 5002 testatore*
499 4947 537 5000 Ρ
556 4948 561 5016 Ι
582 4947 720 5004 uidenitur
737 4948 773 5002 ι’
789 4949 794 5017 Ι
809 4949 923 5019 remota]
942 4955 971 5004 et
1019 4957 1021 4966 “
