3584 5326
776 149 895 216 XXXV

138 319 251 396 pontium
279 321 381 392 ponitur
404 327 453 377 sut
475 324 594 392 spatium
617 323 728 393 aliquod
751 324 885 395 scriptura
908 339 1026 379 uacuum
1049 321 1239 393 relinquiturl:
1264 322 1337 392 quod
1356 323 1480 380 similiter
1498 340 1549 380 usu

142 423 211 483 uenit
223 419 252 476 in
274 427 334 483 libro
352 429 542 499 Neapolitano.
574 430 648 486 unde
668 430 820 501 longiorum
838 431 929 502 legum
948 431 1023 501 apud
1040 430 1161 487 Graeoos
1178 433 1276 500 postea
1293 431 1421 487 usitatam
1439 431 1550 487 diuisio-

145 527 240 588 nemiu
256 534 342 588 oiuars
359 536 420 592 siue
438 537 529 607 eapita
547 537 678 607 originem
697 537 798 593 dooere
816 553 900 608 snpra
916 553 943 607 p.
956 538 997 593 XI
1014 537 1234 594 obseruauimus:
1253 538 1313 608 ipsa
1330 542 1423 594 tamen
1440 538 1468 592 in
1481 536 1550 594 libro

145 651 203 692 nou
215 633 289 710 siet,
308 642 357 698 aed
373 643 464 713 prima
480 643 671 699 tantummodo
690 645 808 699 stamina
825 645 893 700 eius.
913 675 946 684 -
971 644 1080 701 Soholia
1097 645 1236 716 masupia
1253 648 1317 700 sunt
1334 644 1444 701 omnino
1462 644 1549 700 nulla:
1569 655 1661 703 sinetis

145 758 183 798 ne
205 749 272 815 nynia
291 749 397 819 quidem
420 749 598 822 uocabulum,
629 750 702 821 qnod
726 751 846 806 eernitnr
868 751 897 806 in
920 753 1043 822 margine
1066 753 1185 822 positum
1208 752 1376 822 digestorum
1399 751 1550 808 Pommers·
1584 719 1646 764 ”⁰¹¹⁸

138 849 283 910 fuldensium
299 859 327 911 et
342 856 568 913 constitutionum
587 857 696 914 Godieis
714 857 887 930 Ueronensis,
906 859 934 914 in
952 859 1107 918 Florentino
1126 860 1166 916 sio
1183 858 1324 930 reperitur.

185 1067 369 1125 Pandeotarnm
390 1071 520 1126 uolumen
538 1071 585 1140 qni
603 1071 771 1142 seripserunt
788 1072 841 1127 etsi
858 1073 962 1142 passim
980 1087 1085 1128 errores
1103 1087 1167 1128 suos
1186 1072 1278 1128 statim
1297 1074 1474 1128 eorrexernnt
1488 1070 1550 1141 ipsi,
1604 1085 1666 1132 iibri

123 1179 221 1230 umen
236 1175 434 1232 emendationes
452 1183 481 1232 et
498 1178 591 1248 plures
608 1193 721 1234 numero
740 1183 768 1234 ot
786 1193 815 1233 ra
833 1179 996 1248 insigniores
1013 1177 1221 1250 proficiscuntur
1233 1195 1250 1234 a
1262 1178 1448 1248 reeognitione
1461 1177 1551 1248 operis
1568 1145 1696 1255 {3332}ss

119 1281 243 1338 numeni
260 1283 369 1354 antiquo
387 1291 511 1355 tempore
529 1284 736 1354 diligentissime
751 1286 885 1356 instituta,
904 1285 938 1342 de
950 1301 1005 1356 qua
1016 1287 1070 1341 iam
1083 1285 1232 1342 uidendum
1245 1291 1296 1341 est.
1324 1283 1446 1341 disemus
1458 1279 1550 1340 autem
1578 1270 1692 1318 ⁰¹d¹¹¹²¹l⁸

113 1389 237 1460 primum
259 1390 293 1445 de
315 1389 404 1446 torma
427 1391 591 1447 emendandi
614 1391 754 1462 signisque
777 1393 984 1464 emendatoriis,
1007 1407 1079 1463 quae
1103 1394 1131 1448 in
1150 1393 1308 1449 uniuersum
1327 1391 1423 1448 eadem
1442 1396 1506 1448 sunt
1523 1391 1552 1446 in
1591 1405 1597 1416 ’

110 1494 247 1552 ommlsus
263 1497 499 1554 emendationibus
517 1499 576 1553 siue
598 1498 680 1567 primi
702 1498 843 1569 seripturis
866 1499 925 1555 siue
947 1504 1133 1556 aoorreotore
1155 1499 1221 1570 allo,
1245 1499 1357 1569 antiquo
1374 1504 1466 1555 tamen
1484 1503 1552 1554 tern-

109 1617 184 1674 pore
202 1601 296 1658 imtis:
313 1603 413 1660 deinde
431 1603 621 1676 disquiremus,
640 1605 713 1676 quali
731 1606 822 1676 operia
840 1604 1031 1664 distributione
1047 1606 1202 1663 emendatio
1214 1606 1340 1663 instituto
1351 1620 1412 1662 esse
1424 1605 1552 1662 uideatur

108 1715 144 1765 et
161 1713 233 1780 quot
249 1715 432 1767 eorreotornm
452 1727 548 1767 manus
566 1711 764 1768 discernantur.
1284 1713 1288 1720 '

169 1815 254 1873 Liuor
272 1818 331 1888 ipse
355 1833 418 1873 oum
442 1821 571 1874 exaratus
594 1819 631 1874 sit
655 1817 690 1874 ab
713 1819 873 1890 antiquariis
890 1819 1027 1876 scribendi
1045 1819 1159 1878 artifieio
1178 1821 1266 1891 magis
1284 1817 1451 1876 adsuetaetis
1468 1833 1551 1890 qnam
1569 1833 1703 1881 amendato·

107 1939 208 1980 rerum
227 1924 382 1994 segnitiono
400 1923 520 1995 imbutis,
539 1925 728 1981 emendatores
747 1931 862 1997 apparet
880 1941 934 1983 non
945 1928 1096 1984 litterarum
1108 1926 1224 1998 figuram
1236 1927 1441 1998 seripturaeque
1452 1926 1550 1996 puleri·
1581 1911 1693 2019 affl„

106 2031 240 2086 tudinem
263 2037 374 2086 seentos
397 2046 472 2101 esse,
496 2031 546 2086 sed
568 2037 642 2087 totos
665 2033 784 2088 intentos
808 2031 893 2089 luisse
916 2035 944 2090 in
968 2034 1113 2091 uerborum
1137 2033 1299 2090 traditorum
1319 2033 1504 2104 integritatem
1523 2036 1552 2088 et

106 2137 302 2192 sinoefimtem
312 2138 540 2208 recuperandam:
559 2139 632 2194 unde
644 2137 747 2194 laetum
760 2145 811 2210 est,
824 2144 855 2195 ut
867 2141 1002 2211 seriptura
1013 2141 1049 2196 ad
1061 2141 1198 2196 eursiuam
1211 2141 1299 2211 magis
1311 2141 1430 2212 inolinet,
1444 2140 1551 2196 litterae

107 2245 171 2298 sint
189 2241 294 2298 formae
312 2242 371 2299 sere
388 2245 518 2314 minutae,
539 2245 558 2305 S
576 2246 666 2302 littera
682 2247 842 2318 plerumque
859 2246 961 2304 habeat
977 2246 1092 2304 formam
1110 2252 1163 2318 (,
1183 2250 1204 2302 Δ
1221 2248 1250 2304 in
1271 2247 1383 2304 Graecis
1406 2245 1554 2304 romane

108 2351 158 2406 nel
178 2351 291 2420 saepius
309 2351 392 2406 etiam
411 2355 439 2421 d,
458 2351 576 2422 denique
594 2353 686 2409 omnia
703 2353 857 2410 scribantur
875 2357 1036 2425 auamento,
1055 2355 1168 2412 minium
1186 2371 1320 2426 nusquam
1338 2370 1373 2411 ne
1391 2353 1420 2410 in
1437 2352 1552 2409 rubrieis

106 2457 227 2528 quidem
253 2457 432 2513 emendandis
456 2458 627 2515 adhibeatur.
660 2462 812 2531 scripturae
834 2462 986 2532 proprietas
1008 2467 1038 2518 et
1057 2463 1082 2518 si
1099 2478 1155 2532 qua
1172 2468 1215 2519 est
1232 2461 1378 2518 diuersitas
1396 2465 1428 2516 ut
1444 2460 1552 2532 plenius

106 2565 305 2634 intellegatur,
328 2569 436 2634 praeter
458 2581 506 2621 eas
529 2582 598 2636 quas
618 2566 728 2624 tabulae
746 2574 902 2640 proponunt
919 2573 1049 2640 quattuor
1070 2569 1254 2626 emendatoria
1272 2568 1463 2626 adnotationes
1481 2565 1553 2623 inira

105 2672 312 2744 proposuimus
329 2677 460 2743 exeeptas
478 2673 601 2730 sollerter
619 2690 636 2730 a
653 2675 796 2747 Krnegero
814 2681 921 2733 nostro:

288 2883 454 2942 rerer:
473 2887 517 2942 ee.
530 2887 552 2958 r,
570 2888 631 2958 ιιι,
645 2890 678 2944 ιι
926 2887 977 2946 ιι
989 2890 1042 2945 sse
1061 2909 1094 2939 .—.
1113 2888 1156 2946 ee.
1175 2889 1197 2960 1,
1215 2889 1313 2960 ssa,e

301 3053 651 3145 dhffldtrorssm
858 3017 1126 3143 simma-sem
1137 3012 1319 3140 propr&

380 3135 656 3256 tttffl‘lt
913 3131 1309 3277 totu-we:

926 3254 1352 3432 sterilitates,

102 3555 136 3610 ΙΙ
156 3551 245 3608 ἱ129
258 3572 292 3600 =
305 3549 384 3622 ed.ll‚
396 3552 458 3622 261,
470 3551 488 3606 3
563 3553 589 3608 11
608 3551 626 3608 f.
640 3553 692 3609 348
703 3575 738 3603 =
750 3554 794 3610 od.
806 3555 841 3626 ll,
855 3554 915 3625 704,
928 3555 963 3610 35
1104 3554 1131 3608 ll
1149 3551 1168 3608 f.
1181 3553 1233 3609 387
1247 3573 1281 3602 =
1293 3553 1337 3609 ed.
1350 3553 1384 3625 ll,
1398 3553 1458 3624 785,
1472 3554 1487 3608 1

161 3679 174 3697 ι
1062 3673 1094 3738 7·

121 3691 454 3968 iissre
462 3766 477 3824 ¹
582 3689 927 3924 meme
1070 3721 1540 3904 litoreas

179 3988 225 4084 υ
236 3979 399 4064 §Mum
651 3933 814 4086 mauro·
820 3925 918 4076 τιεῖ.
1081 3901 1424 4005 ἅιιτδιδτθῐψυς

654 4123 683 4176 Ν
694 4113 719 4174 f

168 4399 179 4432 ¹
205 4395 283 4458 1‚64,
298 4396 331 4448 10
353 4405 411 4462 post
433 4395 589 4466 Pomponius
612 4402 731 4461 punctum
754 4393 862 4460 positum
884 4399 937 4455 est,
959 4408 992 4443 ne
1015 4389 1081 4443 male
1103 4408 1160 4444 eum
1177 4391 1219 4444 illo
1243 4391 1365 4445 uocabulo
1383 4391 1549 4457 coniungatur

109 4503 227 4552 nequem
250 4491 288 4538 uit
310 4485 440 4550 pertinens
463 4483 497 4534 ad
520 4491 558 4538 aii
579 4490 691 4552 prodor.
718 4482 831 4534 similiter
854 4483 879 4532 in
901 4481 959 4548 lege
977 4481 1003 4544 9,
1020 4481 1045 4542 2,
1063 4481 1097 4533 23
1122 4491 1182 4534 ante
1205 4480 1378 4549 paragraphos
1400 4496 1465 4546 quae
1483 4495 1549 4530 nune

110 4585 175 4628 sunt
197 4573 295 4626 1.3.0.
309 4572 364 4624 7.8
387 4573 480 4624 adsunt
503 4580 609 4638 puncta,
633 4580 691 4622 ante
710 4573 768 4638 §11
789 4571 898 4638 spatium
921 4571 975 4622 sine
993 4579 1095 4636 puneto.
1122 4571 1148 4621 in
1165 4570 1223 4637 lege
1244 4571 1285 4633 14,
1298 4569 1323 4632 2,
1338 4570 1371 4620 10
1389 4577 1483 4635 puncta
1500 4568 1548 4619 sd·

110 4675 176 4716 mt
194 4673 254 4730 post
270 4661 393 4714 uoeabula
409 4661 473 4714 haee
491 4679 517 4727 p.
529 4661 579 4712 421
601 4678 625 4712 u.
638 4660 672 4712 32
689 4660 822 4730 pittonoa,
840 4659 991 4724 oondrmisti,
1008 4677 1033 4711 u.
1046 4659 1081 4711 33
1099 4659 1208 4723 debeor,
1227 4659 1332 4722 Penius,
1349 4657 1419 4709 nst
1437 4663 1550 4728 impositi

111 4755 151 4820 (u.
164 4753 202 4803 35
220 4759 279 4818 post
295 4751 400 4805 &retur
418 4751 552 4817 spatium),
576 4768 601 4801 n.
613 4750 647 4800 36
665 4755 831 4819 oroneipr'am,
851 4767 876 4800 u.
889 4748 923 4800 39
942 4755 1012 4812 onai,
1034 4751 1139 4818 paulus,
1162 4767 1187 4798 u.
1199 4748 1235 4799 40
1250 4753 1343 4817 periit,
1364 4752 1439 4810 esset,
1457 4763 1483 4812 p.
1496 4743 1549 4794 422

112 4861 139 4894 ιι.
155 4844 168 4894 l
181 4843 282 4913 suerii,
304 4839 359 4892 m3
376 4846 515 4910 spectaret,
538 4839 589 4890 ιιθ
607 4847 672 4902 eiua,
690 4837 744 4889 ιι.7
761 4844 886 4908 portasti,
904 4837 986 4902 debes,
1007 4835 1118 4900 Paulus,
1136 4837 1191 4888 u.8
1209 4855 1316 4891 mecm:
1337 4835 1407 4886 utin
1425 4834 1473 4884 huo
1491 4833 1549 4900 lege

111 4939 242 4984 eonmta
259 4929 377 4982 distiuma
395 4929 445 4980 sint
463 4929 562 4995 ponetis
581 4927 741 5004 interposip's.
769 4925 881 4977 similiter
899 4926 924 4976 in
942 4925 1062 4978 laterculo
1081 4925 1199 4976 mersium
1217 4925 1249 4986 11,
1265 4923 1326 4987 407,
1342 4921 1457 4975 13-22,
1472 4938 1547 4972 uooa·

1286 5038 1319 5084 ο.
