3668 5356
244 183 320 252 Xlil
344 187 360 251 1
382 191 415 247 ιτ
917 175 1005 258 606
1438 201 1485 249 na
1507 199 1684 250 saumuro

245 339 341 396 definit
357 339 466 396 Ofilius:
490 338 625 409 fugitiuus
642 345 699 410 est,
724 339 771 410 qul
789 344 868 398 extra
884 339 987 395 domini
1005 339 1117 395 domum
1135 338 1219 410 fugae
1237 355 1334 410 eausa,
1353 353 1408 410 quo
1427 355 1457 395 so
1475 355 1493 402 a
1511 340 1621 395 domino
1639 354 1683 394 ce·

213 439 226 484 1
245 431 321 500 laret,
341 429 449 484 mansit.
482 429 593 485 Caelius
611 434 703 485 autem
721 427 867 498 fugitiuum
886 443 948 483 esse
966 429 1006 484 ait
1023 443 1094 500 oum,
1112 431 1159 499 qni
1178 445 1212 484 ea
1229 433 1320 484 mente
1338 428 1471 498 discedat,
1490 443 1525 484 ne
1543 417 1582 482 ad
1597 428 1684 482 domi·

245 535 310 574 num
329 518 432 588 redeat,
450 519 560 574 tametsi
578 523 684 574 mutato
703 518 816 574 consilio
834 517 870 573 ad
883 533 946 572 enm
957 521 1127 573 reuertatur:
1146 533 1227 574 nemo
1239 519 1310 574 enim
1323 519 1371 573 tali
1382 522 1507 588 peccato,
1525 504 1683 594 [Q

213 617 227 660 a
245 608 342 678 inquit,
359 608 527 677 paenitentia
544 623 595 663 sua
612 623 715 663 nocens
734 622 795 664 esse
813 607 922 662 desinit.
951 607 1063 662 Cassius
1081 621 1190 676 quoqne
1209 607 1304 664 scribit
1315 606 1461 677 fugitiuum
1474 622 1544 678 esse,
1562 608 1610 678 qui
1628 602 1682 690 [Q]

213 705 227 750 t
246 701 321 752 certo
344 698 483 768 proposito
507 697 647 752 dominum
669 697 813 767 relinquat.
850 697 919 751 Item
943 696 1017 766 apud
1035 695 1182 752 Uiuianum
1205 697 1321 752 relatum
1346 701 1390 752 est
1406 695 1552 766 fugitiuum
1572 695 1629 752 fere
1647 695 1683 751 ab
1701 700 1717 742 ὅ

246 786 347 840 affectu
365 786 449 841 animi
466 785 679 856 Intellegendum
697 801 773 855 esse,
793 799 847 841 non
865 786 960 855 utique
978 801 996 840 a
1012 784 1093 856 fuga:
1111 801 1175 841 nam
1194 801 1265 856 enm,
1284 786 1331 856 qui
1348 785 1455 842 hostem
1475 791 1524 841 aut
1540 787 1683 856 latronem,

245 874 401 930 incendium
419 875 561 930 ruinamue
580 873 696 945 fugeret,
715 875 840 945 quamuis
858 872 964 943 fugisse
982 890 1078 930 uerum
1097 879 1148 944 est,
1166 889 1221 930 non
1239 879 1332 930 umen
1349 873 1496 945 fugitiuum
1515 889 1585 930 osse.
1616 875 1682 929 item

246 979 281 1018 ne
299 979 361 1018 eum
380 963 498 1034 quidem,
517 963 564 1033 qui
583 979 600 1018 a
617 968 795 1033 praeceptore
814 963 858 1018 eui
875 963 904 1018 in
922 963 1093 1033 disciplinam
1111 963 1229 1020 traditus
1247 969 1306 1018 erat
1318 962 1434 1034 aufugit,
1452 979 1514 1019 ease
1526 962 1683 1034 fugitiuum,

246 1053 271 1109 si
287 1051 358 1109 forte
376 1052 438 1108 ideo
456 1051 541 1123 fugit,
563 1052 628 1122 quia
645 1051 824 1107 immoderate
842 1051 1030 1108 coutebatur.
1063 1053 1190 1123 idemque
1208 1052 1309 1124 probat
1326 1057 1355 1107 et
1372 1053 1396 1108 si
1413 1052 1449 1108 ab
1468 1067 1501 1108 eo
1519 1051 1622 1123 fugerit
1639 1053 1683 1107 cui

246 1147 306 1198 erat
324 1141 526 1211 commodatus,
548 1141 571 1196 si
588 1145 699 1211 propter
717 1140 832 1196 eandem
852 1155 964 1197 eausam
982 1139 1092 1211 fugerit
1124 1141 1197 1196 idern
1216 1141 1315 1211 probat
1333 1141 1467 1198 Uiuianus
1485 1147 1514 1197 st
1530 1143 1554 1196 si
1572 1142 1684 1196 saeuius
1703 1147 1731 1188 1⁰

246 1247 308 1286 cum
327 1245 361 1286 eo
379 1229 489 1300 agebat.
517 1230 584 1285 baec
602 1231 649 1300 ita,
668 1230 692 1284 si
710 1243 758 1285 eos
775 1227 894 1300 fugisset
911 1235 941 1285 et
958 1230 995 1285 ad
1012 1229 1151 1286 dominum
1169 1232 1305 1286 uenisset:
1323 1237 1445 1286 ceterum
1458 1231 1482 1285 si
1494 1231 1530 1286 ad
1542 1230 1683 1286 dominnm

212 1323 301 1376 anon
323 1321 459 1390 uenisset,
484 1319 542 1374 sine
566 1319 621 1374 ulla
644 1317 815 1374 dubitatione
838 1317 985 1388 fugitiuum
1008 1320 1095 1376 uideri
1114 1321 1161 1376 ait.
1198 1319 1275 1376 Idem
1294 1321 1333 1375 ait
1349 1321 1534 1389 interrogatus
1551 1320 1683 1374 hoeulus

246 1409 281 1465 de
300 1425 346 1479 eo,
369 1409 417 1479 qui
434 1408 509 1464 domi
526 1408 653 1463 latuisset
670 1408 698 1462 in
715 1407 768 1463 hoc
786 1409 902 1478 scilicet,
923 1413 956 1463 ut
973 1407 1056 1479 fugae
1074 1414 1173 1465 nactus
1190 1409 1363 1465 occasionem
1381 1423 1412 1464 se
1429 1407 1616 1464 subtraheret:
1635 1409 1682 1478 ait,

245 1499 356 1554 tametsi
379 1497 476 1568 fugere
498 1512 553 1553 non
576 1501 671 1567 posset
693 1497 794 1568 uideri,
818 1498 865 1567 qni
886 1498 960 1553 dorni
978 1499 1136 1570 mansisset,
1160 1503 1253 1554 tamma
1270 1497 1499 1569 eum·fugitiunm
1518 1495 1616 1552 fuisse:
1640 1498 1683 1552 sin

246 1593 338 1642 autem
357 1587 385 1642 in
403 1586 456 1642 hoo
473 1591 580 1641 tantum
599 1585 738 1656 latuisset,
760 1585 852 1656 quoad
869 1587 1012 1642 iracundia
1029 1587 1133 1643 domini
1150 1589 1355 1657 effervesceret,
1374 1585 1520 1656 fugitiuum
1539 1602 1594 1642 non
1613 1601 1682 1657 esse,
1703 1593 1730 1633 ¹⁵

246 1677 327 1732 sicuti
344 1661 380 1731 ιιὸ
398 1691 461 1731 eum
479 1675 598 1744 quidem,
617 1675 664 1744 qui
682 1689 744 1730 oum
763 1675 903 1731 dominnm
921 1675 1151 1732 animaduerteret
1162 1676 1323 1732 uerberibus
1335 1693 1365 1732 se
1378 1675 1495 1736 adiicere
1507 1677 1586 1746 uelle,
1604 1691 1683 1746 prae-

246 1766 388 1836 ripuisset¹
407 1779 438 1820 se
456 1763 492 1819 ad
510 1764 636 1834 amioum,
655 1779 736 1833 quem
755 1765 790 1820 ad
808 1765 977 1834 precandum
996 1765 1165 1835 perduceret.
1193 1779 1228 1822 ne
1246 1781 1308 1820 enm
1327 1765 1438 1836 quidem
1452 1764 1598 1836 fugitiuum
1612 1779 1682 1835 esse,

246 1855 293 1926 qul
310 1855 338 1909 in
355 1853 408 1909 hoc
425 1867 588 1924 progressus
606 1856 661 1923 est,
685 1857 717 1908 ut
734 1869 765 1909 se
783 1855 975 1925 praecipitaret
992 1858 1124 1922 (ceterum
1144 1854 1226 1909 etiam
1245 1869 1308 1909 eum
1326 1855 1388 1924 quis
1405 1853 1552 1924 fugitiuum
1571 1853 1683 1924 diceret,

245 1944 293 2014 qui
316 1942 390 1999 domi
410 1943 438 1996 in
456 1943 541 1998 altum
559 1942 649 1997 locum
668 1942 704 1997 ad
722 1943 957 2013 praecipitandum
976 1959 1006 1998 se
1025 1941 1220 2014 ascendisset),
1244 1943 1388 2014 magisque
1406 1942 1479 1998 hune
1497 1949 1611 1998 mortem
1630 1943 1683 1998 sibi

245 2033 415 2090 consciscere
433 2031 562 2086 uoluisse.
589 2030 655 2086 illud
673 2032 754 2102 enim,
773 2031 846 2102 quod
864 2033 1025 2102 plemmqne
1043 2032 1079 2088 ab
1096 2031 1322 2103 imprudentibus,
1341 2033 1437 2102 inquit,
1456 2031 1510 2088 diei
1522 2033 1600 2102 solet,
1619 2047 1682 2086 eum
1702 2039 1730 2080 ιο

245 2137 307 2179 esse
330 2119 492 2190 fugitiuum,
515 2119 562 2190 qui
579 2124 662 2176 nocto
680 2121 772 2191 aliqua
790 2121 848 2176 sine
866 2123 1007 2178 uoluntate
1026 2121 1132 2192 domini
1146 2122 1321 2190 emansisset,
1345 2136 1401 2176 non
1418 2135 1480 2176 esse
1497 2137 1608 2190 uerum,
1633 2121 1683 2176 sed

213 2217 228 2264 t
246 2211 281 2268 ab
300 2211 401 2267 affeetu
419 2209 502 2264 animi
520 2209 652 2280 cuiusque
670 2209 878 2266 aestimandum.
906 2211 982 2266 Idem
996 2211 1129 2267 Uiuianus
1147 2211 1193 2281 ait,
1212 2211 1236 2266 si
1254 2227 1271 2266 a
1289 2210 1421 2279 magistro
1438 2225 1507 2280 pnsr
1524 2211 1639 2266 recessit
1653 2215 1683 2264 et

245 2316 339 2357 rursus
361 2299 396 2354 ad
415 2301 529 2353 matrem
547 2299 685 2369 peruenit,
709 2314 771 2354 cnm
789 2305 979 2371 quaereretur,
1003 2317 1068 2356 num
1086 2299 1220 2370 fugitiuus
1237 2303 1325 2354 esset:
1349 2298 1373 2353 si
1391 2299 1498 2354 celandi
1516 2315 1682 2370 causaque,

245 2406 281 2446 ne
299 2389 335 2446 ad
353 2388 493 2444 dominnm
511 2391 707 2458 reuerteretur,
726 2386 857 2459 fugisset,
876 2387 1024 2460 fugitiuum
1042 2403 1117 2445 esse:
1136 2390 1179 2444 sin
1196 2403 1264 2444 nero
1282 2393 1314 2444 ut
1331 2403 1381 2459 per
1399 2392 1514 2443 matrem
1533 2386 1682 2444 faciliorem

213 2484 228 2531 t
245 2477 464 2550 deprecationem
483 2473 598 2532 haberet
614 2476 706 2532 delieti
724 2477 848 2548 alicuius,
866 2493 922 2534 non
940 2494 1002 2534 esse
1020 2477 1176 2548 fugitiuum.
1207 2479 1316 2534 (laelius
1335 2494 1444 2550 quoqne
1463 2477 1565 2547 scribit,
1584 2478 1608 2532 si
1626 2492 1682 2532 ser·
1702 2485 1731 2526 ιδ

245 2585 310 2624 num
334 2566 445 2635 emeris,
468 2564 515 2634 qui
534 2579 564 2620 se
582 2565 610 2620 in
628 2565 749 2620 Tiberim
767 2565 880 2637 deiecit,
904 2568 927 2622 si
945 2568 1078 2624 moriendi
1096 2567 1241 2623 dumtaxat
1258 2569 1370 2624 consilio
1389 2573 1518 2638 suscepto
1536 2584 1553 2622 a
1571 2565 1682 2622 domino

245 2656 426 2726 discessisset,
446 2669 500 2709 non
519 2667 581 2710 esse
598 2653 754 2725 fugitiuum,
774 2655 823 2711 scd
843 2655 853 2726 ll
872 2657 896 2711 si
914 2655 997 2727 fugae
1014 2657 1096 2728 prius·
1108 2658 1251 2713 consilinm
1269 2657 1372 2728 habuit,
1390 2657 1490 2713 deinde
1508 2660 1681 2711 mutatauo-
1700 2659 1716 2706 1.
1728 2655 1782 2708 aaa'

244 2745 349 2802 luntate
367 2744 396 2799 in
414 2742 534 2798 Tiberim
554 2757 584 2799 se
602 2743 710 2814 deiecit,
729 2759 838 2800 manere
855 2743 1011 2815 fugitiuum.
1039 2747 1136 2801 eadem
1154 2747 1254 2816 probat
1271 2752 1300 2802 et
1317 2745 1352 2802 dc
1370 2761 1412 2817 eo,
1430 2746 1477 2816 qui
1495 2745 1530 2800 de
1547 2750 1631 2816 ponte
1649 2761 1681 2800 se

212 2839 227 2888 'l
243 2832 443 2906 praecipitauit.
470 2831 540 2888 haec
558 2832 650 2888 omnia
667 2847 735 2888 uera
752 2839 825 2903 sunt,
843 2849 915 2905 quae
934 2835 1042 2890 Caelius
1060 2835 1161 2891 scribit.
1189 2835 1266 2890 Idem
1285 2835 1332 2906 ait,
1351 2836 1374 2890 si
1386 2851 1483 2890 seruus
1494 2841 1559 2890 tuus
1572 2832 1681 2904 fugiens

244 2923 375 2978 uicarium
393 2937 480 2976 -snnm
500 2936 594 2976 secum
613 2921 740 2978 abduxit:
766 2923 789 2978 si
807 2923 926 2979 nicasius
944 2925 1046 2979 inuitus
1065 2928 1114 2980 aut
1130 2925 1288 2994 imprudens
1306 2927 1418 2979 secutus
1435 2929 1478 2978 est
1496 2937 1585 2993 neque
1602 2939 1682 2979 occa-
1702 2931 1731 2973 ³⁰

244 3011 349 3067 sionem
374 3009 410 3065 ad
431 3015 460 3066 te
483 3009 616 3066 redeundi
637 3017 734 3068 nactus
751 3013 949 3084 praetermisit,
974 3029 1029 3069 non
1047 3013 1134 3069 uideri
1151 3011 1299 3083 fugitiuum
1316 3011 1415 3068 fuisse:
1439 3011 1489 3067 sed
1508 3013 1532 3066 si
1550 3017 1599 3066 aut
1616 3011 1682 3066 olim

244 3115 307 3155 cum
330 3099 439 3171 fugeret
461 3099 594 3155 intellexit
617 3101 683 3170 quid
707 3107 835 3171 ageretur
858 3107 907 3158 ant
929 3108 1027 3173 postea
1049 3103 1179 3172 cognouit
1195 3102 1262 3173 quid
1280 3103 1335 3158 acti
1352 3106 1427 3156 esset
1444 3103 1473 3157 et
1490 3101 1579 3158 redire
1598 3101 1634 3155 ad
1651 3105 1682 3156 to

244 3203 307 3243 oum
331 3191 426 3257 posset
447 3189 548 3259 uoluit,
572 3193 668 3244 contra
690 3203 759 3246 esse.
795 3191 868 3246 idem
892 3197 972 3262 putat
993 3193 1140 3248 dicendum
1164 3192 1199 3247 de
1217 3207 1264 3261 eo,
1289 3205 1371 3261 quem
1388 3191 1538 3261 plagiarius
1556 3189 1681 3244 abduxit

212 3261 320 3332 sidem
340 3275 448 3332 Caelius
467 3277 518 3349 ait,
537 3277 561 3332 si
579 3293 688 3348 seruus,
708 3293 769 3334 cum
789 3280 817 3334 in
834 3279 921 3337 fundo
938 3286 1024 3351 esset,
1044 3281 1147 3336 exisset
1164 3281 1198 3336 de
1216 3281 1281 3336 uilla
1299 3295 1333 3334 ea
1350 3284 1456 3350 mente,
1474 3285 1506 3334 ut
1523 3277 1683 3350 profugeret

244 3365 351 3435 etquis
370 3367 624 3437 eum,prinequam
642 3381 678 3423 ex
695 3366 780 3425 fundo
797 3373 846 3424 tuo
865 3369 967 3425 exisset
972 3369 1256 3440 ,comprehendisset
1275 3367 1422 3439 fugitiuum
1440 3367 1541 3424 rdderi:
1560 3369 1680 3423 animum
1701 3379 1730 3420 aa

211 3454 316 3511 aenim
338 3452 485 3526 fugitiuum
508 3453 607 3511 facere.
643 3456 720 3512 Idem
744 3458 784 3512 ait
805 3472 857 3513 nec
877 3473 955 3528 eum,
979 3460 1027 3528 qui
1045 3457 1192 3529 adingam
1210 3458 1326 3528 gradum
1344 3474 1430 3513 unum
1448 3459 1600 3512 alterumue
1618 3472 1681 3527 pro·

244 3544 331 3600 mouit
347 3544 392 3600 uel
410 3544 493 3599 etiam
511 3559 619 3600 currere
637 3547 736 3616 eoepit,
755 3547 779 3602 si
796 3547 937 3602 dominnm
954 3552 1115 3618 sequentem
1132 3561 1188 3604 non
1205 3551 1298 3618 potest
1315 3547 1442 3617 euadere,
1459 3562 1514 3602 non
1524 3560 1594 3601 ¹esse
1609 3543 1681 3615 fngi-

195 3639 225 3687 ιο
244 3633 340 3688 tinum.
367 3632 444 3688 idem
462 3638 537 3688 recte
555 3633 595 3688 ait
612 3632 745 3690 libertatis
764 3635 907 3690 cuiusdam
925 3637 1044 3706 speciem
1064 3652 1125 3691 esse
1143 3635 1256 3707 fugisse,
1274 3635 1328 3692 hoe
1340 3641 1532 3706 estpotestate
1544 3635 1682 3690 dominica

195 3729 223 3776 11
244 3722 272 3778 in
288 3722 428 3793 praesenti
444 3721 589 3777 liberatum
607 3737 678 3778 esse.
710 3725 822 3794 Pignori
839 3724 921 3780 datus
939 3741 1035 3781 seruus
1054 3725 1204 3782 debitorem
1223 3713 1334 3796 quidem
1353 3725 1493 3780 dominum
1511 3723 1607 3794 habet,
1631 3723 1682 3778 sed

195 3819 225 3866 ts
244 3811 280 3881 si,
299 3813 479 3881 posteaquam
497 3811 540 3866 ius
558 3825 639 3866 suum
657 3813 780 3867 exercuit
797 3813 929 3884 creditor,
948 3815 973 3870 ei
991 3831 1022 3870 se
1039 3814 1183 3884 subtraxit,
1202 3817 1295 3885 potest
1312 3811 1446 3884 fugitiuus
1464 3813 1560 3868 uideri.
1596 3811 1681 3883 Apud
1701 3823 1731 3864 so

244 3899 401 3956 Labeonem
419 3904 448 3955 et
465 3899 587 3955 Caelium
606 3901 758 3970 quaeritur,
776 3901 800 3956 si
818 3903 879 3973 quis
897 3903 926 3957 in
944 3903 1052 3975 asylum
1070 3903 1225 3974 confugerit
1242 3908 1291 3959 aut
1308 3917 1342 3960 eo
1360 3917 1391 3958 se
1408 3901 1544 3972 conferat,
1564 3917 1618 3972 quo
1636 3917 1681 3958 so-

242 3989 301 4044 lent
321 3990 416 4044 uenire
434 3989 481 4058 qni
498 4003 529 4044 se
546 3989 659 4044 uenales
676 3990 831 4062 postulant,
854 4007 890 4047 an
907 3990 1041 4062 fugitiuus
1059 3993 1107 4049 sit:
1132 4008 1185 4064 ego
1203 3997 1272 4063 puto
1290 4009 1345 4049 non
1363 4008 1424 4048 esse
1442 4008 1505 4048 eum
1523 3990 1681 4062 fugitiuum,

242 4094 406 4166 FlP(VU)l

245 4256 253 4290 ¹
271 4253 450 4324 proripuisset
467 4255 631 4324 (Badceasll

243 4392 356 4465 lfugm
347 4394 464 4451 'bnssst
482 4397 518 4449 Ρ·
563 4395 778 4467 2fngitiuusP·
822 4398 933 4454 aduci-
986 4399 1681 4471 om.P⁰21dom1m1dumP⁶lessetP·23quo

241 4466 316 4536 plina
334 4467 449 4534 PVU¹l
470 4466 532 4522 au't'
545 4466 616 4537 fugit
638 4483 700 4524 esse
718 4467 864 4538 fugitiuum
885 4471 932 4537 F’,
986 4491 1035 4526 om.
1047 4471 1127 4528 PVU
1182 4474 1217 4527 24
1235 4473 1278 4541 ne]
1298 4486 1349 4526 nec
1368 4471 1407 4525 P·
1464 4471 1499 4526 25
1517 4470 1681 4542 depra'eca-

242 4542 291 4592 aut
312 4535 370 4592 fn'
402 4535 469 4592 siu
469 4538 586 4607 gitium
610 4539 651 4593 P
657 4542 690 4594 V·
696 4540 756 4605 lU·,
780 4539 934 4609 aufugisset
985 4544 1088 4598 tionem
1114 4544 1153 4598 Ρ·
1177 4545 1182 4611 Ι
1205 4542 1328 4611 haberet}
1355 4541 1470 4597 haberet
1496 4545 1525 4597 et
1555 4543 1681 4598 P'VU·?

241 4606 326 4663 fuisse
343 4553 498 4678 ἳιῖἰιὶιιιιιπ
509 4607 594 4674 Ρ’11·,
614 4609 769 4680 aufugisset
785 4610 932 4681 fugitiuum
986 4617 1021 4669 26
1044 4619 1187 4686 susetcpto
1210 4615 1250 4668 P·
1303 4615 1338 4668 19
1361 4613 1408 4682 ait]
1435 4619 1464 4668 at
1485 4613 1524 4668 P·
1577 4615 1613 4668 30
1631 4614 1680 4668 ad·

242 4693 304 4734 esse
326 4679 361 4732 V‘
374 4625 441 4736 gl10
459 4679 585 4736 bibianus
604 4683 641 4736 Ρ·
687 4683 720 4738 11
737 4682 821 4752 etad]
841 4685 937 4738 etaP
986 4685 1066 4740 duxit
1083 4687 1154 4740 PV
1194 4687 1228 4740 31
1247 4684 1441 4740 redeundoP·
1446 4684 1499 4753 11·Ι
1515 4689 1594 4738 actus
1612 4686 1653 4740 P·
1673 4685 1678 4756 Ι

243 4748 574 4822 14fugerecn0np0sse
592 4753 633 4807 P·
686 4754 812 4824 requos
830 4754 866 4809 ad
885 4756 932 4820 1²⁶,
986 4754 1090 4826 fugisse
1114 4755 1187 4811 P·V
1241 4759 1277 4812 32
1302 4757 1369 4826 quid
1393 4771 1468 4825 ager.
1494 4687 1578 4826 ¹quod
1602 4771 1679 4824 ager.

241 4819 373 4891 quodV·
394 4821 530 4908 ldominil
555 4823 600 4889 F1,
623 4823 794 4881 dominorum
818 4825 935 4880 F’PVU
986 4827 1026 4880 Ρ·
1031 4828 1093 4882 VU·
1127 4828 1387 4898 33plagitariusP·
1422 4827 1478 4882 38
1478 4826 1680 4882 iberatisP⁶U·

243 4894 314 4962 16p
295 4892 559 5017 praeriprrisetffl
494 4824 530 4960 El
540 4896 648 4965 praerip
649 4896 691 4950 uit
708 4902 737 4951 et
751 4899 790 4952 Ρ·
795 4895 837 4963 V·,
855 4911 933 4966 prae·
985 4899 1047 4954 40
1039 4915 1143 4955 russum
1162 4899 1210 4965 Ρ·
1230 4899 1329 4954 1ιιιΛ11
1381 4898 1416 4954 42
1434 4898 1474 4967 se]
1494 4912 1524 4953 re
1542 4899 1582 4953 P·

241 4963 326 5036 ripuit
342 4963 381 5018 Ρ*
411 4963 453 5019 U
499 4967 533 5022 18
551 4967 622 5037 quis]
630 4913 742 5038 1'quw'
793 4969 829 5023 20
846 4968 934 5039 inquit
