3540 5340
837 140 1129 219 uxptlduilo

671 305 918 363 sruuouuu
948 304 1287 384 uouaauupuu

898 489 1057 498 ———--

257 559 279 615 1.
303 559 335 614 ln
353 561 441 614 textu.

292 673 403 720 ematosa
420 667 511 720 titteris
529 663 553 719 si
571 679 626 734 qua
643 679 776 734 expressa
793 669 859 720 sunt
876 663 904 718 in
922 661 1068 719 uerborum
1088 663 1184 719 ordine
1202 663 1306 719 scilicet
1317 661 1485 732 Latinorum,
1503 662 1541 718 ibi
1560 663 1742 734 scripturas

415 753 610 810 incditionem
628 758 740 824 recepta
763 753 881 810 discedit
904 769 922 808 a
939 753 1097 808 Florentino
1114 752 1198 822 libro,
1222 753 1261 808 ita
1278 756 1385 821 tamen,
1402 758 1448 824 ut,
1467 753 1526 808 siue
1543 753 1619 822 prior
1637 753 1721 808 sine-

415 844 550 914 posterior
568 844 627 900 eius
645 843 781 914 scriptura
798 843 920 899 admissa
937 843 982 912 sit,
1000 858 1034 898 oa
1052 844 1221 914 exprimatur
1236 843 1317 898 rectis
1332 842 1438 911 litteris,
1456 842 1556 898 deinde
1568 845 1698 900 cursiuao

414 948 450 988 ne
472 932 665 1002 adhibeantur,
689 932 736 988 ubi
760 933 953 988 mutationes
977 937 1021 987 est
1042 933 1094 987 nisi
1118 931 1336 1002 orthographica.
1371 937 1492 987 ceterum
1513 945 1569 988 non
1587 937 1697 987 tantum

337 1015 339 1020 ’
414 1021 462 1078 ubi
483 1023 591 1078 litterae
613 1022 749 1093 quaedam
774 1021 885 1078 additae
903 1025 968 1077 sunt
985 1022 1031 1077 uel
1049 1027 1185 1091 mutatae,
1209 1036 1259 1078 eae
1277 1021 1454 1091 inclinantur,
1476 1020 1631 1076 sedetiam
1649 1020 1699 1077 ubi

415 1111 550 1182 quaedam
580 1111 705 1168 sublatae
732 1117 797 1168 sunt
821 1111 1086 1181 (e.c.1,310,i),
1115 1125 1150 1168 ne
1172 1109 1301 1166 lallaotm
1323 1111 1370 1180 qui
1392 1111 1501 1180 legunt,
1530 1109 1699 1166 inclinantur

413 1201 555 1271 proximae
574 1215 707 1272 quaeque.

292 1290 303 1312 “
323 1289 485 1345 asteriscum
503 1290 531 1345 in
548 1290 637 1361 prima
654 1293 733 1361 parte
751 1289 842 1361 operis
860 1288 1025 1359 praescripsi
1037 1287 1179 1343 uocabulis
1190 1287 1233 1357 iis,
1253 1302 1325 1356 quae
1337 1288 1364 1342 in
1376 1291 1483 1342 textum
1495 1291 1610 1357 recepta
1621 1292 1698 1357 sunt,

414 1394 477 1434 cum
495 1394 585 1450 neque
603 1380 666 1434 ullis
683 1379 759 1435 libris
777 1393 866 1449 neque
882 1379 989 1435 Graeca
1005 1379 1132 1434 uersione
1150 1379 1218 1434 satis
1236 1376 1456 1434 defenderentur.
1484 1377 1536 1433 hoc
1553 1381 1651 1434 maren
1670 1383 1699 1433 ct

414 1468 452 1525 ibi
469 1469 642 1539 paucissimis
660 1470 727 1526 locis
746 1468 798 1525 ieci
816 1475 846 1525 et
864 1485 928 1524 mox
947 1469 1034 1538 omisi,
1053 1467 1275 1523 secundariorum
1293 1467 1422 1524 librorum
1439 1466 1557 1523 edoctus
1576 1467 1697 1524 auctori-

413 1563 498 1614 tatem
516 1559 599 1614 eiiam
618 1558 830 1616 minoremesse
848 1573 930 1629 quam
949 1559 1013 1614 olim
1032 1561 1167 1628 putaram.

254 1718 289 1774 11.
313 1718 343 1774 ln
361 1719 485 1790 margine
503 1719 621 1775 sinistro.

289 1842 315 1898 q.
326 1828 350 1898 l,
368 1827 433 1882 item
452 1825 636 1883 f.1.1'.2.2'
656 1830 684 1882 et
707 1827 748 1882 sic
766 1826 895 1897 deinceps
916 1827 1022 1882 numeri
1040 1825 1171 1897 adscripti
1189 1825 1345 1896 significant
1362 1824 1518 1895 quiniones,
1541 1824 1609 1880 item
1628 1823 1695 1882 folia

411 1920 488 1970 recta
505 1920 534 1970 et
551 1931 633 1970 uersa
651 1915 814 1986 exemplaris
832 1915 989 1986 Florentini,
1008 1916 1047 1970 ita
1065 1919 1096 1970 ut
1114 1916 1189 1985 prius
1204 1915 1285 1971 huius
1297 1914 1566 1987 editionisuolumen
1578 1929 1694 1985 respon·

411 2004 477 2060 deat
495 2005 626 2060 uolumini
645 2005 704 2060 cius
722 2005 819 2075 priori,
843 2004 979 2075 posterius
1003 2005 1155 2074 posteriori.
1189 2009 1218 2059 et
1240 2005 1338 2075 prioris
1356 2003 1465 2074 quidem
1484 2003 1634 2058 uoluminis
1653 2002 1693 2060 fo

411 2094 507 2149 tiorum
526 2095 632 2150 numeri
649 2095 702 2164 ipsi
720 2099 785 2150 sunt
809 2077 880 2150 loliis
899 2093 979 2149 bodie
1003 2093 1142 2164 inscripti:
1166 2094 1325 2164 posterioris
1348 2097 1440 2148 autem
1458 2091 1542 2162 buius
1561 2092 1691 2148 editionis

410 2183 555 2238 uoluminis
579 2183 685 2239 numeri
709 2182 744 2238 ab
762 2183 900 2253 inscriptis
923 2183 1010 2238 codici
1033 2184 1073 2238 ita
1090 2182 1235 2252 recedunt,
1259 2188 1290 2238 ut
1308 2181 1455 2238 s.1-162
1474 2182 1501 2236 in
1520 2181 1617 2238 codice
1641 2197 1691 2237 nu-

410 2277 548 2328 merentur
570 2275 718 2344 11-172,
741 2271 760 2328 f.
780 2275 831 2329 163
856 2271 894 2328 ibi
917 2273 954 2328 sit
979 2273 1051 2342 172⁶,
1075 2271 1094 2327 i.
1109 2273 1261 2328 164-465
1284 2271 1322 2328 ibi
1341 2275 1516 2327 numerentur
1536 2271 1690 2327 rte-4⁷4

410 2363 448 2428 (u.
461 2378 488 2430 p.
501 2361 603 2428 XXX).

285 2449 307 2503 S
325 2469 359 2497 =
377 2447 526 2506 Sabiniana
543 2455 674 2522 excerpta

285 2537 313 2592 E
326 2559 360 2586 =
378 2538 506 2593 edictalia
523 2544 653 2609 excerpta

286 2628 312 2681 P
326 2649 359 2676 =
378 2627 528 2698 Papiniano
546 2633 676 2698 excerpta

286 2715 313 2770 A
326 2737 360 2765 =
379 2716 517 2786 appendix
538 2721 728 2788 excerptorum

285 2805 386 2860 SEPA
405 2805 558 2876 similiaque
576 2805 653 2861 iuxta
665 2805 800 2862 rubricam
813 2805 936 2862 indicant
948 2806 1080 2876 ordinem,
1099 2821 1153 2876 quc
1167 2807 1195 2862 in
1207 2821 1241 2863 eo
1254 2807 1342 2876 titulo,
1361 2804 1396 2861 de
1407 2820 1462 2876 quo
1475 2806 1576 2877 agitur,
1595 2806 1686 2862 dictae

406 2899 500 2965 partes
518 2895 668 2951 collocatae
686 2895 869 2951 inueniuntur.

275 2986 377 3058 fpost
394 2983 415 3038 S
428 2983 455 3038 Ε
465 2985 491 3038 Α
507 2985 535 3037 Ρ
549 2981 687 3054 significat
704 2984 732 3038 in
750 2983 802 3039 bac
820 2984 881 3054 lege
898 2982 976 3038 finire
994 2985 1208 3054 uniuscuiusque
1226 2985 1298 3040 tibull
1316 2989 1421 3054 partem
1435 2983 1495 3040 siue
1507 2981 1685 3040 Sabinianum

407 3072 467 3126 siue
484 3072 628 3128 edictalem
647 3073 707 3128 siue
724 3073 902 3142 Papinlauam
922 3073 982 3128 siue
1000 3073 1178 3143 appendicem
1198 3079 1398 3143 excerptorum.

284 3161 297 3184 ⁴
316 3164 379 3216 ante
397 3161 419 3215 S
431 3161 459 3216 E
469 3161 495 3215 A
511 3163 538 3215 P
557 3159 695 3231 significat
716 3161 792 3231 leges
816 3161 851 3218 ab
872 3162 967 3218 ordine
985 3177 1032 3234 eo,
1057 3178 1138 3233 quem
1157 3163 1347 3234 compilatores
1366 3164 1394 3218 in
1411 3161 1486 3218 libris
1504 3163 1686 3236 excerpendis

406 3251 527 3306 tenuisse
546 3251 681 3321 uidentur,
700 3251 740 3307 ita
757 3252 894 3322 recedere,
913 3260 944 3307 ut
962 3267 997 3308 cx
1015 3269 1066 3308 sua
1084 3257 1161 3322 parte
1178 3253 1207 3308 in
1225 3253 1306 3308 aliam
1325 3253 1473 3308 translatae
1490 3252 1553 3308 siut.

283 3340 296 3365 ⁴
314 3344 378 3410 post
396 3339 417 3394 S
430 3339 457 3393 Ε
468 3339 495 3394 Α
508 3341 535 3394 P
554 3338 691 3411 significat
712 3340 789 3410 leges
813 3339 849 3396 ab
871 3340 966 3397 ordine
990 3341 1087 3398 codem
1112 3343 1151 3398 ita
1173 3341 1315 3412 recedere,
1341 3348 1373 3398 ut
1396 3358 1474 3398 suam
1497 3349 1605 3413 partem
1629 3359 1686 3400 non

406 3427 589 3498 egrediantur.

281 3516 428 3573 Praeterea
445 3517 473 3572 in
490 3517 587 3573 codem
607 3519 729 3590 margine
743 3519 905 3590 paginarum
918 3521 1087 3590 singularum
1098 3534 1196 3575 uersus
1208 3521 1425 3577 numerauimus:
1444 3521 1473 3576 in
1491 3521 1685 3578 altercantem

405 3605 602 3675 adscripsimus
620 3623 748 3662 numeros
765 3607 858 3678 legum
876 3608 1163 3680 paragraphorumquc
1181 3623 1252 3679 quae
1271 3609 1407 3680 dicuntur,
1424 3616 1457 3666 ut
1467 3610 1686 3682 uniuscuiusque

404 3695 570 3765 paragraphi
587 3696 751 3766 principium
769 3697 797 3751 iu
815 3697 877 3768 ipso
895 3697 1041 3754 uerborum
1059 3697 1155 3754 ordine
1172 3699 1357 3770 distinguatur
1374 3701 1465 3756 littera
1482 3699 1645 3756 matamala

280 3783 456 3856 Digestorum
474 3786 527 3842 loci
545 3785 569 3841 si
587 3786 635 3856 qui
652 3787 717 3841 item
737 3791 816 3842 extra
834 3803 868 3843 es
885 3793 981 3844 exunt
999 3794 1047 3844 aut
1064 3789 1093 3844 in
1106 3789 1174 3858 ipsis
1186 3787 1271 3859 libris,
1290 3789 1363 3844 unde
1375 3789 1529 3860 deprompti
1541 3795 1614 3860 sunt,
1634 3797 1687 3848 aut

404 3873 479 3946 apud
497 3875 565 3930 alios
583 3879 710 3930 auctores
728 3875 865 3932 Codiceuc
878 3877 932 3944 (G.)
949 3875 1205 3932 institutionibuoue
1223 3877 1267 3944 (l.)
1286 3877 1427 3933 iustiniani
1446 3883 1495 3940 aut
1512 3877 1577 3934 alibi
1594 3879 1622 3934 in
1642 3879 1686 3936 di-

403 3964 490 4034 gestis
509 3963 606 4018 eadem
625 3964 669 4020 uel
686 3965 815 4036 leguntur
833 3967 877 4021 uel
896 3970 970 4022 certe
988 3966 1140 4036 allegantur
1158 3965 1255 4022 eodem
1275 3969 1386 4023 auctore
1404 3968 1552 4038 nominato,
1573 3967 1639 4023 item
1659 3970 1686 4026 si

403 4067 459 4123 qua
475 4053 627 4108 afferuntur
644 4069 679 4109 ex
697 4053 813 4125 digestis
831 4055 905 4126 apud
923 4058 1050 4110 auctores
1068 4055 1139 4110 sexti
1152 4055 1198 4110 uel
1214 4055 1324 4126 septimi
1344 4056 1454 4126 saeculi,
1474 4055 1527 4112 loci
1538 4055 1566 4112 hi
1578 4057 1685 4128 gemini

403 4141 522 4198 citantur
542 4142 577 4196 ad
598 4157 646 4199 eos
672 4141 773 4213 quibus
796 4143 963 4214 respondent
986 4145 1107 4200 numeris
1130 4145 1229 4215 positis
1252 4145 1279 4200 in
1304 4144 1426 4214 margine
1449 4145 1521 4201 intra
1544 4145 1685 4204 cancellos

403 4232 441 4302 (u.
455 4249 483 4303 p.
496 4231 640 4289 mxu.
655 4231 823 4302 XXXXlll).

740 2467 750 2615 ᾖ
782 2600 809 2640 u.
829 2584 882 2640 uol.
896 2583 922 2639 11
940 2600 966 2654 p.
980 2585 1130 2664 soff-era
