3504 5340
65 206 102 254 ιι
119 204 373 254 ιιιιιιιιοιιιιιιι
742 180 797 262 87
1275 185 1319 254 III
1341 189 1361 254 3
1381 193 1478 249 5-13

22 341 40 400 d
108 342 256 399 emmaus
272 342 342 400 libro
360 345 478 416 septimo
495 343 531 400 ud
548 344 676 401 edictum.
704 344 836 400 Praesens
854 343 969 400 habetur
987 345 1079 416 etqui
1097 342 1227 400 intortis
1245 348 1288 400 est
1358 329 1478 420 Q
1494 345 1535 402 lt·

14 431 38 488 6
107 433 224 488 Paetus
241 433 311 489 libro
328 437 407 489 sexto
425 433 460 490 ad
478 433 605 490 edictum.
636 435 729 506 etqui
745 434 774 489 in
790 427 850 490 iero
868 439 897 489 et
914 432 1006 503 quiin
1023 431 1091 488 urbe
1110 433 1183 488 etin
1201 433 1339 489 coutinen-
1358 427 1478 518 siffis}
1495 443 1535 498 Ε·
1612 451 1614 458 ⁴

58 521 126 577 tuitus
143 520 291 577 aedificiis:

4 607 30 663 7
107 609 257 666 Uarenus
279 609 348 665 liure
371 609 486 680 septimo
509 609 544 665 ad
566 609 695 666 edictum.
726 616 756 667 et
778 609 840 666 ideo
858 613 1017 680 procurator
1034 611 1094 666 elus
1110 609 1262 681 praesentis
1279 623 1341 666 esse
1359 603 1478 695 [aa]
1495 619 1535 675 Ε·

61 697 169 753 uidetur.
641 729 646 740 ·
907 697 909 700 ’
1497 715 1511 756 ι

4 782 31 841 3
106 786 269 844 luentium
287 792 386 842 octauo
404 785 439 840 ed
457 785 584 842 edictum.
615 786 698 842 Filias
715 784 831 844 familias
849 791 878 843 et
895 786 930 842 ad
948 786 1085 857 agendum
1103 786 1168 844 dere
1185 793 1342 860 procurate
1360 781 1479 871 Q
1499 797 1525 852 ιι

60 890 110 930 rem
132 880 240 946 potest,
263 877 288 930 ei
311 891 366 945 qua
387 875 422 930 sit
446 875 530 944 actio,
554 891 609 946 qua
632 876 691 946 ipse
709 876 826 946 experiri
842 880 946 946 potest:
969 877 1129 952 nouysolum
1147 877 1170 932 si
1189 881 1327 933 omtrense
1343 877 1479 946 peculium

59 963 161 1035 habeat
180 963 232 1020 sed
249 969 279 1019 et
295 964 386 1034 quiuis
403 962 474 1018 tilius
492 962 621 1019 familias:
639 969 755 1035 utputa
772 965 895 1020 iniuriam
913 979 1011 1035 passus
1029 963 1106 1020 dabit
1120 964 1155 1020 ad
1166 957 1324 1020 iniuriarum
1336 965 1479 1034 ιιιίοιιιιιι,

59 1051 165 1108 silorte
178 1068 276 1123 ¹neque
294 1057 374 1122 pater
392 1067 521 1123 praesens
540 1053 576 1108 sit
593 1067 644 1107 neo
660 1053 745 1122 patris
762 1056 921 1124 procurator
938 1053 1006 1108 uelit
1023 1053 1151 1123 experiri,
1176 1057 1206 1110 et
1223 1054 1274 1109 erit
1291 1053 1350 1109 iure
1368 1052 1403 1108 ab
1420 1053 1481 1124 ipso

58 1139 108 1197 filio
131 1140 249 1197 familias
274 1145 433 1212 procurator
456 1140 545 1196 dutus.
580 1140 633 1197 hoc
656 1142 772 1212 amplius
794 1141 915 1220 Iulianus
937 1141 1032 1198 scribit
1053 1147 1082 1198 et
1098 1142 1122 1196 si
1138 1139 1193 1197 filio
1211 1141 1327 1198 familias
1344 1143 1415 1213 patri
1432 1155 1481 1212 per
1493 1139 1528 1200 ἰι

59 1227 137 1285 tilium
156 1231 217 1286 eius
234 1231 264 1286 in
281 1229 378 1312 cadem
395 1233 531 1300 potestate
549 1234 703 1284 manentem
721 1227 771 1284 fiat
787 1230 885 1285 iniuria
897 1245 986 1301 neqrm
999 1245 1067 1285 auus
1079 1231 1264 1301 praecensuit,
1282 1245 1364 1302 posse
1375 1236 1480 1302 patrem

59 1324 254 1388 procuratorem
274 1318 340 1374 dare
354 1319 390 1373 ad
401 1318 583 1374 ulciscendam
601 1318 734 1388 iniurium,
752 1333 834 1388 quam
851 1333 937 1391 nepos
954 1319 1076 1374 absentis
1092 1334 1191 1388 passus
1209 1323 1259 1375 est.
1287 1319 1323 1375 ad
1335 1318 1481 1375 deiendeu·

60 1405 116 1462 dum
135 1423 246 1478 quoque
264 1407 366 1477 poterit
383 1405 453 1462 filius
471 1405 587 1462 familias
604 1413 806 1477 procuratorem
824 1408 899 1464 dare.
927 1407 976 1464 sed
993 1413 1023 1464 et
1038 1405 1094 1463 tilia
1104 1406 1220 1464 familias
1231 1409 1333 1479 poterit
1344 1407 1409 1464 dare
1420 1424 1480 1479 pre

61 1499 206 1550 curatorem
225 1495 261 1550 ad
279 1495 435 1550 iniuriarum
454 1497 596 1552 actionem.
617 1497 627 1566 [1
647 1511 710 1550 nam
728 1497 802 1566 quod
819 1497 854 1552 ad
872 1497 944 1554 dotis
962 1497 1132 1554 exactionem
1150 1511 1212 1552 oum
1230 1501 1307 1567 patre
1326 1497 1480 1568 datprocu·
1498 1509 1515 1556 t.
1527 1503 1568 1556 δι’

60 1587 183 1654 retorem,
209 1599 410 1655 superuacuum
433 1599 494 1640 esse
512 1584 635 1640 Ualerius
654 1583 772 1641 Seuerus
795 1585 901 1656 scutit,
926 1599 987 1641 cum
1011 1584 1129 1641 sufficiat
1151 1590 1256 1656 patrem
1275 1586 1340 1641 dare
1358 1601 1392 1642 ex
1409 1583 1481 1642 tiliae
1501 1601 1529 1642 ιι

61 1672 204 1728 uoluntate.
232 1673 284 1727 sed
301 1678 376 1743 puto,
395 1673 419 1728 si
436 1671 506 1730 torte
524 1677 603 1744 pater
620 1672 720 1729 absens
737 1674 772 1728 sit
789 1675 832 1730 uel
844 1680 989 1745 suspectae
1001 1675 1083 1744 uitae,
1101 1689 1156 1744 quo
1168 1689 1234 1730 casu
1246 1675 1315 1730 solet
1326 1671 1396 1730 filiae
1409 1689 1481 1730 cem·

60 1765 143 1828 petere
167 1762 204 1817 de
228 1761 293 1816 dote
317 1763 400 1832 actio,
424 1759 505 1832 posse
528 1777 589 1818 eam
612 1765 812 1832 procuratorem
836 1763 910 1818 dare.
946 1763 1006 1833 ipse
1029 1776 1137 1832 quoque
1159 1759 1230 1818 tilius
1248 1767 1407 1834 procurator
1423 1763 1482 1818 darl

36 1857 46 1900 1
58 1851 151 1917 poterit
175 1855 206 1906 et
228 1850 265 1905 ad
287 1851 423 1920 agendum
447 1851 533 1906 etad
555 1849 765 1906 defendendum.
802 1851 908 1908 inuitus
931 1853 1090 1922 procurator
1106 1865 1161 1906 nou
1179 1852 1249 1907 solet
1266 1851 1333 1908 duri.
1365 1851 1481 1906 inuitum

26 1939 176 2014 ,recipere
200 1938 334 1994 debemus
357 1953 411 1994 uon
434 1953 497 1995 eum
520 1943 627 1995 tautum
651 1940 699 2008 qui
721 1939 893 2010 contradicit,
918 1954 1013 1995 uerum
1036 1955 1098 1995 eum
1122 1953 1230 2010 quoque
1248 1940 1293 2010 qui
1312 1939 1482 1998 consensisse

31 2031 102 2084 trou
125 2027 270 2099 probatur.
301 2027 428 2083 Ueterani
446 2032 634 2098 procuratores
655 2025 712 2082 fleri
730 2033 858 2098 possuntt
882 2028 981 2083 milites
1005 2033 1096 2084 autem
1115 2043 1166 2084 nec
1183 2029 1207 2084 si
1224 2029 1292 2084 uelit
1309 2029 1481 2085 aduersarius
1500 2043 1528 2084 so

48 2122 244 2184 procuratores
267 2116 327 2171 dari
347 2122 477 2186 possum,
501 2117 554 2172 uisi
570 2116 623 2173 hoc
640 2121 762 2187 tempore
779 2115 835 2172 litis
852 2120 1021 2172 contestatae
1039 2131 1210 2188 quocumque
1228 2133 1293 2174 casu
1311 2118 1481 2189 praetermis·

45 2217 109 2262 tum
135 2211 195 2261 est:
219 2208 336 2276 excepto
359 2219 393 2260 eo
415 2207 461 2275 qni
484 2205 512 2260 iu
529 2219 586 2260 rem
605 2221 682 2260 suum
701 2209 860 2276 procurator
876 2204 958 2260 dutus
975 2209 1031 2275 est,
1054 2206 1099 2261 uel
1116 2206 1163 2276 qui
1181 2219 1352 2262 communem
1370 2223 1481 2262 causam

13 2295 139 2350 tonnis
157 2295 202 2348 sui
220 2295 326 2348 numeri
343 2297 521 2364 persequatur
537 2294 582 2349 uel
600 2291 726 2364 suscipit,
745 2291 844 2366 quihus
862 2295 925 2350 talis
942 2295 1096 2365 procuratio
1114 2309 1245 2350 concessu
1262 2299 1313 2350 cst
1344 2295 1480 2350 Ῥιοιιιιι-

43 2381 146 2440 'torem
171 2383 208 2438 sd
230 2383 305 2438 litem
328 2382 527 2452 suscipiendam
550 2381 658 2453 datum,
681 2397 731 2452 pro
753 2397 807 2453 quo
828 2384 1016 2439 consentiente
1039 2383 1164 2439 dominus
1182 2382 1330 2439 iudicatum
1348 2381 1417 2439 solui
1434 2398 1480 2439 ex·

41 2471 159 2544 ‘posuit'
178 2476 289 2543 praetor
311 2472 351 2526 ait
367 2471 502 2526 'iudicium
524 2471 648 2541 accipere
665 2470 779 2541 cogum'.
812 2470 914 2527 Uemm
932 2486 967 2528 ex
985 2485 1068 2528 causa
1085 2487 1140 2527 nou
1158 2470 1270 2527 debebit
1286 2471 1419 2542 compelli.
1449 2475 1481 2527 ut
1499 2487 1527 2528 ιι

41 2568 120 2631 puts
142 2561 300 2618 inimicitiae
321 2561 451 2631 capitales
468 2561 673 2616 interueuerunt
689 2560 759 2616 iuter
777 2559 867 2630 ipsum
884 2565 1086 2630 procuratorem
1104 2563 1133 2616 et
1149 2559 1301 2616 domiuum:
1325 2560 1419 2616 sentit
1436 2560 1479 2616 lu·

39 2651 141 2708 liunus
165 2650 266 2706 debere
284 2650 312 2704 iu
330 2654 531 2720 procuratorem
549 2649 679 2720 denegari
698 2649 841 2704 actionem.
874 2649 939 2705 item
958 2649 981 2704 si
999 2649 1118 2720 dignitas
1136 2649 1284 2706 accesserit
1299 2650 1479 2720 procuratori:

43 2743 96 2796 uel
113 2742 155 2796 rei
171 2739 298 2810 publicae
316 2753 400 2794 eausa
417 2735 541 2793 afuturus
559 2737 608 2793 sit:

4 2818 18 2874 ὓ
103 2829 202 2886 Gerus
219 2827 288 2883 libro
305 2827 386 2882 tertio
405 2826 441 2881 ud
458 2827 577 2882 edictum
596 2826 769 2897 prouinciale.
802 2831 851 2883 aut
868 2827 892 2882 si
909 2826 1093 2883 ualetudinem
1111 2831 1160 2882 aut
1176 2827 1200 2882 si
1217 2841 1343 2883 necessa·
1360 2821 1480 2914 Q
1498 2836 1524 2890 Ε

48 2919 121 2974 riam
138 2916 384 2988 peregrinationem
402 2916 513 2985 alleget:
1499 2939 1528 2980 ιι

4 2993 23 3050 )
106 3006 257 3062 emmaus
274 3004 343 3059 libro
362 3009 459 3060 οιιιιο
477 3003 513 3059 ad
531 3003 657 3059 edictum.
685 3003 729 3058 uel
747 3001 883 3058 hereditas
902 3004 1096 3074 superueniens
1113 3019 1176 3060 eum
1194 3007 1323 3076 occupet:
1341 2999 1478 3088 W
1498 3013 1525 3067 Ε

53 3095 98 3150 uel
116 3111 150 3150 ex
169 3095 224 3149 ulia
239 3094 313 3148 insta
330 3107 421 3148 causa.
452 3091 503 3148 hoc
519 3093 636 3162 amplius
654 3097 682 3146 et
699 3092 723 3148 si
740 3090 840 3147 habeat
857 3097 1027 3162 praesentem
1045 3093 1197 3164 dominum,
1216 3109 1270 3150 uou
1288 3081 1478 3150 debere—coin·

54 3185 116 3256 peili
133 3187 345 3254 procuratorem,

4 3259 23 3314 Ι
106 3271 225 3326 Plumea
242 3269 311 3324 libro
328 3273 427 3324 octauo
445 3267 480 3322 ad
498 3267 625 3323 edictum.
653 3268 676 3324 si
693 3273 785 3324 tamen
803 3269 928 3325 domiuus
946 3269 1006 3340 oogri
1025 3271 1119 3340 possit.
1341 3257 1478 3346 Q
1496 3271 1523 3325 E

4 3345 28 3402 ἓ
106 3359 200 3414 (istus
223 3357 291 3414 libro
315 3359 395 3414 tertio
418 3357 453 3412 ud
475 3357 594 3412 edictum
616 3357 790 3427 prouinciale.
827 3355 882 3412 Sed
904 3359 986 3414 etiam
1004 3375 1039 3414 ex
1057 3359 1099 3415 his
1116 3357 1206 3414 causis
1224 3359 1323 3414 dicitur
1340 3355 1477 3444 [effi
1496 3369 1523 3422 Ε

58 3447 200 3518 siquando
224 3447 377 3518 cogendum
400 3451 601 3517 procuratorem
623 3445 751 3500 iudicium
775 3445 912 3516 accipere:
935 3447 1020 3503 ueluti
1038 3447 1061 3502 si
1079 3447 1204 3503 domiuus
1221 3463 1352 3518 praeseus
1369 3465 1424 3505 nen
1442 3451 1478 3505 sit
1496 3463 1524 3504 ιι

58 3541 84 3591 et
99 3541 176 3591 sotor
194 3534 320 3592 adfirmet
337 3541 425 3592 tractu
442 3535 572 3604 temporis
589 3533 709 3590 futurum
727 3539 819 3590 utres
835 3541 937 3605 pereat
1321 3587 1325 3596 ,

4 3611 37 3672 3
104 3623 257 3681 omnes
274 3625 343 3681 libro
361 3630 459 3680 octauo
477 3624 512 3679 ad
530 3623 657 3679 edictum.
689 3622 744 3680 Sed
761 3622 829 3679 haec
846 3639 934 3694 neque
951 3625 1053 3695 passim
1072 3625 1240 3682 admittenda
1257 3631 1322 3682 suut
1339 3619 1476 3696 [ιῐιζῐῖι
1495 3635 1521 3690 Ε

57 3729 142 3784 neque
160 3713 290 3770 desuicte
309 3713 478 3784 deneganda,
496 3711 547 3768 sed
564 3728 581 3767 a
598 3717 722 3783 praetere
740 3728 824 3769 causa
841 3713 951 3783 cognitu
967 3713 1152 3783 temperanda.
1339 3693 1475 3711 k*

54 3837 203 3908 mviii)

56 4031 122 4100 an]
143 4031 212 4086 intin
230 4030 266 4084 F¹
319 4029 514 4102 ipraesentis]
533 4030 643 4094 PVLU,
661 4045 738 4100 prae·
790 4029 879 4086 r‘e'ius
896 4031 1050 4096 seuemsF,
1068 4030 1251 4086 ualerelruius
1268 4045 1380 4086 reueusu
1398 4046 1474 4088 seue·

55 4109 127 4156 ιιιιιι
144 4103 199 4167 li‘,
216 4102 428 4172 pmesentilh:
447 4103 577 4174 uspdsroe
592 4102 655 4155 ιῖιιιι
674 4121 737 4173 προ·
790 4117 836 4156 rus
860 4102 900 4156 Ρ’Ι
954 4103 988 4156 16
1011 4101 1132 4157 absensit
1154 4103 1198 4170 F!
1219 4102 1277 4158 uite
1298 4103 1335 4156 F·
1355 4103 1360 4172 Ι
1380 4101 1475 4158 cutu's'

56 4175 189 4244 ιιγρὰτωρ
213 4175 286 4226 Δοκεῖ
309 4173 358 4227 RS
380 4173 502 4244 (stopie),
529 4172 660 4244 uaponroc
686 4172 737 4227 ἐιτὶ
791 4173 861 4228 tolet
878 4173 904 4225 F
951 4174 985 4228 18
1006 4173 1130 4242 inuitum]
1148 4173 1249 4228 inuitus
1266 4173 1307 4228 Ρ·
1360 4174 1394 4228 19
1412 4188 1474 4229 oon·

55 4245 184 4298 ιιοιιιιτίιε
201 4245 229 4298 Β
247 4243 356 4310 (Anca.)
405 4241 508 4298 tfiiios
526 4245 553 4296 F
598 4243 737 4313 ieiuna]
790 4243 910 4300 oensisse
928 4243 984 4309 F0‘,
1007 4245 1157 4299 oonienisse
1179 4244 1222 4310 ι’,
1246 4245 1414 4299 concessisse
1431 4243 1475 4310 Li,

56 4314 95 4380 li,
119 4315 232 4384 siquae
251 4316 295 4380 Ρ,
319 4315 343 4368 si
366 4331 421 4384 qua
442 4315 467 4369 ei
490 4315 606 4369 PVLU:
630 4313 675 4369 ’eis
699 4333 738 4370 τιι
790 4315 961 4370 consensisse
974 4315 1008 4370 L·
1041 4317 1075 4370 21
1088 4315 1301 4384 cssulcausal'
1337 4315 1474 4370 lisunce-

55 4385 154 4448 iuscrne
167 4385 238 4454 ιῩτῴ
251 4383 336 4450 trost
346 4385 395 4440 RS
405 4385 513 4456 (slepi.)
529 4386 534 4453 Ι
549 4385 611 4455 qua]
625 4387 689 4456 quin
698 4387 738 4440 P·
790 4387 831 4457 pit
855 4385 963 4441 PVLU
1021 4387 1056 4440 24
1082 4385 1329 4441 consententiaeute
1355 4385 1427 4441 dom.
1453 4387 1481 4440 F

54 4456 259 4528 iquiuisHP‘,
277 4457 301 4512 si
315 4457 371 4512 uim
385 4456 521 4524 P⁰VLUl
537 4457 737 4512 aodoncm⁴F²
791 4469 847 4516 tea.
859 4477 892 4509 m.
901 4457 929 4524 3)
969 4457 1189 4512 25debetPVU
1226 4457 1476 4513 ddinterueueruut

55 4531 83 4584 ll
111 4529 217 4585 iniuria
242 4537 341 4598 neque
368 4525 405 4581 F‘
430 4529 434 4596 1
458 4533 618 4597 ιιιιιιιιιιί4
641 4529 677 4582 sit
700 4528 738 4580 F³
790 4529 829 4583 tte
841 4529 888 4582 p„
925 4529 958 4583 27
972 4529 1098 4597 aenegari
1110 4529 1154 4594 Ρ,
1171 4527 1265 4598 deg'ari
1276 4529 1317 4582 P·
1351 4525 1474 4584 illsdfu·

54 4603 85 4656 12
102 4600 276 4656 uleseeudam
295 4599 323 4652 F
335 4603 391 4664 (en.
403 4620 436 4652 m.
448 4601 475 4662 3)
496 4601 501 4667 l
522 4604 618 4669 nepost
635 4599 680 4666 Fi
701 4599 736 4653 ad
789 4605 866 4654 turns
888 4599 1011 4664 Plet,
1034 4598 1176 4654 abfuturus
1199 4598 1283 4664 P‘il',
1308 4597 1415 4655 iuturus
1440 4601 1475 4655 U·

54 4691 98 4726 ea
112 4671 151 4726 P·
197 4674 231 4730 13
249 4671 317 4726 dare
335 4669 384 4726 sed
400 4668 621 4725 etfiliafsmilias
638 4671 738 4740 poterit
789 4671 824 4724 29
847 4670 1028 4725 ueletudiuem
1051 4671 1087 4724 ll
1106 4672 1110 4738 Ι
1131 4671 1154 4726 si
1177 4671 1266 4725 om.P
1314 4672 1351 4726 32
1371 4671 1407 4742 et]
1431 4676 1475 4727 est

53 4737 114 4798 dare
135 4749 340 4816 procuratorem
364 4741 460 4796 onie
523 4743 557 4797 14
583 4740 640 4826 dat]
668 4739 737 4806 w,
789 4741 881 4796 P⁰VL
934 4741 970 4796 34
992 4741 1099 4812 octauo]
1121 4742 1158 4796 uii
1176 4741 1257 4796 PVU
1306 4743 1341 4798 38
1365 4757 1414 4797 aec
1436 4743 1473 4796 Ρ*

52 4814 114 4870 dare
136 4813 283 4880 ΜΝ,
313 4823 361 4869 suc.
377 4811 465 4867 L⁶U‘¹:
492 4813 530 4867 cic
556 4811 587 4865 ιὲ
608 4831 641 4866 το
664 4810 736 4866 insu·
789 4813 824 4868 39
842 4825 930 4881 neque
947 4813 1073 4869 estcriote
1090 4812 1126 4866 ΕΙ
1145 4813 1150 4881 Ι
1170 4809 1393 4882 den'iqu'egauda
1409 4811 1472 4880 F⁶l

52 4887 119 4941 nien
137 4887 183 4943 tria
196 4889 291 4961 προῖκι
304 4883 425 4956 neptunia
444 4881 512 4938 ὲιτιιι
530 4881 611 4945 airis
629 4881 680 4936 ina
697 4883 736 4950 τῷ
789 4889 982 4954 temperasse
999 4885 1025 4939 F
1037 4887 1093 4954 (ιιι.
1104 4904 1137 4938 m.
1150 4884 1185 4954 3),
1203 4885 1407 4956 temperanti

51 4961 120 5030 carpi
137 4961 224 5024 ιοῩιιιι
244 4955 382 5014 truncatim
401 4955 429 5010 B
451 4955 559 5023 (enos)
613 4953 647 5010 15
664 4955 736 5010 uele-
