3584 5326
713 145 911 214 uvuu

130 321 217 376 saria
248 335 297 377 nos
314 320 366 376 boc
383 322 445 377 lcce
463 336 518 376 non
536 326 593 377 tam
612 321 738 392 exempla
755 321 915 393 afferemus,
939 337 1011 394 quae
1029 322 1075 392 qui
1094 322 1169 378 uolet
1186 323 1260 378 nullo
1279 323 1390 394 negotio
1409 338 1444 378 ex
1465 323 1577 380 adnota-

129 429 209 484 tione
230 429 366 498 eclliget¹,
384 443 469 499 quam
487 443 590 498 genera
601 428 736 498 quaedam
749 429 932 500 interpolandi
945 427 1109 486 notabimus.
1140 429 1180 484 ita
1198 427 1391 486 obseruatione
1409 429 1522 500 dignum
1535 435 1579 486 est

127 538 246 590 tautum
264 533 376 604 abesse,
399 538 432 590 nt
452 534 613 590 emendator
630 535 722 605 legum
741 536 933 607 inscriptiones
951 540 980 591 et
998 540 1140 592 anctorum
1159 535 1338 604 allegationes
1357 536 1523 607 neglexerit,
1547 540 1579 590 ut

124 641 148 696 iu
177 639 228 696 bis
253 639 432 696 emendandis
456 641 501 695 uel
525 642 643 696 maxime
666 641 788 698 studium
813 642 944 713 posuerit.
977 642 1017 697 sic
1040 639 1088 698 ubi
1111 641 1182 697 duae
1201 641 1277 710 leges
1295 656 1330 696 ex
1350 641 1447 697 codem
1466 646 1578 699 auctore

120 752 264 817 sumptae
286 747 326 801 its
343 761 373 802 se
392 747 545 816 excipiunt,
570 752 602 803 ut
619 747 758 804 secundae
777 763 887 818 quoque
905 762 1005 803 nomeu
1023 747 1239 818 praescribatur,
1263 747 1424 804 emendator
1445 753 1578 820 perpetuo

118 851 279 908 substituit
297 853 390 924 idern’,
413 853 555 909 consilium
574 854 782 924 compilatorum
801 854 955 924 religiosius
974 860 1086 910 secutus
1105 869 1187 924 quam
1205 854 1259 924 ipsi
1276 855 1386 910 executi
1403 860 1475 910 sunt.
1505 855 1578 910 simi·

114 959 192 1014 liter
219 958 268 1014 ubi
290 959 422 1015 remansit
445 959 587 1029 inscriptio
610 962 675 1015 idern
699 963 784 1016 eodem
807 961 873 1016 libro
897 961 1029 1018 similisue
1051 959 1194 1030 formulai,
1222 975 1283 1016 cam
1307 960 1423 1031 deleuit,
1451 965 1482 1016 ot
1504 965 1579 1016 certe

112 1035 220 1120 deleri
244 1064 341 1121 debuit
363 1080 399 1120 ex
421 1070 514 1120 mente
537 1066 759 1138 compilatorum,
783 1068 830 1137 qui
854 1082 889 1122 er
912 1067 1009 1123 eodem
1034 1065 1103 1123 libro
1122 1071 1252 1137 excerpta
1269 1065 1317 1122 ubi
1335 1067 1465 1122 continuo
1483 1066 1579 1122 ordine

109 1175 305 1242 proponunt,
324 1169 377 1227 snb
396 1170 494 1226 eadem
511 1171 688 1241 inscriptione
706 1174 798 1229 omnia
816 1174 962 1244 complecti
980 1173 1078 1229 solent.
1106 1173 1231 1229 similiter
1248 1173 1356 1243 plenam
1374 1173 1578 1243 inscriptionem

108 1279 280 1333 renouuit
296 1293 346 1348 pro
365 1275 453 1332 formu
471 1274 596 1333 breuiore
613 1278 642 1332 in
660 1278 721 1334 Gaii
739 1278 816 1334 tibris
834 1299 920 1335 rerum
939 1281 1138 1336 cottidianarum
1159 1288 1215 1335 siue
1232 1299 1369 1334 aureorum
1387 1280 1419 1349 (Ι,
1433 1280 1486 1334 479
1503 1296 1530 1335 n.
1540 1281 1578 1349 2),

108 1377 153 1434 in
182 1383 311 1440 eiusdem
330 1381 407 1439 tibris
426 1385 462 1438 od
479 1385 588 1438 edictum
605 1392 734 1456 moetoris
753 1385 865 1455 [urbani]
885 1386 917 1456 (1,
931 1387 991 1456 679,
1005 1387 1047 1456 7),
1071 1386 1100 1440 in
1119 1385 1332 1454 Hermogeniani
1353 1385 1436 1454 [iuris]
1450 1392 1577 1457 'epitomu-

109 1489 220 1558 Μ’,
244 1491 272 1545 iu
289 1487 382 1545 Alieni
400 1488 575 1561 [digestorum]
594 1488 626 1558 (1,
639 1491 700 1560 540,
714 1491 773 1560 29),
797 1491 825 1546 in
848 1489 924 1546 libris
946 1492 982 1546 ad
999 1494 1077 1563 legem
1096 1491 1189 1546 Iuliam
1207 1491 1241 1560 [et
1260 1490 1379 1563 Pupium]
1400 1491 1432 1562 (Ι,
1445 1491 1506 1561 886,
1518 1491 1578 1558 30);

110 1585 203 1646 item
223 1597 384 1667 publices-usu
408 1595 451 1650 uel
471 1596 502 1649 ds
516 1596 628 1666 publicis
647 1597 750 1651 iudiciis
766 1595 829 1652 libri
847 1595 895 1652 ubi
913 1597 1077 1667 allegantur,
1100 1597 1260 1668 publicorum
1278 1599 1432 1652 iudiciorum
1450 1611 1498 1652 eos
1516 1611 1579 1652 etse

111 1696 235 1754 maluit
253 1702 298 1772 (ΙΙ,
309 1703 371 1771 811,
383 1702 410 1756 4.
427 1701 488 1771 839,
502 1701 537 1755 33
554 1703 632 1770 cet),
656 1702 769 1758 breuium
789 1703 907 1758 mutauit
924 1703 953 1758 in
974 1703 1058 1758 breuis
1081 1704 1158 1758 edicti
1181 1703 1213 1772 (Ι,
1225 1703 1287 1772 399,
1300 1702 1360 1772 35),
1384 1701 1420 1756 ad
1438 1700 1579 1758 Modestint

114 1809 239 1860 nomen
258 1807 358 1863 adiemt
376 1807 500 1862 Heresntr·
518 1807 550 1876 (Ι,
565 1807 624 1876 134,
637 1807 681 1862 31.
694 1809 753 1878 35),
777 1809 841 1864 Uarr*
859 1809 895 1864 ad
914 1809 1005 1882 Affers·
1022 1809 1068 1878 (ΙΙ,
1081 1807 1143 1876 402,
1154 1808 1199 1863 44.
1217 1809 1279 1878 549,
1292 1808 1347 1878 25),
1365 1811 1430 1863 ante
1448 1809 1579 1880 respoudit

115 1913 330 1976 wunnerus
353 1927 454 1968 nomen
478 1913 592 1968 inseruit
611 1913 656 1983 (ΙΙ,
671 1914 787 1984 10913.
807 1916 917 1986 921,16
936 1917 1013 1982 cet.):
1035 1930 1051 1969 e
1070 1915 1207 1970 contrario
1226 1913 1324 1969 Scitne
1343 1913 1463 1969 detraxit
1480 1927 1580 1968 nomen

118 2003 256 2074 Mutus-ts·
273 2021 304 2090 (1,
317 2020 360 2089 20,
373 2019 435 2089 33),
459 2017 568 2088 Ulpiani
588 2017 664 2075 libris
682 2023 719 2075 cd
737 2022 845 2076 edictum
868 2021 943 2091 quod
966 2021 1111 2091 aliquoties
1130 2019 1240 2076 additur
1255 2027 1387 2092 praetoris
1404 2019 1449 2089 (ΙΙ,
1463 2019 1524 2088 921,
1534 2019 1578 2074 41.

119 2107 197 2184 983,
210 2123 270 2193 40).
295 2130 411 2196 apparet
428 2124 619 2180 emendatores
638 2125 666 2182 iu
684 2126 907 2197 inscriptionibus
924 2129 1016 2197 legum
1035 2127 1064 2182 id
1081 2127 1228 2196 praecipue
1246 2126 1352 2196 egisse,
1373 2131 1405 2180 nt
1423 2124 1458 2180 ad
1476 2129 1579 2180 certam

122 2226 263 2288 ¹1⁰rmum
280 2233 373 2288 omnia
389 2236 585 2288 renouarentur
602 2233 733 2302 legesque
751 2233 911 2303 plerumque
930 2249 947 2288 a
966 2232 1190 2304 compilatoribus
1208 2231 1362 2288 custoditae
1380 2234 1513 2303 perpetuo
1532 2229 1579 2286 ob-

125 2330 322 2394 ”rumonus
350 2338 487 2394 interdum
506 2338 641 2394 eiusmodi
663 2339 854 2396 emendatione
872 2355 968 2396 uerum
988 2340 1107 2410 inuenit,
1132 2353 1167 2394 ex
1185 2339 1343 2395 coniectura
1365 2321 1471 2394 tamen:
1495 2342 1527 2392 ut
1544 2337 1579 2406 ll,

127 2419 194 2500 742,
211 2441 248 2500 11
266 2446 364 2501 Postu
381 2459 477 2500 uerum
497 2449 548 2515 est,
567 2445 617 2500 sed
629 2445 738 2516 Ulpiani
756 2461 856 2502 nomen
868 2446 1068 2517 praescriptum
1084 2443 1170 2502 irrisae
1182 2445 1210 2501 iu
1222 2445 1371 2518 exemplari
1389 2460 1424 2500 cx
1442 2457 1579 2500 consensu

128 2522 318 2608 Bssffll'oorum
331 2567 394 2607 cum
406 2551 555 2607 Florentini
567 2551 670 2608 codicis
684 2551 819 2622 scriptura
837 2553 925 2621 prima
942 2553 1086 2622 colligitur.
1114 2556 1211 2608 contra
1228 2550 1293 2607 alibi
1311 2550 1384 2606 idem
1403 2550 1524 2607 studium
1543 2548 1579 2604 ad

128 2644 296 2714 lernam
315 2657 552 2728 interpolationem
571 2672 658 2728 usquc
676 2657 820 2728 processit,
839 2662 870 2713 nt
888 2659 909 2728 Ι,
922 2659 984 2728 526,
996 2660 1031 2714 34
1049 2673 1084 2714 ex
1098 2659 1286 2728 octogensimo
1299 2663 1398 2714 octauo
1410 2657 1579 2727 digestorum

129 2733 234 2816 ¹⁰¹⁵*OE
258 2764 329 2821 libro
350 2763 511 2820 emendator
529 2761 594 2819 tecit
612 2763 872 2834 quadragensimum
890 2769 1019 2821 octauum
1039 2765 1188 2836 respiciens
1206 2763 1242 2820 ad
1260 2764 1281 2835 Ι,
1294 2764 1355 2834 521,
1369 2765 1412 2835 20,
1436 2768 1466 2818 at
1482 2777 1579 2834 perpe-

126 2853 203 2928 Μ’»
232 2877 265 2928 ut
288 2869 400 2926 aliunde
420 2874 537 2926 consur.
556 2899 588 2911 —
614 2871 644 2924 In
665 2870 852 2940 grammaticis
870 2875 899 2926 et
916 2869 1133 2942 orthographicis
1151 2871 1217 2926 item
1236 2870 1411 2926 diasceuasts
1427 2869 1580 2926 elaborauit

124 2945 282 3034 dni&entia
305 2977 410 3033 maiore
431 2991 514 3046 quam
537 2974 637 3032 fructu.
669 2977 710 3032 ita
727 2955 811 3048 supra
832 2993 860 3046 p.
873 2977 967 3032 XXlll
986 2978 1040 3032 iam
1059 2976 1178 3033 uidimus
1196 2978 1224 3034 in
1242 2975 1428 3032 numeralibus
1445 2985 1580 3032 struimus

120 3053 328 3155 “milibusque
346 3083 485 3154 quomodo
502 3081 604 3137 bellurn
623 3083 693 3138 inter
711 3097 743 3145 se,
759 3087 887 3152 gerentes
902 3082 1093 3138 emendatores
1108 3082 1164 3139 duo
1177 3081 1356 3140 claborartnt:
1375 3083 1536 3153 similiaque,
1556 3083 1580 3138 si

118 3157 245 3244 'uberet
257 3192 286 3246 in
305 3190 381 3246 bisce
399 3189 475 3245 tricis
494 3188 601 3258 morari,
620 3189 748 3258 componi
765 3193 880 3259 possent
894 3189 928 3244 de
940 3209 954 3244 r
965 3190 1058 3244 littera
1075 3193 1139 3259 post
1150 3209 1167 3242 r
1179 3189 1206 3244 in
1225 3199 1327 3262 sesequi·
1338 3187 1474 3246 uocabulo
1487 3188 1579 3244 simili·

115 3261 259 3382 199055,
283 3296 320 3352 de
344 3295 511 3366 aspiratione
531 3295 558 3350 in
579 3295 726 3350 Traltauus
749 3293 885 3350 uocabulo
910 3294 945 3351 ab
964 3294 1140 3351 emendatore
1158 3295 1261 3365 passim
1280 3297 1351 3350 male
1368 3296 1496 3350 insortal.
1530 3294 1580 3350 sed

114 3385 135 3426 ¹¹¹
152 3395 399 3473 ⁰rthcgrapbtcis
411 3401 601 3458 emendatores
613 3401 665 3456 etsi
678 3407 811 3470 errarunt,
821 3404 913 3457 tamen
925 3401 997 3457 intra
1008 3401 1167 3472 prouinciae
1178 3415 1246 3456 suae
1258 3399 1327 3456 lines
1339 3417 1370 3458 ae
1378 3401 1579 3457 continuerunt.

111 3525 568 3566 Ἣ

174 3636 187 3671 ¹
213 3645 309 3703 Pauca
331 3651 396 3702 baec
420 3651 569 3702 subiecimus
593 3667 653 3702 casu
677 3652 758 3718 magis
782 3652 921 3718 composita
943 3669 1018 3718 quam
1041 3651 1144 3703 consilio
1163 3651 1270 3702 delecta.
1300 3652 1380 3717 proba
1401 3649 1468 3702 male
1485 3657 1582 3703 munta

114 3729 182 3772 Μ*
205 3731 283 3792 inter
302 3739 353 3791 alia
375 3739 452 3790 haec:
475 3739 496 3800 1,
511 3740 570 3802 103,
582 3739 618 3791 30
638 3738 785 3810 usucepisti]
806 3747 956 3810 suscepisti:
981 3739 1068 3802 118,6
1091 3737 1191 3806 sedne]
1214 3747 1239 3792 si
1261 3741 1352 3794 cetur:
1378 3740 1437 3801 131,
1455 3739 1490 3791 33
1517 3738 1580 3793 Glo-

116 3800 264 3896 fflffleur]
279 3828 429 3909 petronem
448 3827 521 3893 (illud
539 3828 667 3880 reuocauit
685 3828 833 3879 emendator
851 3829 1000 3894 secundusl:
1023 3828 1081 3889 146,
1093 3829 1127 3880 85
1146 3845 1196 3898 quc
1208 3826 1347 3898 desisterit]
1365 3829 1434 3898 quod
1451 3829 1581 3899 ejiurnit:

118 3889 189 3960 ²¹7³
209 3911 251 3966 15
274 3917 307 3970 ab
331 3935 362 3970 eu
385 3934 414 3968 re
431 3915 529 3984 relicto]
554 3917 587 3969 ob
611 3935 641 3971 eo
658 3919 763 3972 relicta:
787 3915 877 3979 667,1
904 3924 930 3968 in
948 3936 976 3970 rc
990 3914 1135 3988 familiari]
1160 3923 1215 3969 iure
1229 3917 1379 3987 familiari:
1403 3915 1441 3978 11,
1460 3915 1526 3978 346,
1545 3914 1581 3966 44

121 3995 331 4072 lucraturus]
351 4021 559 4074 reparaturos:
584 4003 645 4067 527,
664 4005 707 4056 23.
726 4005 761 4055 26
784 4003 910 4073 auctione]
930 4011 1028 4058 actione
1046 4003 1098 4056 bis:
1122 4003 1183 4065 387,
1196 4003 1231 4054 28
1249 4022 1299 4056 aon
1318 4003 1436 4054 deletum.
1464 4013 1582 4070 corrupta

126 4085 238 4139 ΜΨ
266 4095 291 4146 in
315 4094 387 4160 peius
412 4103 470 4144 sunt
492 4093 600 4159 exempli
624 4110 701 4145 causa
724 4094 745 4155 Ι,
765 4093 824 4155 121,
841 4093 877 4145 40
898 4091 1075 4164 peremptis]
1099 4098 1268 4162 parescriptr's
1292 4092 1335 4155 F',
1358 4099 1509 4163 perscriptis
1531 4093 1581 4144 F’:

133 4155 253 4232 128524
275 4179 446 4248 remittuntur]
470 4182 641 4234 demiutcutur
664 4182 709 4246 1⁷,
734 4187 922 4252 permlrrlcutur
945 4180 997 4232 F’:
1021 4181 1055 4243 Π,
1069 4180 1131 4242 407,
1146 4179 1178 4230 21
1206 4187 1263 4233 ilem
1285 4180 1406 4234 orborum
1428 4181 1497 4248 lone]
1523 4188 1581 4235 item

140 4263 303 4322 ΜΓ01·οιιιιιι
319 4272 380 4324 lona
393 4269 437 4332 F1,
456 4275 515 4323 item
534 4289 550 4323 u
566 4287 687 4340 pecorum
705 4272 766 4323 loro
785 4270 822 4322 F'
841 4269 930 4336 (uoluit
948 4276 1007 4323 item
1024 4287 1143 4338 pecorum
1162 4268 1242 4335 loun).
1331 4267 1342 4302 ²
1360 4270 1401 4322 Ito
1417 4269 1451 4330 ΙΙ,
1464 4269 1525 4332 373,
1538 4269 1580 4321 36.

146 4333 262 4410 39973.
279 4358 397 4420 401,10.
415 4357 533 4420 43618.
551 4357 612 4418 469,
628 4359 668 4409 10.
687 4357 749 4419 484,
762 4357 804 4410 27.
823 4358 940 4421 43214.
959 4357 1068 4418 513,14
1086 4367 1112 4408 et
1130 4357 1224 4422 passim
1242 4356 1310 4408 alibi.
1400 4357 1412 4391 ⁸
1430 4359 1450 4420 1,
1464 4358 1525 4420 641,
1540 4359 1581 4408 14.

154 4423 211 4493 991,
227 4441 250 4495 ti.
279 4447 311 4508 11,
329 4446 391 4506 425,
404 4446 448 4496 30.
475 4445 535 4510 785,
554 4447 579 4496 4.
598 4445 678 4496 715.
707 4446 767 4507 832,
790 4448 812 4508 l,
832 4447 874 4498 20.
902 4447 963 4508 918,
982 4447 1025 4499 31.
1053 4446 1114 4508 323,
1131 4447 1157 4498 3.
1177 4445 1217 4496 15.
1245 4445 1307 4506 924,
1327 4446 1367 4498 13.
1380 4445 1423 4496 24.
1450 4446 1582 4512 aliquoties

163 4531 211 4571 Μ
224 4528 349 4586 formulam
367 4533 468 4588 sustulit
485 4551 537 4584 nou
555 4534 716 4596 emendator,
741 4534 787 4586 sed
806 4536 861 4602 ipae
878 4535 1003 4586 librarius.
1104 4533 1175 4598 ⁴23,
1188 4533 1214 4595 3,
1228 4531 1270 4586 74.
1296 4533 1340 4596 41,
1353 4532 1378 4595 8,
1391 4533 1416 4585 9.
1443 4533 1486 4598 48,
1500 4534 1526 4596 2,
1541 4534 1582 4586 13.

171 4605 236 4670 151.
253 4623 290 4684 u,
301 4623 344 4674 ac.
362 4624 406 4686 50,
419 4623 446 4685 2,
458 4623 483 4673 s.
501 4623 528 4683 4,
543 4621 584 4674 ιτ.
605 4619 647 4684 17,
659 4622 702 4674 er.
730 4624 830 4676 creua·
848 4623 928 4676 forms
946 4641 996 4676 son
1016 4622 1118 4690 expres
1134 4622 1255 4674 romanu
1272 4621 1315 4685 39,
1326 4623 1352 4682 4,
1368 4621 1408 4674 ιο.
1426 4621 1469 4686 47,
1484 4623 1525 4684 ιο,
1538 4623 1581 4674 45.

176 4693 299 4768 441342.
322 4713 366 4776 60,
378 4712 404 4774 4,
419 4713 443 4763 l.
470 4711 502 4762 ef.
521 4711 581 4763 item
600 4713 633 4774 11,
649 4711 707 4774 186,
724 4713 748 4764 8.
869 4713 880 4746 ⁵
904 4711 946 4764 Sic
963 4711 984 4774 1,
1003 4711 1063 4762 878.
1076 4709 1119 4763 37.
1132 4711 1175 4763 43.
1203 4709 1265 4773 879,
1285 4711 1326 4763 18.
1338 4710 1381 4763 26.
1394 4711 1436 4763 28.
1463 4711 1526 4772 884,
1538 4711 1581 4763 38.

179 4791 263 4940 wa
277 4817 350 4852 manu
368 4801 489 4868 aspiratio
507 4800 581 4854 adest
598 4801 619 4863 1,
632 4801 693 4864 859,
706 4803 731 4853 5.
755 4801 817 4864 931,
829 4801 872 4854 33.
901 4799 987 4853 censer
999 4800 1168 4855 &toritatem
1187 4799 1222 4852 sic
1234 4808 1357 4852 mutatum
1368 4801 1401 4852 ab
1413 4799 1468 4866 ipso
1480 4798 1581 4851 librario

237 4883 256 4948 7,
266 4889 289 4941 3.
