3652 5362
228 176 347 246 xxvii
369 179 385 244 1
409 181 524 238 34—41
902 165 989 248 792
1279 272 1281 276 ι
1629 194 1681 242 nn

169 409 173 412 .,
228 333 296 392 iecit
312 333 462 390 metatoris.
494 347 558 388 nam
576 345 658 402 quem
676 331 721 386 ille
738 345 794 387 nen
811 328 889 386 dedit
906 333 1038 402 tutorem,
1060 343 1122 386 eum
1140 330 1262 387 noluisse
1279 331 1393 388 tutelam
1411 329 1610 388 administrare
1628 329 1680 388 filii

229 424 320 479 dicere
338 438 393 478 non
410 436 566 492 possumne.

173 513 212 573 35
282 513 360 568 Iners
377 510 447 566 libro
465 509 596 565 uicesimo
614 508 696 564 tertio
714 507 915 578 quaestionum.
943 507 1014 572 Quid
1033 511 1135 578 numm,
1154 507 1178 562 si
1196 523 1227 563 se
1244 510 1491 580 nonexeneauerit,
1525 521 1681 578 n.ss,1‚os
1700 519 1730 574 P

230 600 280 657 sad
298 599 489 656 administrare
507 598 625 654 noluerit
642 601 796 666 contentus,
815 597 890 667 quod
907 597 991 652 ceteri
1008 596 1101 653 idonei
1118 596 1232 652 essenti
1258 597 1303 654 hie
1317 599 1418 668 poterit
1429 585 1681 668 cenneffla‘b

229 689 282 746 iilia
300 705 344 744 res
362 689 466 744 seruari
484 703 538 744 non
556 687 700 757 potuisset.
728 685 778 740 sed
795 685 848 742 hoe
866 699 922 741 non
939 685 1125 756 quaerendum
1144 691 1195 754 est,
1214 685 1264 742 sed
1282 687 1454 742 contumacia
1470 687 1619 758 pnnienda
1633 693 1682 744 est
1701 699 1716 740 s

230 779 303 848 eins,
326 778 373 848 qni
397 775 599 848 quodammodo
622 790 653 830 se
677 775 829 830 exensanit.
862 775 950 830 multo
972 775 1061 845 magis
1083 775 1145 846 quis
1168 773 1259 830 dicere
1277 774 1390 832 debebit
1405 776 1549 846 indignum
1568 777 1681 834 indicio

229 867 324 938 patris,
343 867 390 936 qui
408 871 439 920 nt
456 871 602 936 suspectus
620 867 742 919 remotus
761 867 804 918 est
821 879 840 919 a
857 863 951 918 tutela

173 957 212 1016 36
283 956 361 1010 Innu
379 953 447 1009 libro
466 969 538 1010 nono
556 967 759 1023 responsorum.
794 951 983 1008 Amicissimos
1000 950 1111 1022 quidem
1130 956 1159 1008 et
1175 949 1349 1008 fidelissimos
1367 958 1494 1023 parentes
1512 949 1681 1036 {bs—s‘an—ae
1701 961 1731 1014 P

230 1043 322 1100 liberis
340 1047 445 1098 tutores
463 1043 564 1114 eligere
583 1042 671 1097 solere
690 1045 719 1095 et
736 1039 799 1096 ideo
817 1039 854 1094 ad
871 1039 1076 1112 suscipiendum
1095 1055 1166 1096 onus
1183 1042 1285 1097 tutelae
1303 1042 1386 1098 etiem
1405 1041 1506 1100 bonore
1524 1031 1681 1113 legatffi

230 1133 385 1204 persequi¹.
419 1131 468 1186 red
492 1147 554 1186 eum
577 1134 747 1201 proponatur
768 1130 792 1184 is
817 1129 852 1184 de
874 1143 929 1198 quo
952 1129 1093 1198 quaeritur
1116 1129 1144 1184 in
1166 1134 1332 1186 testamento
1349 1132 1470 1201 legatum
1490 1133 1630 1188 meruisse
1648 1139 1682 1190 et
1702 1145 1731 1185 uc

231 1221 303 1277 idem
322 1219 425 1290 pupillo
444 1219 623 1288 substitutus,
642 1233 698 1275 non
715 1223 759 1273 est
775 1218 924 1274 uerisimile
942 1217 1032 1272 bunc¹
1050 1217 1159 1273 demum
1179 1233 1241 1274 sum
1259 1223 1418 1276 testatorem
1437 1219 1609 1277 substituere
1627 1238 1681 1278 no·

231 1310 323 1378 inisse,
342 1309 365 1362 si
384 1314 412 1363 et
429 1309 543 1363 tutelam
562 1307 743 1376 suscepisset:
762 1309 791 1361 et
809 1305 872 1362 ideo
890 1321 952 1361 enm
971 1305 1006 1361 de
1024 1321 1078 1376 quo
1097 1306 1262 1377 iqnneritnr
1274 1309 1394 1378 alegate
1406 1309 1524 1378 quidem,
1544 1309 1570 1364 si
1583 1310 1681 1366 adhuc
1698 1319 1770 1366 test

231 1398 339 1453 uiueret
355 1395 487 1466 pupillus,
511 1395 695 1466 repellendum
714 1393 814 1464 fuisse,
837 1411 855 1450 a
872 1393 1067 1452 substitutione
1085 1400 1176 1452 autem
1195 1411 1250 1452 non
1269 1411 1330 1452 esse
1349 1397 1592 1468 summouendum,
1612 1414 1680 1454 curn

200 1496 212 1541 1
232 1501 265 1542 eo
288 1501 355 1540 casu
378 1485 461 1540 etiam
485 1490 614 1554 suscepta
637 1484 724 1539 tutela
745 1481 879 1539 finiretur.
915 1483 1018 1538 Lucius
1036 1483 1126 1538 Titius
1149 1483 1289 1540 extribus
1307 1482 1368 1540 filiis
1386 1485 1569 1542 incolumibus
1588 1503 1679 1543 unnrn

231 1574 316 1630 habet
333 1573 535 1642 emancipatum
554 1573 613 1627 eins
632 1571 740 1642 aetatis,
758 1575 791 1628 nt
808 1575 948 1628 curatores
965 1573 1089 1643 accipere
1107 1571 1221 1630 debeat:
1240 1587 1351 1642 quaero,
1369 1574 1393 1628 si
1405 1573 1478 1630 idem
1490 1575 1583 1630 Titius
1595 1580 1681 1645 pater
1700 1589 1728 1630 ra

231 1667 343 1734 petente
362 1662 458 1718 endem
477 1660 532 1718 tilio
551 1661 722 1730 emancipato
740 1665 849 1718 curator
867 1676 885 1716 a
901 1665 1028 1731 praetore
1046 1661 1134 1731 detur,
1153 1679 1187 1718 nn
1203 1662 1262 1718 inre
1273 1661 1382 1732 publico
1395 1663 1435 1717 uti
1447 1664 1535 1732 possit
1545 1667 1577 1719 et
1589 1664 1680 1720 nibiio

232 1753 322 1807 minus
339 1751 421 1806 trium
439 1747 556 1806 tiliorum
575 1750 684 1804 nomine
702 1749 874 1808 uacationem
892 1751 1041 1820 postnlare.
1068 1750 1198 1821 respondi
1211 1751 1362 1820 praemium
1375 1751 1485 1820 quidem
1497 1752 1581 1821 patri,
1599 1754 1680 1823 quod

231 1845 344 1911 prepter
362 1853 503 1894 nnmerum
522 1837 668 1893 liberorum
686 1837 712 1892 ei
730 1839 870 1909 competit,
888 1839 1019 1909 denegari
1037 1854 1091 1895 non
1109 1845 1244 1910 oportere.
1272 1839 1322 1894 sed
1340 1854 1403 1894 cum
1420 1837 1475 1896 filie
1493 1855 1545 1896 sno
1563 1849 1680 1898 curator

231 1934 350 2000 petatur,
369 1931 466 1986 contra
482 1926 621 1982 naturales
639 1927 765 1982 stimulos
783 1925 857 1998 iacit,
876 1928 900 1982 si
917 1928 966 1983 tali
984 1929 1161 1984 excusatione
1179 1928 1311 1984 utendum
1329 1943 1391 1984 esse
1409 1931 1595 1998 temptauerit
1699 1944 1726 1985 ra

175 2016 214 2076 37
286 2016 446 2074 Sossnona
469 2014 538 2072 libro
563 2015 683 2072 seeundo
707 2031 908 2086 responsorum.
945 2016 996 2082 Qui
1020 2021 1185 2072 testamento
1203 2021 1278 2072 tutor
1295 2016 1377 2072 datus
1394 2015 1492 2087 fuerat,
1511 2013 1678 2101 [mii
1697 2027 1724 2082 Ρ

233 2106 308 2162 ndito
331 2110 456 2176 prestere
480 2104 550 2160 dixit
572 2119 603 2159 se
626 2109 682 2159 tres
704 2103 805 2160 liberos
827 2104 942 2174 bebere,
966 2105 1066 2162 adiecit
1083 2111 1226 2176 praeterea
1243 2104 1355 2164 habenti
1372 2111 1499 2175 patruum
1517 2094 1678 2176 regffififfi

232 2199 351 2250 tutorem
370 2207 400 2248 se
417 2193 518 2248 nitiose
536 2198 654 2248 tutorem
673 2191 776 2248 datum.
804 2199 915 2264 praetor
928 2195 968 2249 ita
979 2194 1116 2250 decreuit:
1135 2193 1166 2250 'si
1177 2195 1329 2264 legitimum
1342 2197 1459 2250 tutorem
1471 2194 1586 2252 babenti
1599 2203 1679 2254 tutor

233 2281 323 2338 ‘datus
345 2297 389 2351 es,
412 2297 468 2338 nou
491 2279 609 2336 esttibi
631 2282 787 2337 necessaria
804 2281 962 2338 excusatio'.
994 2298 1110 2354 quaero,
1134 2297 1197 2340 eum
1215 2298 1296 2340 nemo
1313 2289 1428 2354 patruus
1444 2284 1582 2354 impuberi
1599 2291 1680 2344 tutor

233 2372 334 2442 esset⁸,
353 2386 388 2426 nn
405 2369 489 2426 nihilo
508 2369 597 2425 minus
614 2373 690 2426 tutor
707 2372 845 2428 remansit.
873 2371 1002 2443 respondi
1020 2372 1171 2428 secundnm
1191 2387 1224 2428 ee
1241 2387 1313 2442 qnae
1329 2379 1558 2444 proponerentur,
1577 2391 1678 2445 qnam-

233 2460 277 2516 uis
294 2460 382 2515 iustas
400 2459 584 2514 excusationis
602 2473 700 2514 canem
719 2459 846 2531 baberet,
864 2464 1030 2516 nontamen
1048 2475 1110 2516 esse
1128 2465 1289 2516 excusatum
1308 2467 1419 2532 propter
1436 2462 1533 2518 uitium
1553 2479 1678 2533 pronun·
1696 2477 1724 2520 as

201 2561 215 2608 1
233 2549 363 2605 tistionis.
393 2549 462 2603 item
481 2561 592 2617 queem,
611 2548 635 2602 si
652 2547 839 2618 adquieuissst
856 2551 1017 2620 sententiae,
1037 2565 1072 2605 an
1090 2548 1126 2606 ob
1144 2550 1180 2620 id,
1199 2549 1272 2620 quod
1291 2565 1346 2606 non
1358 2550 1444 2620 gessit
1454 2552 1580 2624 tutelam,
1599 2555 1679 2612 utitis

234 2638 307 2693 actio
330 2637 358 2692 in
377 2636 449 2692 hune
467 2635 526 2691 dari
544 2635 653 2692 debeat.
686 2637 828 2708 respondi,
851 2639 875 2693 st
893 2653 984 2694 errore
1005 2639 1097 2708 potius
1121 2639 1205 2708 (qnod
1223 2653 1254 2694 se
1272 2654 1322 2708 pro
1339 2639 1398 2694 irus
1414 2638 1496 2694 trium
1514 2639 1678 2714 liberorum,

234 2725 309 2798 quod
332 2724 482 2796 allegabat,
509 2729 671 2780 excusatum
694 2725 828 2791 crederet)
852 2741 935 2796 qnam
958 2727 1062 2782 malitia
1084 2726 1120 2782 ab
1143 2726 1377 2784 administratione
1401 2733 1553 2800 edessam,
1578 2731 1679 2788 utilem

235 2817 371 2872 actionem
389 2830 444 2870 non
462 2813 589 2868 dandam.
1697 2833 1725 2875 ss

178 2904 217 2966 38
288 2905 407 2959 Pennus
424 2902 493 2959 libro
511 2901 632 2958 secundo
650 2903 856 2960 renuntiatum.
883 2903 1087 2974 Quinquaginta
1101 2904 1206 2960 dierum
1221 2920 1282 2976 spn-
1317 2904 1386 2962 'Pom
1397 2918 1514 2974 1⁷,1n0t
1527 2919 1555 2965 lt.
1565 2921 1603 2976 ss,
1614 2924 1638 2979 1,
1647 2923 1678 2970 st
1696 2918 1722 2972 P

234 2993 303 3048 tium
321 2992 510 3048 tantummodo
529 2991 564 3047 ad
582 2992 776 3048 contestandae
795 2993 1002 3049 excusationum
1020 3008 1119 3049 causas
1136 2995 1269 3064 pertinet:
1294 2995 1450 3066 peragendo
1467 2997 1542 3052 enim
1560 2987 1679 3069 negotio

235 3097 269 3137 ex
288 3081 332 3136 die
350 3081 544 3138 nominationis
563 3081 685 3138 continui
703 3087 832 3152 quattuor
850 3096 958 3137 menses
977 3081 1118 3137 constituti
1135 3086 1208 3138 sunt.

178 3172 216 3232 39
287 3171 501 3227 Terenounune
521 3169 590 3226 libro
613 3170 694 3225 tertio
718 3169 825 3226 decimo
848 3169 1071 3240 disputationum.
1108 3169 1138 3226 Si
1156 3186 1218 3226 eum
1236 3171 1295 3243 ipse
1313 3173 1493 3243 instituerett,
1525 3185 1678 3247 B.ss,r,as
1694 3185 1735 3240 P·

235 3263 267 3314 nt
283 3257 434 3330 proferret⁸
453 3260 671 3327 exeusationem,
690 3273 767 3314 mora
785 3258 1007 3315 conmodictionis
1025 3259 1172 3330 impeditus
1190 3267 1246 3330 est,
1264 3276 1320 3332 quo
1338 3261 1427 3317 minus
1446 3261 1559 3320 decreto
1566 3253 1679 3325 'libefal

235 3353 318 3416 retur,
337 3349 542 3404 exeusationem
560 3353 635 3403 recte
652 3346 781 3418 probari.
1698 3369 1726 3412 ιι

177 3440 219 3499 40
287 3438 407 3494 Psunns
430 3437 498 3492 libro
522 3435 643 3492 seeundo
666 3435 871 3492 sententiarum.
907 3437 975 3492 Post
997 3441 1153 3507 susceptam
1176 3438 1292 3494 tutelam
1314 3442 1430 3496 caecus⁸
1448 3443 1497 3496 ant
1515 3435 1680 3531 Q
1697 3453 1724 3507 p

204 3539 216 3586 1
235 3525 335 3582 surdus
354 3529 402 3581 aut
419 3532 511 3581 mutus
529 3529 578 3580 snt
595 3523 714 3580 furiosus
732 3531 780 3580 aut
790 3525 1007 3582 ualetudinarins
1020 3525 1157 3598 deponere
1169 3528 1283 3583 tutelam
1296 3533 1396 3598 potest.
1423 3529 1585 3602 Paupertas,
1604 3550 1681 3604 quae

235 3616 312 3686 operi
330 3620 359 3670 et
377 3615 453 3671 oneri
470 3615 573 3670 tutelae
591 3614 679 3684 impar
696 3619 748 3684 est,
767 3615 837 3670 solet
854 3613 974 3670 tribuere
992 3617 1174 3672 necationem.

178 3707 216 3766 41
289 3705 549 3760 Hannonnunnus
566 3701 635 3758 libro
654 3702 775 3758 seeundo
793 3703 859 3759 iuris
877 3704 1066 3774 epitomnrum.
1098 3705 1330 3764 Administrantes
1348 3719 1404 3760 rem
1423 3705 1496 3776 prin·
1514 3703 1681 3791 [We
1697 3719 1725 3774 p

236 3793 328 3864 cipum
347 3809 381 3847 ex
399 3791 569 3862 indulgentia
584 3805 687 3862 eornm,
704 3792 769 3847 lieet
781 3791 850 3847 eitra
862 3791 1008 3864 codicillos,
1028 3795 1143 3850 atutela
1153 3795 1275 3864 itemque
1288 3810 1354 3850 cura
1365 3799 1488 3865 ternpore
1500 3783 1681 3858 admffiffi-
1698 3815 1727 3854 cr

204 3892 217 3938 1
236 3883 318 3938 tionis
337 3881 429 3937 delata
445 3886 619 3937 exornantur.
647 3880 778 3950 idemque
797 3881 950 3937 custoditur
966 3881 995 3937 in
1013 3881 1064 3954 his,
1083 3884 1130 3954 qui
1147 3883 1348 3953 praetenturam
1365 3900 1488 3941 annonas
1500 3888 1546 3942 nel
1560 3889 1680 3959 uigilum

204 3975 343 4041 egerunt.
370 3971 482 4039 Eorum,
500 3970 547 4039 qui
565 3968 748 4040 reipublicae
766 3986 851 4026 eausa
868 3969 976 4041 absunt,
996 3973 1119 4042 comites,
1137 3973 1184 4042 qui
1202 3977 1267 4028 sunt
1283 3974 1356 4030 intra
1372 3977 1505 4030 statutum
1519 3993 1680 4052 numerum,

236 4059 271 4114 de
296 4060 395 4130 tutela,
418 4074 489 4128 quae
513 4058 674 4114 absentibus
697 4060 742 4114 nel
760 4057 924 4129 profecturis
942 4061 1033 4116 delata
1050 4065 1107 4131 est,
1132 4068 1311 4118 excusantur:
1335 4079 1397 4118 nam
1415 4069 1573 4134 susceptam
1593 4074 1681 4126 antea

204 4159 218 4204 t
236 4165 292 4204 non
308 4148 457 4218 deponnnt.
485 4147 536 4214 Qui
555 4147 684 4218 eorporis,
702 4149 767 4203 item
787 4149 892 4218 collegii
909 4150 967 4205 inre
979 4154 1153 4221 excusantur,
1172 4152 1366 4222 aeollegarum
1378 4151 1551 4221 filiorumque
1563 4159 1680 4214 eornmi

235 4237 322 4292 tutela
339 4251 395 4292 nun
412 4241 586 4307 excusantur,
605 4237 728 4306 exeeptis
746 4236 795 4306 bis,
812 4237 914 4308 quibus
932 4238 985 4294 hoe
1001 4239 1156 4309 specialiter
1172 4238 1306 4296 tributum
1325 4245 1375 4298 est.
1421 4227 1423 4230 ¹
1698 4259 1727 4300 ss

234 4342 459 4412 qwnqnm)

235 4467 392 4536 ²proseqni
410 4467 508 4535 (addit
579 4468 674 4522 ¹tunc
693 4467 796 4535 (Haiii
866 4469 959 4525 ⁸cum
977 4484 1058 4526 nemo
1075 4475 1190 4540 patruus
1208 4470 1342 4541 impuberi
1364 4475 1439 4526 tutor
1461 4475 1538 4528 esset
1561 4483 1681 4533 inmisere

234 4541 311 4591 sunt·
355 4537 542 4593 ‘insistereti
605 4536 767 4608 *perferret
785 4541 959 4612 (SeduIttnp)?
1021 4539 1141 4597 ‘sectus
1158 4552 1204 4597 scr.
1266 4545 1351 4612 ique
1368 4557 1462 4598 eorum
1481 4545 1528 4598 det
1547 4547 1595 4620 (cs.
1608 4550 1682 4616 142)

393 4619 661 4645 -——--—0-

235 4661 399 4730 iremotus]
419 4661 461 4726 FI,
480 4661 662 4737 remouendns
677 4663 821 4730 WDQEO
834 4665 839 4731 Ι
854 4667 925 4720 tute·
979 4666 1092 4720 returF
1136 4665 1170 4721 lb
1187 4665 1322 4736 qnae'e'ro
1335 4665 1371 4718 Ρ
1420 4667 1453 4721 17
1473 4669 1683 4727 nomine'm'F

233 4730 292 4786 la'e'
305 4731 343 4784 pa
391 4733 423 4786 11
443 4731 606 4788 substitutos
618 4733 654 4786 F¹
671 4736 676 4800 Ι
691 4733 773 4804 hunc]
788 4734 860 4790 banc
872 4735 925 4791 F¹:
979 4738 1014 4792 32
1033 4737 1327 4792 constituti‘s‘snntF‘
1369 4735 1578 4807 34prot‘eretF
1615 4745 1684 4800 442

235 4799 292 4888 οῨκ,
307 4801 358 4856 ἔστι
382 4802 495 4889 1111111141Ι
517 4803 555 4858 ὄτι
574 4803 625 4866 iub
644 4806 738 4876 sipscru
761 4804 841 4868 atriu
860 4806 924 4869 Ῡπο·
978 4809 1144 4877 ooilegarum
1162 4807 1333 4878 filiorumque
1351 4823 1444 4864 eorum
1457 4811 1558 4884 tutela]
1570 4813 1623 4870 rinc
1636 4837 1684 4872 ue-

236 4889 374 4928 ssrscrrrcs
391 4893 452 4929 rus·
472 4893 518 4929 ssu
537 4875 702 4930 sanabilem
721 4877 770 4932 rs'ru
783 4876 924 4949 iurrponr'os
978 4881 1276 4934 neuoetncrbnmtnnu
1290 4879 1402 4941 τώκτοῨ
1415 4879 1498 4944 aito?
1511 4885 1686 4948 nucerinum:

236 4943 285 4998 BS
302 4941 400 5016 (utin.)
445 4946 479 5002 13
496 4946 712 5018 repellendu's'm
724 4949 761 5003 Ε*
807 4951 841 5005 14
859 4947 925 5006 fine·
980 4951 1132 5018 B(Anon.)
1186 4952 1222 5007 45
1240 4950 1291 5022 his]
1311 4951 1358 5007 siis
1376 4951 1413 5004 ΕΙ
