3712 5370
227 187 317 257 llllll
341 193 353 254 l
379 195 489 249 17-22
905 173 994 256 486
1507 197 1668 247 manner

229 362 323 418 geres,
347 349 375 400 et
394 347 457 399 ante
475 345 574 398 exacta
592 357 626 397 ea
644 341 766 396 mandati
783 345 875 396 tecum
893 355 991 410 egero,
1016 339 1040 394 si
1058 342 1122 394 ante
1140 353 1197 394 rem
1216 338 1362 394 indicatam
1382 338 1521 408 exegeris,
1540 335 1667 393 condem·

229 435 349 492 nandum
367 437 395 489 te
413 447 475 488 esse
493 435 609 488 constat
666 479 670 492 ,

174 525 212 585 18
283 523 434 594 Uarrsnus
450 520 520 577 libro
538 517 767 590 quadragensimo
785 517 821 572 ad
839 516 979 574 Sabinum.
1007 515 1058 583 Qui
1076 517 1180 587 patitur
1198 515 1233 572 ab
1246 517 1299 572 alio
1311 516 1443 586 mandari,
1461 521 1493 571 nt
1510 507 1668 600 Q
1687 521 1724 577 8·

230 612 283 669 sibi
300 611 435 680 credatur,
454 609 585 665 mandare
601 607 776 678 intellegitur.
1480 633 1483 639 ι
1688 617 1703 657 ι

175 705 212 763 19
283 701 361 756 loun
383 699 452 755 libro
475 697 705 769 quadragensimo
728 697 809 752 tertio
833 695 867 750 ad
892 693 1032 750 Sabinum.
1069 693 1099 750 Si
1121 709 1218 750 seruus
1241 709 1319 750 meus
1342 693 1377 749 de
1400 699 1489 750 semet
1511 687 1668 777 Εἷς-Τῇ
1688 701 1725 755 5·

231 789 347 846 emendo
365 787 515 857 mandaret,
534 791 566 841 ut
583 786 740 853 redimatur,
758 785 926 854 Pomponius
944 785 1084 853 eleganter
1101 788 1209 853 tractat,
1227 800 1263 838 an
1281 783 1313 852 is,
1332 783 1380 852 qui
1392 797 1502 838 seruum
1514 781 1668 852 redemerit,

230 880 302 935 ultro
322 877 466 932 conuenire
484 875 573 946 possit
590 874 768 943 uenditorem,
787 877 819 928 ut
836 889 946 927 seruum
959 873 1081 944 recipiat,
1100 873 1228 942 quoniam
1242 871 1366 927 mandati
1378 871 1450 926 actio
1462 872 1533 926 ultro
1546 871 1669 940 citroque

232 972 282 1022 est
314 965 364 1021 sed
387 979 448 1020 esse
472 963 672 1033 iniquissimum
691 962 856 1031 Pomponius
880 962 919 1016 ait
940 976 975 1014 ex
999 959 1072 1016 facto
1095 962 1169 1016 serui
1191 961 1244 1016 mei
1268 961 1331 1030 cogi
1348 975 1393 1015 me
1411 975 1520 1015 seruum
1539 961 1669 1029 recipere,

231 1071 312 1126 quem
336 1055 365 1108 in
388 1059 550 1124 perpetuum
575 1051 686 1106 alienari
708 1051 864 1120 nolueram,
888 1064 940 1104 nee
963 1050 1052 1119 magis
1074 1050 1103 1104 in
1123 1049 1196 1104 bunc
1213 1063 1307 1104 casum
1326 1048 1414 1104 debeo
1433 1047 1555 1104 mandati
1572 1047 1669 1117 teneri,

230 1159 312 1214 quam
330 1147 362 1196 ut
379 1156 441 1196 enm
459 1139 510 1195 tibi
526 1139 683 1196 uenderem.
1690 1151 1718 1190 rc

174 1234 214 1294 20
283 1231 403 1286 Paucos
420 1229 489 1285 libro
507 1229 651 1284 undecimo
670 1226 705 1282 ad
723 1225 863 1282 Sabinum.
891 1227 934 1280 Ex
952 1225 1082 1281 mandato
1100 1199 1174 1295 npfid
1192 1241 1256 1281 eum
1275 1227 1322 1296 qui
1333 1225 1493 1280 mandatrm
1512 1219 1670 1310 [iffa-o
1688 1231 1724 1288 s·

231 1319 353 1388 suscepit
370 1316 436 1372 nibil
454 1331 595 1372 remanere
613 1320 735 1386 oportet,
757 1315 838 1369 sicuti
857 1329 907 1369 nec
925 1313 1055 1369 damnum
1073 1316 1132 1385 pati
1150 1313 1247 1384 debet,
1266 1316 1290 1369 si
1308 1315 1418 1384 exigere
1436 1313 1603 1370 faeneratam
1622 1329 1669 1384 pe

200 1424 211 1468 1
232 1408 340 1463 cuniam
357 1421 412 1462 non
430 1405 528 1476 potnit
558 1404 726 1460 Fideiussori
744 1404 914 1472 negotiorum
932 1408 1071 1472 gestorum
1091 1409 1134 1458 est
1152 1404 1232 1472 actio,
1251 1404 1274 1458 si
1291 1419 1340 1472 pro
1359 1401 1474 1458 absente
1490 1401 1669 1458 fideiussorit:

230 1513 294 1551 nam
313 1495 435 1550 mandati
453 1495 525 1549 actio
543 1509 598 1549 non
616 1495 708 1563 potest
725 1496 889 1562 competere,
908 1507 971 1547 cum
990 1491 1001 1563 ΙΙ
1020 1507 1074 1547 non
1093 1492 1271 1547 antecesserit
1289 1491 1456 1546 mandatum.
1687 1501 1705 1548 ι.
1716 1503 1765 1549 244

174 1589 211 1648 21
286 1582 436 1639 Unrrnsus
459 1582 527 1638 libro
550 1581 779 1652 quadragensimo
801 1581 918 1650 septimo
936 1581 972 1635 ad
989 1579 1129 1636 Sabinum.
1167 1580 1236 1636 (lum
1255 1577 1386 1634 mandatu
1405 1581 1494 1635 alieno
1512 1574 1669 1664 [Q
1689 1588 1725 1642 s*

230 1687 281 1743 pro
298 1674 327 1726 te
345 1669 535 1742 tideiusserim,
554 1687 609 1727 non
626 1685 738 1741 possum
758 1669 891 1724 aduersus
909 1675 937 1724 te
955 1668 1056 1724 habere
1074 1669 1209 1724 actionem
1227 1669 1359 1737 mandati,
1378 1667 1607 1737 quemadmodum
1623 1670 1671 1739 qui
1690 1683 1719 1723 re

231 1761 349 1816 alienum
368 1761 527 1815 mandatum
546 1761 661 1816 intuitus
680 1757 835 1828 spopondit.
868 1758 918 1812 sed
936 1757 960 1812 si
978 1773 1032 1812 non
1051 1758 1145 1827 ntique
1163 1759 1257 1830 nnius,
1282 1757 1331 1813 sed
1349 1758 1491 1828 utriusque
1510 1757 1669 1814 mandatnm

231 1849 346 1904 intuitus
369 1847 398 1903 ld
415 1845 542 1919 fecerim,
564 1846 672 1904 habebo
690 1846 813 1902 mandati
832 1846 966 1901 actionem
985 1847 1068 1901 etiam
1087 1845 1220 1900 aduersus
1238 1851 1279 1916 te,
1302 1845 1547 1916 quemadmodum,
1572 1847 1595 1902 si
1614 1847 1669 1904 duo

232 1937 298 1993 mihi
315 1936 494 1992 mandassent
511 1939 543 1991 nt
559 1936 610 1992 tibi
628 1935 777 2004 crederem,
795 1939 941 2004 utrumque
958 1933 1088 1989 haberem
1106 1933 1265 2004 obligatum.

60 2021 63 2028 ’
175 2030 214 2090 22
284 2027 404 2081 Pnunus
421 2025 490 2080 libro
508 2025 668 2095 trigensimo
687 2023 808 2079 secundo
827 2022 862 2078 ad
881 2024 1008 2078 edictum.
1037 2022 1067 2078 Si
1085 2022 1252 2078 mandauero
1269 2021 1328 2091 tibi,
1346 2025 1378 2078 nt
1390 2038 1439 2092 pro
1450 2037 1495 2078 me
1513 2019 1709 2108 [Effassffis

231 2113 260 2170 in
283 2115 356 2169 diem
380 2111 530 2168 fideiubeas
555 2119 639 2182 tuque
661 2127 729 2184 pure
751 2111 919 2167 fideiussoris
942 2117 971 2166 et
994 2112 1122 2181 solueris,
1146 2113 1240 2166 utilius
1260 2111 1471 2182 respondebitur
1487 2099 1595 2168 intffi‘m
1614 2129 1669 2168 non
1689 2128 1717 2168 ar

198 2218 212 2263 1
232 2218 293 2258 esse
313 2201 363 2258 tibi
382 2202 504 2257 mandati
522 2201 672 2271 actionem,
697 2201 746 2256 sed
765 2217 827 2256 eum
846 2199 905 2255 dies
923 2201 1037 2255 uenerit.
1074 2199 1143 2254 ltem
1161 2203 1309 2255 tractatum
1328 2205 1384 2268 est,
1408 2201 1445 2270 si,
1469 2216 1531 2256 cnm
1549 2201 1578 2256 in
1595 2202 1670 2258 diem

231 2289 372 2360 deberem,
392 2289 522 2344 mandatu
540 2305 602 2344 meo
619 2289 648 2344 in
666 2289 738 2344 diem
755 2287 923 2344 fideiussoris
942 2292 1052 2343 etanta
1070 2288 1143 2344 diem
1161 2288 1289 2356 solueris,
1308 2304 1344 2343 an
1362 2291 1454 2344 statim
1473 2289 1576 2345 habeas
1593 2305 1670 2346 mau-

232 2378 290 2433 dati
308 2378 453 2433 actionem.
480 2375 636 2447 etquidem
655 2382 755 2448 putant
772 2383 944 2447 praesentem
963 2377 1071 2447 quidem
1091 2393 1153 2432 esse
1171 2377 1294 2432 mandati
1312 2377 1456 2446 actionem,
1475 2378 1525 2432 aed
1538 2379 1609 2432 tanti
1620 2379 1670 2433 ml-

231 2481 339 2536 norem,
362 2467 457 2536 quanti
481 2481 543 2522 mea
566 2466 674 2521 intersit
691 2465 901 2534 superueniente
919 2467 964 2522 die
982 2467 1101 2522 solutum
1119 2463 1212 2521 inisse.
1246 2466 1296 2520 sed
1314 2466 1411 2520 melina
1429 2471 1473 2521 est
1490 2466 1544 2520 dici
1560 2467 1669 2521 interim
1690 2481 1719 2522 ar

231 2569 284 2610 nec
301 2553 382 2610 huius
400 2569 523 2610 summae
541 2554 664 2610 mandati
682 2555 727 2624 agl
745 2565 841 2624 posse,
860 2554 970 2624 quande
988 2555 1147 2610 nonnullum
1166 2554 1255 2609 adbuc
1273 2555 1445 2610 commodum
1466 2569 1556 2610 meum
1568 2556 1620 2624 sit,
1638 2560 1671 2610 ut

199 2657 284 2704 anec
306 2642 358 2698 boc
376 2649 439 2698 ante
457 2643 531 2698 diem
550 2644 664 2700 soleam.
701 2643 842 2698 Interdum
862 2644 965 2712 euenit,
990 2649 1022 2699 nt
1039 2659 1129 2699 meum
1147 2644 1288 2712 negotium
1307 2659 1401 2713 geram
1420 2648 1558 2700 ettamen
1574 2644 1670 2700 ιιιίιθιιι

232 2731 349 2787 babeam
373 2731 495 2787 mandati
518 2731 668 2787 actionem:
692 2731 779 2786 ueluti
802 2747 865 2787 curn
888 2731 996 2788 debitor
1018 2747 1097 2787 meus
1120 2733 1241 2803 periculo
1264 2747 1314 2788 suo
1336 2732 1487 2788 debitorem
1506 2749 1586 2788 suum
1604 2727 1671 2790 mibi

234 2821 344 2890 delegat
367 2825 416 2876 snt
438 2835 500 2876 cum
524 2826 622 2891 rogatu
639 2819 808 2876 fideiussoris
827 2835 889 2875 oum
907 2837 954 2876 reo
972 2822 1109 2892 experior:
1133 2837 1197 2876 nam
1215 2823 1341 2891 quamuis
1360 2822 1480 2878 debitum
1500 2837 1592 2878 meum
1610 2839 1671 2894 per·

234 2923 342 2978 sequar,
361 2909 445 2964 nibilo
463 2909 553 2964 minus
571 2913 600 2964 et
616 2909 688 2964 illium
705 2909 848 2978 negotium
866 2925 946 2979 gero:
964 2911 1048 2980 igitur
1065 2910 1139 2980 quod
1158 2911 1247 2965 minus
1259 2926 1414 2981 seruauere,
1433 2927 1585 2982 consequar
1595 2929 1671 2969 man·
1691 2925 1721 2967 ro

201 3013 216 3058 a
235 2996 293 3051 dati
311 2998 427 3053 actione.
458 2995 488 3052 Si
506 2997 542 3068 bi,
560 3013 675 3067 quorum
693 3012 739 3052 res
756 3003 878 3052 neneunt
895 3015 964 3068 quas
980 3001 1088 3070 pignori
1106 2999 1249 3069 dederunt,
1266 3005 1470 3070 supposuerunt
1486 3006 1625 3071 emptores
1642 3007 1672 3058 et

234 3086 275 3140 eis
293 3085 423 3140 emendas
441 3101 486 3140 res
504 3087 643 3156 mandent,
665 3085 824 3141 mandatum
844 3087 1017 3158 intellegitur,
1035 3089 1100 3143 licet
1117 3094 1249 3158 quantum
1269 3088 1303 3144 ad
1322 3105 1425 3144 meram
1443 3091 1576 3146 rationem
1595 3107 1671 3148 man·

234 3171 328 3227 datum
348 3188 401 3230 non
421 3173 556 3229 constitit:
579 3189 643 3228 nam
662 3189 723 3230 cnm
742 3191 800 3229 rem
817 3179 894 3230 tuam
913 3191 1003 3247 emas,
1022 3177 1097 3231 nulla
1115 3177 1216 3246 emptio
1235 3181 1278 3231 est
1295 3177 1323 3232 in
1341 3184 1390 3233 tua
1406 3194 1524 3248 persona
1541 3180 1580 3234 rei
1596 3189 1670 3237 tuae.

200 3261 354 3322 alulianus
373 3263 483 3332 scripsit
501 3263 623 3317 mandati
640 3263 836 3332 obligationem
854 3264 1003 3319 consistere
1021 3264 1104 3318 etiam
1122 3265 1150 3320 in
1167 3281 1224 3320 rem
1244 3266 1303 3320 eius
1321 3268 1367 3336 qui
1386 3268 1544 3323 mandatnm
1557 3271 1673 3340 suscipit

234 3365 269 3404 ex
292 3363 325 3404 eo
349 3351 466 3405 maxime
491 3351 612 3420 probari,
636 3351 724 3420 quod,
748 3352 772 3406 si
789 3351 913 3421 pluribus
930 3351 1077 3408 heredibus
1094 3352 1278 3408 uendentibus
1296 3357 1343 3410 uni
1360 3357 1540 3427 mandauero,
1564 3363 1671 3414 utrem
1691 3371 1721 3412 eu

234 3437 425 3492 hereditariam
445 3444 557 3508 emeret,
575 3439 657 3494 etiam
676 3455 727 3510 pro
744 3445 875 3510 esparte,
894 3457 948 3510 qua
959 3441 1039 3496 heres
1050 3443 1094 3512 sit,
1112 3443 1249 3511 obligatur
1261 3445 1382 3500 mandati
1395 3447 1502 3501 actione
1514 3447 1670 3517 etobligat:

234 3529 263 3581 et
281 3541 347 3580 sane
365 3527 388 3581 si
406 3527 450 3581 ille
468 3530 580 3596 propter
598 3526 650 3582 boc
664 3535 795 3584 cumeneo
807 3544 864 3586 rem
878 3544 933 3585 non
946 3530 1088 3601 addixerit,
1107 3532 1352 3602 quod-mandatum
1366 3540 1532 3605 susceperat,
1551 3551 1586 3592 ex
1597 3537 1672 3594 bona

233 3613 287 3670 fide
306 3629 367 3669 esse
385 3619 524 3684 praestare
543 3615 568 3669 ei
586 3617 717 3687 pretinm,
736 3618 831 3686 quanti
849 3618 968 3673 uendere
986 3623 1107 3690 poterat:
1126 3625 1155 3675 et
1173 3627 1267 3676 contra
1285 3622 1308 3676 si
1327 3627 1433 3692 emptor
1451 3625 1486 3678 ad
1505 3626 1670 3695 emptionem

233 3703 272 3758 rei
295 3701 348 3757 sibi
371 3704 543 3758 necessariae
565 3703 667 3760 idcirco
692 3721 747 3760 non
770 3711 936 3777 accesserat,
964 3707 1038 3776 quod
1061 3707 1155 3764 heredi
1177 3711 1379 3780 praecepisset¹
1405 3728 1435 3766 se
1458 3713 1484 3768 ei
1507 3721 1671 3786 empturum,
1762 3701 1763 3704 ¹
1843 3755 1846 3764 ‚

200 3809 215 3855 a
233 3792 429 3860 aequissimum
448 3807 510 3848 esse
530 3793 651 3848 mandati
669 3793 769 3848 iudicio
787 3795 933 3864 praestari,
954 3797 1049 3864 quanti
1067 3797 1126 3852 eius
1143 3797 1266 3853 interfuit
1283 3805 1404 3869 emptam
1422 3816 1478 3856 rem
1497 3801 1607 3858 habere.
1643 3803 1671 3858 Is
1690 3815 1720 3856 ιο

233 3880 312 3936 euius
330 3879 403 3936 bona
420 3880 560 3950 publicata
578 3885 643 3936 sunt
660 3881 790 3936 mandare
808 3883 888 3938 alicru
907 3887 1006 3953 potest,
1025 3891 1057 3940 ut
1074 3901 1107 3940 ea
1125 3893 1206 3956 emet,
1226 3892 1262 3956 et,
1281 3889 1304 3942 si
1323 3890 1427 3960 emerit,
1445 3889 1519 3945 utilis
1532 3891 1584 3946 erit
1596 3907 1671 3946 man·

233 3967 292 4024 dati
311 3967 394 4038 actio,
419 3970 443 4024 si
461 3985 515 4026 non
533 3975 656 4040 praestet
671 3967 768 4025 fldem:
792 3971 866 4040 quod
884 3971 946 4028 ideo
964 3977 1104 4044 receptum
1123 3981 1178 4046 est,
1197 3976 1262 4046 qnia
1278 3976 1424 4048 publicetis
1441 3977 1520 4034 bonis
1538 3977 1672 4050 quidquid

231 4073 395 4146 FlPtVUll

233 4236 243 4270 ¹
261 4233 341 4289 heres
359 4235 385 4289 ei
403 4235 554 4305 recepisset
571 4237 698 4302 (similiter
714 4236 808 4304 Hali?

233 4373 408 4430 lexacta'm'
421 4377 458 4428 F’
474 4377 478 4445 l
495 4384 596 4445 egtero
614 4377 653 4430 Γ*
698 4377 859 4448 3ἰιιριιιιιιιι
874 4397 923 4432 ona.
977 4395 1039 4438 cum
1057 4381 1096 4436 F’
1149 4381 1184 4436 25
1206 4381 1268 4452 dici]
1288 4383 1316 4437 di
1334 4383 1374 4436 Ρ·
1427 4385 1462 4438 28
1479 4384 1615 4442 ‘babeam
1634 4385 1670 4440 Ρ

232 4454 260 4530 ta
277 4465 315 4516 sp.
332 4467 389 4502 aar.
408 4446 444 4499 F¹
499 4448 606 4503 iridem
624 4467 673 4501 om.
691 4456 718 4502 ta
733 4469 771 4522 ep.
785 4469 842 4534 oue.
860 4451 922 4514 1¹²¹!
977 4453 1012 4506 29
1031 4451 1172 4522 experioar
1195 4453 1242 4538 ξ’,
1265 4455 1390 4522 experiar
1411 4455 1481 4510 P⁵U
1532 4459 1566 4512 31
1586 4459 1669 4514 actio·

232 4517 477 4643 trattati
501 4519 927 4662 lattllolffltrlpltil
977 4523 1259 4663 libitlltlll‘
1283 4527 1671 4668 bttllltafflttlla

231 4657 281 4712 w
294 4661 298 4725 Ι
315 4659 509 4714 *bunnensem
522 4661 568 4726 F’,
587 4661 639 4716 boc
657 4662 767 4716 caauU
810 4665 842 4717 11
856 4679 923 4733 pau·
976 4665 1069 4719 F²Po
1082 4668 1086 4731 Ι
1102 4665 1204 4735 emptio
1217 4667 1269 4736 est]
1282 4667 1464 4736 emptio‘ncm'
1476 4677 1520 4725 est
1530 4671 1575 4734 F‘,
1594 4685 1668 4741 ernp-

231 4729 536 4800 lnsom.tnsp.uac.F¹
569 4733 602 4786 13
615 4746 664 4802 pro
677 4734 772 4786 cnm
804 4735 838 4788 15
848 4749 922 4790 man·
976 4737 1082 4790 cionem
1101 4737 1141 4790 P·
1195 4738 1229 4792 34
1248 4739 1401 4808 susceperit
1420 4741 1478 4804 PV,
1503 4741 1673 4811 suscepitU

232 4799 297 4901 dato
316 4799 370 4853 PU
408 4802 661 4904 ldlquemadmodo
681 4803 721 4856 Ρ·
763 4805 923 4890 lil‘rr'trique
976 4807 1178 4892 dbnnilaniF¹
1214 4810 1248 4892 tlt
1257 4817 1287 4864 et
1295 4809 1449 4936 sanegsane
1457 4813 1498 4866 P·
1531 4811 1669 4884 38pr'a'e·

231 4869 259 4923 P
287 4868 678 4937 lbabereP,haberemeU
710 4875 829 4930 nomen
844 4877 924 4930 rnF²
975 4883 1043 4933 uum
1062 4879 1101 4932 Γ)
1116 4881 1121 4947 Ι
1136 4879 1240 4949 quanti]
1259 4895 1333 4951 quan

232 4940 265 4994 21
290 4941 403 4995 soluerit
419 4941 456 4994 F·
477 4944 482 5010 Ι
502 4944 712 5014 respondenitnr
735 4945 771 4998 ΡΙ
828 4947 863 5001 22
881 4947 923 5002 *si*
