3652 5362
137 205 411 256 memrurrouun
813 181 900 264 863
1167 289 1170 298 1
1263 186 1396 254 xlivlll
1419 190 1437 254 ι
1461 194 1575 250 1o-eo

138 347 213 402 nulle
230 347 267 402 slt
284 346 422 417 eondieio,
447 359 519 416 quoe
535 347 564 402 iu
581 345 760 416 prseterltum
778 343 918 402 oouiertur
935 345 980 402 nel
997 359 1069 416 oute
1087 346 1116 400 iu
1133 357 1272 416 praesens,
1293 344 1379 401 ueluti
1398 343 1430 400 'si
1447 359 1496 400 rex
1511 343 1574 400 Per·

138 434 254 492 'morum
273 435 359 508 oluit',
378 435 410 492 'sl
427 435 507 492 ιιιιιιίι
524 435 553 491 in
570 438 652 505 portu
670 434 741 491 stet'.

82 529 117 586 11
191 525 334 582 immnus
355 524 425 582 libro
447 525 579 580 uioesimo
602 539 676 582 nono
699 523 876 594 digestorum.
913 521 943 580 Sl
964 523 1027 594 quis
1048 525 1214 579 testemento
1230 522 1283 578 hoo
1301 523 1383 579 modo
1401 515 1576 606 [Hele]
1609 529 1630 585 s

138 615 292 685 seripserit:
310 611 390 670 ‘thus
407 629 485 670 mene
503 613 526 670 si
544 613 648 668 'litium
666 612 848 684 edoptsuerlt,
866 611 946 669 heres
963 618 1036 668 eeto:
1060 613 1083 667 sl
1101 627 1156 668 non
1174 611 1356 682 edepteuerlt,
1374 610 1489 666 exheres
1508 614 1575 664 eeto·
1682 631 1685 644 ⁴

138 709 168 759 et
189 701 247 760 lilio
268 708 366 774 purete
388 703 520 775 edoptere
538 701 629 758 Titius
652 703 720 760 uollt
741 717 773 758 se
796 701 985 773 emerendum
1007 702 1085 772 dere,
1110 702 1162 758 erit
1184 700 1256 758 lilios
1274 701 1353 758 heres
1371 700 1449 771 quusi
1467 699 1609 768 expletus

138 793 306 850 oondleioue.

82 883 119 944 12
190 883 450 939 Hmoomusruue
462 879 530 936 libro
542 881 624 936 tertie
635 880 702 936 luris
713 882 903 952 epitomemm.
925 878 1016 936 Uerbe
1027 879 1108 936 hese:
1122 878 1243 935 'Publius
1250 878 1382 948 Maesulus,
1401 874 1577 962 [QQ
1596 878 1637 933 'P

139 970 170 1028 ‘si
187 973 270 1043 uolet,
288 971 368 1028 heres
386 969 463 1041 eeto',
481 971 509 1026 ln
521 969 677 1025 ueoesserio
689 969 876 1026 eondleiouem
892 967 1004 1039 feriunt,
1024 975 1063 1040 ut,
1081 970 1105 1025 si
1123 969 1198 1038 nellt,
1216 969 1296 1024 heres
1313 983 1369 1024 non
1381 968 1494 1022 existet:
1512 983 1576 1022 uem

138 1061 166 1116 iu
188 1061 343 1116 uoluntario
364 1060 474 1116 heredis
494 1074 613 1131 pemeus
629 1056 731 1116 huetre
748 1057 900 1129 adduntur,
919 1073 994 1128 eum,
1013 1058 1066 1114 etei
1084 1073 1139 1114 nen
1156 1056 1259 1114 fuerint
1276 1057 1383 1128 rddite,
1401 1057 1504 1112 inuitus
1522 1069 1577 1112 non

137 1149 255 1206 effleltur
271 1149 360 1206 heres.
1595 1151 1625 1194 ¹⁰

81 1241 118 1301 13
188 1239 332 1296 Immune
352 1238 422 1295 liure
445 1239 586 1308 trigesime
609 1237 787 1308 digestorum.
823 1236 857 1292 Ei
881 1237 927 1306 qui
945 1237 985 1292 itu
1002 1235 1182 1292 hereditatem
1200 1236 1245 1292 uel
1262 1236 1383 1306 legatum
1402 1228 1577 1318 [W
1610 1234 1632 1290 S

137 1329 245 1399 reeepit
255 1327 287 1384 'si
304 1328 399 1384 deeem
419 1326 533 1384 dederit'
545 1341 634 1396 neque
652 1325 790 1382 heredites
807 1339 896 1395 neque
914 1326 1036 1396 legetom
1055 1326 1135 1380 ahter
1146 1323 1253 1394 sdquiri
1264 1329 1365 1395 potest,
1383 1339 1465 1394 quem
1479 1324 1578 1393 sipost

136 1418 278 1490 impletam
297 1417 486 1474 eondieionem
504 1415 533 1472 id
551 1416 639 1486 egerit
656 1415 775 1486 seriptus
793 1414 872 1470 heres
890 1415 935 1470 uel
952 1415 1110 1486 legeterius,
1128 1429 1178 1484 per
1194 1414 1268 1485 quod
1286 1413 1424 1469 heredites
1443 1417 1491 1468 eut
1503 1411 1576 1482 lege

136 1513 196 1564 tum
214 1507 250 1562 ed
270 1507 321 1562 uiri
338 1506 416 1562 solet
1596 1505 1626 1548 Ν

81 1601 118 1659 14
189 1523 366 1652 difformes
387 1593 457 1652 lehre
481 1598 578 1665 quarto
601 1593 810 1650 institutionum.
847 1591 1028 1649 Condiciones
1049 1597 1145 1649 uentre
1162 1590 1253 1647 edietu
1270 1592 1385 1662 impere-
1404 1583 1578 1675 Q
1610 1590 1631 1645 S

136 1690 227 1742 torum
251 1689 299 1741 eut
322 1690 418 1740 uentre
440 1685 517 1755 leges
540 1688 588 1739 eut
611 1699 682 1754 quse
703 1683 773 1753 legis
797 1683 885 1738 niuem
909 1683 1034 1752 optinent
1056 1681 1175 1752 seriptee
1205 1681 1249 1736 uel
1272 1695 1344 1752 quse
1368 1687 1464 1736 eontra
1490 1679 1577 1736 honos

136 1789 227 1832 mores
249 1775 295 1830 uel
317 1774 465 1830 derisoriae
489 1781 553 1830 suut
577 1777 625 1828 ent
646 1769 802 1828 huiuemedi
826 1787 896 1842 quer
918 1775 1060 1844 presteres
1082 1770 1307 1842 improheueruut
1327 1785 1377 1841 pro
1395 1785 1450 1826 nou
1468 1769 1577 1840 seriptis

136 1863 273 1920 heheutor
290 1869 318 1920 et
335 1861 462 1935 perinde,
482 1877 515 1919 ee
532 1863 557 1918 si
574 1861 700 1919 ooudieio
717 1860 862 1918 hereditati
879 1861 939 1918 siue
956 1861 1048 1932 legate
1067 1861 1175 1916 edieete
1191 1875 1247 1916 nou
1265 1864 1353 1930 esset,
1376 1859 1484 1930 eapitur
1501 1857 1577 1914 here-

137 1953 210 2010 mus
226 1954 392 2023 legemem.
1597 1953 1625 1995 ιι

81 2047 119 2106 15
191 2041 396 2117 lPurnemrrue
412 2039 483 2098 libro
500 2044 579 2096 sexto
597 2038 705 2095 deeimo
722 2038 922 2109 quantorum.
958 2038 1051 2109 Filius,
1069 2039 1117 2109 qui
1133 2037 1187 2094 iult
1197 2037 1226 2094 iu
1237 2041 1383 2108 potestete,
1402 2031 1577 2121 [Βῗῖιῖιζῖι
1596 2039 1639 2092 Ῥ
1654 2040 1671 2088 i.
1683 2042 1737 2090 419¹

137 2131 189 2188 suh
207 2130 368 2188 eoudieione
386 2131 504 2200 seriptus
521 2127 609 2198 heres,
628 2143 710 2199 quem
729 2133 842 2184 senetus
855 2128 1041 2200 eutprineeps
1053 2127 1216 2200 improbent,
1235 2131 1429 2183 teetemeutum
1442 2127 1575 2183 lutirmet¹
1705 2111 1722 2138 '

136 2222 230 2292 petris,
249 2235 283 2276 ee
301 2220 324 2275 sl
342 2218 467 2275 eondielo
484 2233 540 2275 uon
557 2223 632 2274 esset
649 2219 678 2273 ln
696 2219 755 2273 eius
773 2222 923 2289 pomereto:
942 2233 1005 2272 nour
1023 2231 1095 2287 queo
1111 2215 1187 2272 seete
1203 2217 1318 2272 laedunt
1334 2217 1465 2287 pietatem
1484 2217 1576 2272 eristi·

137 2311 285 2366 medonem
303 2307 497 2364 uereeuudiem
514 2313 637 2364 uestrum
654 2313 696 2378 et,
714 2313 746 2363 ut
763 2307 927 2378 generaliter
945 2305 1074 2376 dixerim,
1097 2310 1194 2362 eontra
1210 2305 1298 2362 bonoe
1316 2321 1406 2362 mores
1424 2305 1507 2377 iinut,
1526 2321 1577 2362 nee

137 2397 228 2455 ieoers
244 2413 295 2454 nee
314 2413 396 2468 pesse
413 2396 580 2453 eredendum
598 2402 650 2453 est.
1597 2403 1625 2444 rr

81 2493 119 2552 16
189 2489 366 2544 morenos
387 2485 457 2542 libro
479 2492 577 2556 quarte
598 2485 809 2542 institutionum.
847 2485 884 2541 'Si
902 2485 992 2542 Titius
1014 2484 1094 2540 heres
1117 2485 1181 2555 erit,
1207 2484 1286 2540 Seius
1305 2483 1384 2540 heres
1403 2477 1576 2568 [Esffl
1609 2485 1632 2542 8

138 2577 219 2634 'estez
243 2577 267 2632 si
286 2574 365 2631 Seius
389 2575 469 2631 heres
491 2576 555 2646 erit,
580 2576 670 2632 'iltius
692 2574 772 2632 heres
792 2571 869 2632 esto'.
897 2575 1017 2630 lulianus
1035 2575 1159 2630 inutilem
1177 2589 1239 2630 esse
1256 2575 1454 2630 iustitutionem
1473 2574 1576 2646 scribit,

137 2681 200 2722 oum
219 2664 344 2721 penditio
362 2663 480 2720 existere
497 2679 552 2720 non
569 2665 666 2734 poerit
1610 2699 1612 2704 -

81 2762 119 2822 17
190 2755 400 2810 mesurrurus
417 2752 486 2810 llhro
504 2753 611 2809 deeimo
628 2753 838 2809 institutionum.
874 2751 903 2808 Sl
921 2753 1013 2822 plures
1030 2753 1216 2808 institutiones
1233 2767 1268 2807 ex
1285 2751 1382 2808 eedem
1415 2763 1488 2818 itte,
1500 2765 1577 2820 1217
1609 2755 1631 2811 8

136 2850 215 2918 perte
226 2842 279 2900 suh
289 2842 406 2898 diuersis
414 2841 619 2898 eondieionihus
629 2839 737 2912 inerint,
750 2841 883 2911 oeudieio,
896 2855 966 2910 quse
975 2841 1049 2912 prior
1057 2841 1200 2912 exstiterit,
1212 2841 1359 2912 ooeupehit
1367 2829 1576 2898 institutionem.
1595 2849 1625 2892 se

80 2941 119 3001 18
189 2935 365 2991 moruus
387 2930 457 2987 lihro
479 2931 597 3002 septimo
619 2931 829 2988 institutionum.
866 2929 935 2986 Cum
958 2945 1055 2987 seruus
1077 2947 1146 3002 pure
1169 2931 1238 2987 llher
1260 2931 1385 2988 etheree
1403 2925 1577 3018 Q
1610 2935 1631 2990 S

136 3023 256 3094 seriptus
273 3020 326 3078 enh
343 3020 504 3078 eondielone
521 3021 559 3076 sit
575 3025 612 3090 et,
631 3021 655 3077 si
671 3020 751 3077 heres
763 3035 818 3076 nou
830 3021 974 3091 exstiterit,
992 3021 1113 3091 tegetum
1126 3020 1271 3091 eeeeperit,
1289 3021 1317 3075 iu
1328 3021 1420 3090 legato
1432 3023 1576 3092 repetitam

105 3123 117 3167 1
136 3114 224 3170 uideri
250 3110 439 3168 eoudieionem
466 3109 548 3165 diens
571 3111 636 3166 Pius
658 3111 806 3182 rescripsit.
848 3111 909 3166 lieo
935 3111 1039 3166 ratione
1061 3116 1091 3166 et
1112 3111 1278 3180 Peplnleuus
1296 3105 1577 3194 W

137 3201 245 3272 serlhlt,
269 3215 332 3256 eum
355 3199 420 3262 soie
441 3203 566 3269 nepotem
590 3199 642 3256 sub
665 3199 825 3256 eondielone
847 3200 1073 3271 emeneipntionis
1096 3213 1147 3270 pro
1170 3205 1248 3269 perte
1265 3198 1394 3254 heredem
1413 3201 1532 3256 instituit
1549 3206 1578 3256 et

64 3323 66 3328 ,
136 3296 234 3361 postes
251 3289 382 3346 eodioiliis
400 3288 509 3359 seriptis
527 3288 580 3343 hee
598 3289 715 3359 emplius
733 3289 759 3344 ei
777 3290 880 3359 legeuit
891 3305 974 3359 quem
986 3289 1060 3359 quod
1072 3287 1200 3344 heredem
1212 3303 1275 3344 eum
1287 3289 1413 3360 instituit,
1431 3290 1576 3360 repetitam

137 3379 225 3435 uideri
242 3377 430 3435 eondieionem
448 3377 675 3448 omenelpetlouis
693 3379 777 3434 etiem
794 3379 823 3434 iu
839 3379 945 3450 legato,
967 3378 1096 3449 quemuis
1113 3377 1142 3433 lu
1159 3379 1251 3448 tegete
1269 3379 1384 3449 nohum,
1405 3379 1483 3434 utin
1500 3379 1577 3434 here·
1596 3390 1626 3432 ee

137 3467 232 3536 ditete,
251 3465 473 3524 substitutionem
491 3464 611 3522 ieolseet

81 3561 119 3622 19
191 3555 269 3612 lunis
285 3555 354 3612 llhro
372 3561 472 3611 semro
490 3555 700 3612 institutionum.
737 3553 767 3612 Si
789 3557 829 3612 its
846 3555 978 3626 seriptum
995 3555 1079 3612 fuerit
1096 3555 1193 3611 ‘Titius
1211 3553 1291 3610 heres
1308 3560 1383 3611 esto:
1402 3549 1577 3640 Q
1608 3563 1648 3637 ss

138 3645 170 3702 'si
187 3645 277 3702 iilius
295 3643 374 3700 heres
392 3645 452 3715 erit,
469 3645 594 3702 Maeuius
612 3645 692 3702 heres
710 3643 793 3701 eeto':
819 3645 843 3701 si
861 3645 950 3701 iltius
969 3645 1144 3718 ’suspectam
1162 3645 1261 3702 edierit
1278 3643 1466 3716 hereditatem,
1484 3651 1577 3716 potest

137 3735 262 3792 hirenius
280 3747 331 3790 sue
348 3731 461 3789 arbitrio
478 3733 554 3789 edire
572 3739 601 3790 et
618 3740 743 3805 querum
761 3734 887 3790 retinere.
1562 3751 1564 3756 ·
1595 3747 1624 3788 re

80 3829 121 3889 ‘10
191 3825 294 3880 huno
316 3822 384 3879 llhro
403 3824 524 3880 seeundo
541 3825 722 3894 posteriorum
741 3839 759 3878 e
775 3823 906 3879 leuoleue
924 3824 1143 3893 epitomatorem.
1179 3823 1288 3892 liulier,
1311 3837 1382 3893 quse
1400 3817 1576 3908 Qffi'e‘o
1607 3830 1633 3885 Α

138 3915 198 3970 uiro
216 3927 267 3968 sno
285 3927 319 3968 ex
338 3911 403 3968 dote
420 3913 582 3984 promissam
600 3913 744 3984 peeunium
763 3911 896 3983 debebat,
914 3913 1003 3968 uirum
1021 3911 1149 3968 heredem
1168 3913 1208 3968 ite
1224 3913 1388 3983 institueret,
1407 3914 1431 3968 si
1449 3901 1575 3984 eum-pe*

138 4003 260 4073 eunium,
283 4017 366 4072 quem
384 4000 443 4057 doti
458 4002 643 4074 promisisset,
666 4015 755 4073 neque
773 4002 888 4072 petisset
909 4015 998 4072 neque
1015 4001 1163 4070 exegisset.
1190 4007 1266 4072 puto,
1285 4001 1308 4058 sl
1325 4003 1369 4058 uir
1386 4001 1576 4058 denuntiasset

138 4092 237 4148 ooteris
254 4089 402 4146 heredibus
419 4105 469 4161 per
486 4106 517 4146 se
535 4097 695 4161 noestam,
717 4105 772 4162 quo
790 4091 880 4147 miuus
899 4097 1043 4161 eeeeptum
1061 4089 1166 4146 ieeeret
1184 4091 1212 4146 id
1230 4091 1303 4162 quod
1322 4107 1358 4146 ex
1375 4090 1440 4146 dote
1458 4089 1511 4146 sihi
1530 4091 1576 4146 de·

138 4180 260 4251 heretur,
285 4179 379 4236 stetim
403 4195 466 4236 eum
490 4179 618 4236 heredem
641 4178 771 4236 futurum.
797 4179 872 4250 qnod
897 4181 1018 4236 sisoius
1041 4179 1120 4236 heres
1142 4180 1284 4236 institutus
1306 4185 1382 4236 esset
1398 4180 1426 4236 iu
1444 4181 1493 4236 teli
1512 4196 1575 4236 eeu-

139 4287 363 4358 HWDQEW)

140 4424 148 4458 ¹
167 4420 287 4478 infirmet
305 4417 402 4488 (cdliii
474 4419 535 4475 ’ut
554 4429 600 4475 ter.

139 4554 154 4608 1
199 4559 319 4609 ertemm
343 4553 370 4606 F
421 4553 543 4608 tritius
567 4553 603 4606 F¹
628 4554 633 4619 Ι
657 4552 831 4624 edopteuerit
883 4553 911 4609 in
928 4554 1020 4624 legato
1038 4553 1181 4624 repetitam
1204 4553 1292 4608 uideri
1309 4552 1506 4622 condielouem]
1525 4571 1576 4607 non

137 4569 260 4681 *exheres
278 4627 340 4680 esto
357 4627 386 4679 et
403 4622 459 4679 lilio
476 4627 574 4694 pereto
595 4624 727 4732 adoptare
744 4626 830 4681 titius
884 4629 959 4680 aliter
978 4625 1087 4681 Graeci:
1105 4623 1300 4686 eorelirhrie
1319 4625 1345 4678 el
1361 4641 1415 4678 ecre
1433 4625 1471 4678 rel
1484 4623 1517 4678 τὸ
1529 4634 1575 4678 ικ-

138 4696 176 4749 F⁸
218 4696 349 4752 euellit
367 4695 404 4750 Ρ
447 4694 604 4750 illuserint
620 4698 647 4750 F
703 4697 830 4752 15111111·-
884 4696 961 4761 siren
981 4696 1126 4750 «ereheneis
1139 4695 1291 4768 B(Yipnr.l
1338 4645 1541 4765 {dnempolem
1556 4697 1581 4749 F

138 4766 242 4838 eieuus]
254 4766 419 4840 papinianus
431 4768 468 4820 Fi
514 4769 547 4822 17
559 4768 829 4838 impreueuernutffl
883 4769 919 4822 liti
937 4767 961 4821 si
977 4767 1054 4822 titius
1071 4771 1226 4837 suspeetem
1241 4767 1538 4836 edierithereditetem]
1553 4767 1576 4820 el

138 4837 172 4893 21
182 4837 318 4910 prineepe]
332 4839 376 4903 F¹,
387 4837 525 4908 principer
535 4839 574 4892 F’
609 4839 831 4894 miseriorem
884 4837 947 4893 reri
964 4837 1013 4894 τὸιι
1032 4837 1116 4894 eduen
1134 4837 1238 4910 llbrpoc
1260 4838 1428 4903 tetrerceelc
1447 4849 1596 4910 resperso·

138 4909 173 4965 26
190 4911 393 4968 institutionum
406 4910 442 4963 Ρ
459 4913 463 4978 Ι
478 4909 588 4980 scripsit
600 4911 638 4964 1²¹
681 4909 830 4965 merset·
883 4910 956 4965 eice
971 4911 1118 4983 BtTtpuc.)
1151 4911 1415 4980 repromitterem
1451 4911 1486 4966 43
1499 4907 1622 4964 1010·

136 4982 200 5038 terit
208 4985 245 5038 F’
259 4987 265 5054 Ι
281 4981 473 5053 oeoupeuitF¹
491 4981 524 5037 31
535 4979 657 5052 siheres]
667 4981 766 5038 liberes
777 4983 827 5047 8¹1
884 4981 983 5038 dibus*
995 4981 1034 5036 Ρ
