3584 5326
943 167 1012 234 LVI

255 344 373 400 efficitur
390 343 484 400 lolium
504 343 646 414 archetypi
664 343 757 412 paullo
777 342 888 398 minoris
907 342 1027 398 ambitus
1047 341 1132 398 fuisse
1154 358 1235 413 quam
1254 341 1456 413 Florentinum,
1477 341 1552 412 quod
1573 342 1699 397 eontinet

254 452 360 506 litteras
383 467 406 505 e.
422 449 598 505 VDCOLX1.
617 479 650 488 -
670 446 725 503 Sed
743 447 794 503 has
813 448 1035 505 ratiocinationes
1053 453 1085 504 ut
1103 464 1156 504 non
1175 464 1287 519 prorsus
1305 463 1419 518 spernas
1437 447 1551 516 (habent
1563 449 1637 503 enim
1650 449 1698 504 ali-

255 572 337 627 qnam
355 557 500 612 utilitatem
522 554 558 610 ad
576 554 700 610 hiatuum
719 554 810 624 spatia
833 554 1065 625 determinanda),
1088 561 1181 610 tamen
1204 561 1235 610 ut
1253 570 1347 610 uerum
1366 553 1501 610 fateamur
1520 569 1576 610 rton
1594 555 1700 611 multae

255 663 380 718 utilitatis
398 666 474 717 suut:
493 677 578 731 quara
596 661 699 716 diutius
717 661 751 715 iis
770 631 825 715 noir
843 659 1056 716 immorabimur.

94 780 236 829 Florentino.
308 769 347 824 At
364 768 538 824 Florentinns
558 767 628 822 liber
650 782 705 822 non
729 767 818 822 solum
840 767 945 836 passim
968 765 1058 822 labem
1083 768 1167 823 traxit
1190 783 1224 823 ex
1250 783 1341 824 errore
1363 767 1526 837 scriptorum
1543 767 1701 824 lustinisno

94 859 238 952 fib,{¹¹„¹,}¹,um
255 876 451 946 posteriorum,
480 874 529 929 sed
557 889 591 928 ns
614 872 650 928 ab
677 872 887 941 interpolatione
904 873 1025 942 ‚quidem
1054 873 1135 930 iidem
1164 875 1288 930 homines
1313 873 1511 929 abstinuerunt.
1545 875 1639 944 possis
1663 874 1702 930 ad

104 968 227 1040 interpola-
256 981 390 1037 eiusmodi
412 979 650 1049 interpolationem
678 977 780 1034 referre
806 979 851 1032 uel
879 979 994 1034 mendas
1017 981 1100 1050 tales,
1128 981 1224 1049 quales
1252 985 1316 1036 sunt
1343 981 1382 1050 ii,
1407 981 1475 1050 366,
1500 981 1534 1034 19
1563 987 1656 1051 incipit
1683 1001 1702 1036 a

128 1033 203 1076 tronea

256 1086 359 1144 laetum
378 1102 414 1142 ex
433 1095 459 1140 ia
478 1093 573 1157 capito,
591 1085 626 1156 ii,
638 1085 700 1154 931,
712 1085 748 1140 33
767 1086 864 1140 indicio
882 1083 985 1139 lactum
1005 1100 1040 1140 ex
1059 1095 1085 1139 ia
1099 1085 1203 1141 Dacia:
1222 1086 1270 1141 sed
1290 1101 1324 1141 ne
1341 1085 1522 1141 cauillationis
1539 1101 1703 1156 arguamur,

256 1207 440 1265 proponemus
462 1192 599 1262 grauiora.
637 1205 769 1259 responsa
797 1189 852 1245 duo
879 1190 1000 1245 auctoris
1023 1189 1181 1259 cuiusdam,
1205 1192 1283 1246 euius
1306 1207 1405 1247 nomeu
1429 1192 1457 1247 in
1480 1193 1577 1262 spatiis
1600 1193 1703 1248 uacuis

256 1300 349 1355 omisit
366 1298 505 1368 librarius,
529 1298 631 1367 scripta
654 1297 683 1351 iu
705 1294 760 1350 fine
783 1295 862 1350 tituli
876 1294 911 1351 de
933 1295 1142 1366 probationibus
1163 1301 1191 1350 ct
1212 1296 1481 1367 praesumptionibus
1506 1299 1537 1367 (I,
1557 1297 1610 1352 649
1629 1315 1658 1353 n.
1674 1301 1703 1366 1)
1751 1361 1755 1372 ,

255 1409 361 1476 partem
380 1419 435 1460 non
456 1403 547 1459 lacere
566 1403 735 1472 digestorum
754 1399 896 1471 probabile
914 1407 969 1457 est:
993 1419 1056 1457 narn
1081 1403 1185 1458 deleuit
1209 1417 1243 1457 ea
1265 1403 1426 1458 emendator
1443 1407 1472 1458 et
1489 1403 1590 1459 absunt
1608 1419 1628 1458 a
1646 1405 1703 1460 Ba·

257 1511 340 1566 silicis
366 1515 395 1565 et
418 1509 565 1565 abhorrent
588 1525 605 1564 a
627 1509 689 1577 lege
713 1507 934 1577 compositionis,
962 1523 1023 1562 eum
1052 1509 1080 1563 in
1108 1509 1188 1564 titulo
1215 1515 1348 1564 consueta
1374 1509 1480 1565 ratione
1507 1525 1542 1565 ex
1567 1515 1706 1580 quattuor

256 1615 381 1686 partibus
397 1615 464 1670 iuris
482 1615 644 1670 concinnato
663 1615 813 1682 sequantur
830 1618 894 1682 post
911 1628 972 1668 eam
990 1628 1061 1683 quae
1074 1613 1169 1669 ultima
1181 1629 1242 1669 esre
1255 1615 1333 1670 solet.
1360 1615 1479 1685 deniquo
1491 1615 1705 1685 inscriptionum

257 1721 327 1777 ratio
345 1720 438 1776 differt
456 1736 473 1775 a
490 1721 585 1774 solita:
611 1719 684 1789 quod
708 1719 731 1774 si
754 1719 906 1788 excipietur
929 1719 1064 1789 quaedam
1089 1725 1183 1774 extare
1207 1735 1340 1790 responsa
1358 1721 1468 1792 Ulpiani
1492 1721 1616 1777 similiter
1635 1738 1705 1778 eon·

257 1833 339 1896 cepta
361 1829 399 1894 (u.
416 1829 456 1896 17,
469 1828 494 1897 2,
509 1827 551 1880 73.
571 1827 613 1895 32,
626 1826 661 1881 66
673 1842 713 1895 pr.
732 1825 776 1894 46,
789 1825 815 1896 3,
827 1825 872 1880 46.
888 1825 971 1895 5,10.
990 1827 1034 1896 50,
1049 1827 1092 1895 12,
1105 1827 1146 1896 6),
1174 1825 1350 1896 replicabitur
1373 1841 1406 1882 eo
1430 1827 1519 1896 magis
1542 1827 1705 1885 mirandum

258 1949 334 2004 esse,
359 1949 407 1988 eur
430 1932 499 1988 haee
523 1947 578 1988 nou
596 1933 724 2002 legantur
741 1934 806 2001 post
829 1930 910 1986 buius
934 1931 1005 1986 tituli
1027 1932 1115 2000 legem
1135 1933 1170 1986 22
1195 1937 1333 2002 sumptam
1358 1947 1393 1987 ex
1411 1933 1479 2003 ipsis
1497 1933 1530 1989 iis
1548 1936 1705 2004 responsis.

258 2054 343 2109 quare
362 2039 430 2094 satis
448 2041 557 2093 constat
575 2038 643 2094 liaeo
662 2039 770 2093 adiecta
788 2052 850 2092 esse
869 2037 903 2092 sd
923 2036 1092 2106 digestorum
1111 2039 1266 2108 exemplum
1285 2038 1327 2108 id,
1349 2055 1366 2094 a
1389 2054 1445 2108 quo
1466 2039 1570 2110 pendet
1587 2041 1706 2098 Floren-

258 2145 360 2214 tinum,
383 2145 574 2215 antiquissimo
592 2151 729 2215 tempore,
752 2144 857 2200 scilieet
875 2148 1020 2214 autequam
1040 2143 1169 2213 antiquae
1188 2144 1350 2214 prudentiae
1369 2151 1447 2204 extra
1465 2146 1573 2215 digesta
1590 2149 1707 2216 positae

259 2251 654 2322 memoriapenitusexoleret.
674 2279 703 2292 -
726 2250 805 2317 Quod
823 2249 954 2318 sequitur,
973 2250 1056 2304 otiam
1075 2251 1188 2318 gratuitu
1207 2257 1258 2306 est.
1290 2267 1374 2321 supra
1391 2256 1430 2322 (p.
1444 2251 1575 2318 xxiiii)
1594 2255 1706 2310 monui-

260 2373 321 2412 mus
339 2357 441 2412 nullam
460 2355 517 2412 iere
535 2372 569 2412 ne
588 2357 746 2413 Florentino
763 2355 874 2426 quidem
892 2354 960 2411 libro
977 2353 1061 2410 iidem
1086 2370 1148 2410 esse
1172 2357 1199 2411 in
1218 2357 1310 2426 legum
1329 2357 1466 2428 capitibus
1484 2357 1649 2414 deliniendis
1676 2365 1709 2416 et

258 2464 362 2534 passim
377 2462 415 2518 ibi
432 2468 489 2518 tem
508 2465 580 2519 male
599 2463 685 2518 diuidi
703 2461 896 2532 coniungenda
913 2476 996 2530 quarn
1014 2462 1085 2516 male
1104 2463 1233 2532 coniungi
1252 2463 1414 2533 separanda.
1443 2463 1550 2520 Graeca
1566 2466 1708 2536 iuterpre-

259 2570 328 2625 tstio
348 2569 394 2624 nbi
412 2569 480 2624 satis
497 2570 578 2639 plene
596 2573 707 2625 seruata
724 2573 775 2639 est,
794 2569 822 2623 in
840 2569 888 2624 tali
906 2566 1064 2624 delinitione
1081 2569 1163 2638 longe
1182 2573 1306 2638 praestat
1323 2569 1479 2626 Florentino
1497 2571 1579 2627 libro:
1604 2587 1708 2642 quam-

139 2681 154 2706 ·
260 2691 342 2746 quam
362 2680 426 2732 aunt
438 2675 491 2731 loci
508 2675 620 2745 quidam
639 2678 681 2742 (ut
692 2677 736 2746 40,
749 2676 775 2745 6,
789 2675 878 2744 issi),
897 2673 944 2729 ubi
962 2673 1097 2730 eiusmodi
1115 2689 1191 2730 error
1209 2675 1235 2730 ei
1253 2673 1321 2731 libro
1340 2691 1402 2731 eom
1415 2675 1529 2733 Graecis
1547 2683 1710 2738 communis

260 2786 313 2852 est,
331 2797 383 2838 nee
401 2782 508 2852 mirum,
527 2797 588 2837 oum
608 2782 799 2851 compilatores
817 2779 954 2850 capitibus
972 2795 1100 2836 numeros
1118 2782 1206 2836 nullos
1225 2781 1420 2852 adscripserint
1437 2786 1475 2850 (u.
1489 2801 1515 2854 p.
1529 2785 1575 2855 X),
1594 2792 1710 2844 mature

260 2889 288 2944 in
307 2903 342 2944 ea
359 2904 388 2943 re
407 2893 527 2943 erratum
546 2903 621 2959 esse,
645 2892 677 2944 ut
694 2886 811 2944 tortasse
834 2901 868 2942 ne
891 2887 981 2958 ipsum
1006 2887 1117 2956 quidem
1136 2887 1315 2960 archetypum
1335 2889 1370 2944 ab
1389 2890 1522 2947 eiusmodi
1541 2889 1710 2950 confusione

261 2996 382 3050 immune
401 2981 493 3050 fue'rit.
520 2995 570 3050 sed
588 2995 640 3051 hoe
653 2993 772 3050 notabile
785 2999 828 3050 est
840 2991 875 3049 ab
888 2993 1023 3050 eiusmodi
1037 2993 1174 3050 erroribus
1187 2995 1384 3064 antiquissimis
1395 2995 1548 3066 profectum
1560 2997 1709 3057 librarium

263 3103 322 3157 sine
340 3101 489 3156 Florentiui
509 3100 569 3156 libri
588 3102 647 3156 siue
666 3101 749 3157 etiam
773 3100 953 3171 antiquiorem
978 3100 1083 3170 aliquot
1105 3101 1181 3156 locos
1199 3101 1270 3155 male
1289 3101 1477 3172 interpolasse.
1511 3104 1549 3158 ita
1566 3105 1588 3175 1,
1601 3107 1667 3177 220,
1681 3110 1710 3164 5.

263 3209 368 3278 663,11
388 3223 438 3277 pro
457 3222 490 3263 eo
508 3207 582 3277 quod
601 3213 645 3262 est
656 3209 771 3263 lulianus
783 3207 876 3278 posuit
894 3209 968 3272 ideas,
986 3211 1132 3277 propterea
1149 3207 1223 3278 quod
1241 3208 1332 3277 paullo
1351 3214 1414 3262 ante
1432 3227 1459 3279 p.
1473 3211 1534 3279 219,
1547 3211 1591 3265 31.
1609 3213 1677 3284 663,
1692 3217 1711 3271 6

264 3313 299 3368 ab
318 3327 351 3368 eo
370 3313 443 3382 quod
466 3313 505 3368 ibi
529 3317 572 3369 est
590 3315 706 3368 latisana
730 3314 801 3368 male
824 3318 908 3382 eaput
930 3328 1009 3368 orsus
1033 3319 1100 3368 erat.
1128 3313 1251 3368 similiter
1270 3314 1289 3383 i,
1308 3315 1368 3384 217,
1389 3317 1423 3370 10
1444 3314 1609 3372 uocabulum
1631 3321 1711 3376 male

264 3420 410 3491 repetitum
438 3421 524 3476 Orbas
546 3419 608 3474 ideo
631 3435 648 3473 a
670 3419 779 3475 librario
802 3419 939 3474 adiectum
968 3422 1025 3489 est,
1052 3419 1126 3489 quod
1150 3425 1233 3489 caput
1261 3420 1305 3475 hie
1329 3420 1508 3478 inchoaturus
1533 3426 1647 3492 proptor
1674 3441 1711 3482 ea

264 3543 335 3599 quae
354 3525 539 3598 sequebantur
562 3527 627 3580 lidro
649 3533 739 3580 ocioso
758 3527 853 3580 decim
872 3527 1026 3598 clipeatorum
1047 3540 1147 3581 nomen
1166 3527 1285 3581 auctoris
1303 3526 1486 3582 desiderabat.
1519 3529 1578 3584 illos
1597 3543 1712 3588 errores

265 3634 425 3690 emendator
443 3633 561 3701 sustulit,
580 3631 644 3686 huie
662 3632 794 3702 pepercit.
822 3632 905 3686 etiam
925 3632 1012 3701 magis
1031 3621 1216 3688 m'emorabilis
1234 3639 1276 3687 est
1294 3635 1371 3688 locus
1389 3634 1423 3703 ll,
1437 3636 1498 3703 212,
1512 3636 1555 3704 37,
1574 3633 1621 3688 ubi
1642 3651 1711 3693 eum

264 3747 328 3812 post
345 3743 435 3810 legem
454 3740 503 3808 60,
526 3753 597 3808 quae
616 3741 659 3792 est
677 3736 763 3808 Celsi,
784 3743 915 3808 sequatur
936 3739 981 3792 lex
1000 3739 1034 3794 63
1057 3739 1122 3794 item
1142 3738 1214 3794 (lelsi
1239 3741 1313 3794 nulla
1335 3741 1511 3809 inscriptione
1533 3740 1711 3814 interposita,

266 3848 375 3905 omissis
399 3846 504 3902 scilieet
527 3845 580 3899 hoe
602 3844 662 3899 loeo
687 3843 758 3898 inter
781 3844 835 3899 alia
858 3844 940 3899 etiam
966 3845 1056 3914 legum
1076 3846 1119 3900 51.
1133 3845 1168 3900 52
1191 3843 1428 3915 inscriptionibus,
1446 3845 1573 3901 librarius
1594 3845 1652 3916 legi
1673 3851 1712 3906 63

266 3953 443 4025 praescripsit
469 3954 548 4006 idern:
575 3949 648 4020 quod
671 3948 771 4004 deiude
795 3949 954 4005 emendator
976 3949 1053 4006 hiatu
1076 3924 1185 4021 expleto
1211 3953 1275 4006 item
1300 3958 1373 4006 recte
1394 3951 1537 4006 correxit¹.
1563 3982 1595 3992 -·
1625 3951 1713 4012 Unde

267 4061 358 4130 capita
376 4060 404 4113 in
422 4057 537 4127 digestis
556 4061 604 4110 aut
622 4056 762 4124 geminata
779 4055 814 4124 ii,
834 4057 877 4124 97,
895 4059 929 4112 29
948 4062 996 4111 aut
1014 4058 1074 4111 aliis
1092 4057 1158 4112 iuris
1176 4059 1243 4112 locis
1262 4059 1399 4112 contraria
1416 4058 1450 4127 ll,
1468 4059 1529 4126 328,
1541 4059 1567 4114 3.
1585 4059 1649 4128 330,
1663 4063 1713 4132 31,

267 4181 338 4236 quae
357 4164 517 4220 emendator
535 4163 645 4216 demum
664 4161 765 4216 adiecit
782 4162 899 4231 aprime
918 4161 1027 4218 librario
1046 4165 1155 4231 omissa,
1175 4165 1233 4218 iure
1246 4167 1399 4218 statuemus
1411 4178 1466 4218 uon
1481 4178 1546 4218 casu
1559 4164 1713 4238 excidisse,

267 4271 317 4326 sod
335 4270 448 4326 inducta
465 4285 526 4348 esse
545 4271 656 4339 propter
674 4272 873 4336 argumentum.

267 4438 693 4453 ——u———ae—

323 4557 332 4590 ¹
357 4553 398 4604 ai
423 4553 551 4619 compagis
576 4551 707 4617 archetypi
734 4551 853 4602 ambitum
880 4551 1096 4603 detenuinaudum
1120 4553 1227 4604 fortasse
1252 4552 1345 4603 ducent
1368 4569 1399 4604 ea
1425 4569 1490 4618 quae
1517 4553 1715 4610 obseruauimus

269 4643 302 4694 ad
320 4640 369 4692 ucl.
383 4641 416 4702 ΙΙ,
429 4640 490 4702 243,
503 4643 528 4692 3.
636 4639 648 4672 ¹
667 4639 758 4690 Confer
777 4640 850 4690 etiam
870 4639 890 4700 1,
906 4639 1021 4702 12238,
1040 4640 1083 4691 ubi
1101 4648 1158 4706 post
1176 4641 1363 4705 inscriptionem
1382 4642 1493 4707 proxime
1512 4641 1715 4706 praecedentem

273 4729 396 4802 liptanas
414 4729 479 4782 libro
497 4730 627 4783 andecimo
646 4728 683 4782 ud
700 4729 806 4782 edictum
819 4727 978 4780 Florentinus
996 4729 1111 4780 librarius
1130 4730 1230 4796 scripsit
1245 4729 1339 4782 Paulas
1357 4729 1421 4782 libro
1440 4731 1534 4793 eodem,
1552 4747 1610 4781 mcx
1628 4750 1713 4786 uoca-

269 4819 327 4872 bulo
353 4819 439 4872 eodem
458 4817 556 4870 sublato
575 4817 703 4870 substituit
722 4817 859 4871 undecimo.
887 4811 994 4884 apparet
1017 4818 1042 4868 in
1065 4817 1158 4869 talibus
1182 4835 1238 4869 erun
1257 4817 1386 4869 srbitrinnr
1405 4835 1477 4868 suum
1494 4817 1575 4884 magde
1593 4831 1715 4876 secutum

269 4926 325 4964 esse
344 4926 417 4978 quam
436 4907 571 4977 exemplar.
