3736 5348
275 207 336 275 xil
356 208 378 274 2
399 214 516 270 ιιι-34
565 265 567 271 .
947 203 1035 284 370
1662 228 1710 276 nn

274 362 327 420 tibi
345 363 404 419 dori
421 367 556 435 oportere,
574 362 738 434 opponenda
755 367 799 420 aet
815 363 941 434 exeeptis
953 363 1128 419 iurisiurandi
1138 365 1305 434 paramentis
1317 364 1505 436 quaestionem
1518 365 1625 422 aedona
1637 380 1710 422 oom-

275 451 448 523 prehensam.

219 538 260 599 30
328 541 448 597 Psunus
465 539 534 596 libro
552 544 652 596 octauo
669 539 775 595 daaimo
794 538 830 594 ad
848 538 977 595 edietum.
1003 541 1083 611 Eum,
1102 541 1150 610 qui
1165 541 1313 598 insanitas
1325 557 1359 598 aa
1377 534 1712 626 [W
1728 550 1757 606 Ε

276 629 385 685 satione
403 643 473 699 quaa
490 627 632 684 infitiando
650 629 749 684 arasoit
766 627 868 698 aliquid
885 627 938 683 sibi
956 627 1058 699 deberi,
1078 629 1176 700 simpli,
1194 646 1249 685 non
1267 631 1344 700 dupli
1361 631 1579 702 persecutionem
1597 628 1649 685 sibi
1663 629 1711 684 ad-

276 719 384 788 quirere
401 717 502 773 Pedius
525 718 577 772 ait:
601 716 710 772 abunda
730 716 802 772 anim
821 713 947 771 suffioera
965 731 1113 772 exonerare
1130 719 1275 788 petitorem
1293 719 1616 789 probandi-nenessitate,
1635 715 1711 802 Q

275 821 339 863 oum
363 807 465 862 omissa
487 805 539 861 hae
561 811 640 877 parte
662 805 746 862 adiali
768 805 845 876 dupli
868 805 941 861 aetio
963 805 1072 875 integra
1091 812 1215 862 maneat:
1239 813 1269 862 at
1284 812 1378 878 potest
1394 808 1449 863 dioi
1466 807 1518 864 boo
1536 807 1637 862 iudiaio
1655 823 1711 864 non

243 904 256 950 1
274 895 452 966 principalem
471 910 583 950 oausam
601 895 736 964 exerceri,
757 894 807 950 sad
824 893 1012 950 iusiurandum
1031 896 1131 951 sotoris
1149 897 1313 952 conseruari.
1349 895 1380 951 Si
1397 897 1523 952 iurauaro
1539 900 1568 951 ta
1586 895 1710 952 Stiobum

275 983 342 1038 milri
364 984 431 1040 dare
453 987 593 1054 oportere,
618 983 665 1052 qui
688 997 743 1039 non
761 983 798 1038 sit
815 983 843 1038 in
860 997 951 1038 renum
968 987 1080 1053 natura,
1103 998 1156 1039 nee
1173 983 1389 1040 aestimationem
1407 984 1474 1040 mihi
1490 989 1630 1054 praestare
1646 998 1711 1040 raus

275 1071 360 1128 dabat
379 1071 433 1127 nisi
454 1087 489 1128 ex
509 1087 594 1128 eausa
611 1069 714 1127 iustius
730 1071 776 1126 uel
793 1075 904 1140 propias
921 1087 1026 1126 moras:
1049 1075 1117 1127 tuno
1134 1072 1206 1127 anim
1225 1073 1307 1128 etiam
1325 1078 1521 1142 postmortem
1539 1073 1612 1128 earui
1630 1071 1711 1127 aesti-

242 1168 258 1214 ι
276 1161 360 1216 matio
377 1164 541 1230 praestetur.
578 1159 608 1216 Si
625 1161 722 1216 mulier
739 1159 871 1214 iurauerit
887 1159 983 1216 deaam
1001 1160 1075 1216 dotis
1092 1159 1145 1216 sibl
1163 1159 1269 1231 deberi,
1293 1166 1352 1216 tota
1369 1176 1404 1216 ea
1421 1177 1529 1217 summa
1545 1159 1712 1232 praestanda
1730 1175 1759 1216 no

275 1253 332 1304 est:
356 1247 406 1304 sed
423 1249 448 1304 si
465 1249 566 1304 lurauit
583 1249 679 1304 daaem
698 1263 728 1304 se
747 1247 856 1303 dedisse
873 1249 902 1303 in
920 1248 1026 1320 domm,
1049 1249 1103 1304 boo
1120 1250 1208 1304 solum
1226 1265 1282 1304 non
1300 1250 1353 1304 erit
1369 1235 1567 1320 quaerendum,
1592 1265 1628 1304 an
1645 1248 1712 1304 data

242 1345 257 1392 ι
275 1337 338 1407 sint,
356 1335 406 1392 sad
424 1338 503 1407 quasi
521 1337 588 1393 data
605 1338 667 1408 sint,
686 1335 761 1406 quod
778 1351 814 1392 ax
832 1351 865 1392 ao
883 1335 961 1392 reddi
979 1341 1088 1407 oportet
1098 1337 1295 1408 praestandum
1308 1339 1368 1393 erit.
1395 1339 1427 1394 In
1439 1337 1615 1408 popularibus
1627 1338 1710 1393 sotio·

274 1425 356 1482 nibus
373 1425 560 1482 iusiurandum
579 1429 707 1482 exaatum
724 1427 764 1481 ita
781 1424 892 1482 demum
910 1425 1044 1482 aduersus
1060 1427 1129 1482 alios
1139 1426 1269 1497 proderit,
1287 1427 1312 1482 si
1322 1426 1396 1482 bona
1406 1425 1462 1483 fide
1474 1433 1601 1482 ermuini
1612 1425 1709 1480 fuerit:

274 1529 338 1570 narn
361 1521 391 1571 et
413 1515 437 1570 si
459 1515 521 1585 quis
543 1516 644 1585 egerit,
667 1515 707 1570 ita
730 1514 839 1570 demum
864 1515 1000 1569 eonsumit
1020 1513 1159 1584 publieam
1180 1517 1329 1586 aetianam,
1354 1516 1379 1570 si
1396 1529 1451 1572 non
1467 1531 1517 1586 par
1534 1515 1711 1572 eollusionem

240 1611 257 1658 4
274 1607 366 1658 aetum
385 1603 430 1659 sit.
457 1602 487 1658 Si
504 1602 618 1662 libertus
636 1601 777 1659 deserente
794 1605 910 1674 patrono
928 1603 1030 1658 iurauit
1046 1617 1077 1659 sa
1094 1603 1222 1660 libertum
1240 1619 1295 1660 non
1313 1619 1383 1674 assa,
1401 1609 1491 1660 ratum
1507 1603 1555 1660 lua·
1587 1615 1710 1676 uptam
1728 1619 1758 1662 ιι

261 1689 394 1747 bendum
418 1696 462 1747 eat
484 1691 687 1762 iusiurandum,
711 1697 743 1747 ιιι
765 1706 816 1746 nea
836 1705 980 1761 operarum
997 1692 1095 1762 petitio
1113 1707 1165 1748 naa
1181 1692 1315 1750 bonorum
1333 1693 1471 1762 possessio
1489 1698 1585 1748 eontra
1600 1680 1711 1748 tab'ubss

241 1779 334 1836 ldari
356 1778 465 1836 debeat
501 1779 532 1837 Si
555 1781 682 1842 iurauero
705 1795 786 1836 usum
808 1778 927 1835 {suetum
950 1778 1016 1834 mihi
1038 1779 1097 1836 dari
1114 1785 1255 1852 oportere,
1279 1796 1334 1836 non
1351 1782 1431 1837 alim
1447 1782 1507 1837 duri
1524 1781 1614 1852 debet,
1634 1777 1711 1865 [ἰῇ-,ἰ

273 1883 356 1938 quam
374 1869 399 1923 ei
416 1883 531 1925 meream
547 1869 613 1925 boni
629 1869 682 1924 uiri
699 1867 833 1923 arbitratu
850 1883 895 1923 ma
912 1883 1026 1924 usurum
1043 1873 1073 1924 et
1089 1867 1166 1924 finito
1184 1885 1237 1923 usu
1254 1867 1345 1924 unam
1363 1871 1562 1926 restituturum.

216 1953 254 2013 31
327 1956 421 2014 timue
438 1958 508 2015 libro
525 1959 685 2028 trigansimo
703 1956 739 2011 ad
757 1955 876 2012 edietum
894 1957 1069 2026 prouinoiala
1096 1956 1272 2013 admonendi
1290 1973 1385 2014 sumus
1398 1959 1535 2014 interdum
1554 1951 1710 2042 Q
1727 1967 1756 2024 Ε

273 2045 357 2100 etlam
380 2051 445 2116 post
466 2045 655 2102 iusiurandum
677 2049 805 2102 exaetum
828 2045 949 2116 permitti
972 2045 1213 2102 constitutionibus
1236 2046 1390 2116 prinoipum
1413 2061 1448 2102 ex
1471 2048 1578 2118 integro
1597 2063 1708 2114 oausam
1727 2061 1758 2103 so

273 2149 365 2204 agere,
384 2135 407 2189 si
426 2135 487 2205 quis
504 2149 579 2191 nona
595 2135 777 2190 instrumenta
794 2149 825 2189 sa
843 2133 981 2190 inuenisse
998 2134 1085 2205 dieat,
1107 2133 1206 2204 quibua
1225 2150 1298 2190 nune
1315 2135 1381 2190 solis
1400 2149 1499 2190 usurus
1517 2136 1561 2190 sit.
1589 2136 1639 2192 sed
1656 2135 1710 2190 baa

152 2233 153 2236 ’
273 2223 483 2279 eonstibrtionas
499 2228 567 2280 tuno
584 2221 712 2279 uidentur
729 2223 819 2278 looum
841 2222 955 2293 habena,
979 2238 1042 2278 aum
1064 2239 1083 2278 a
1104 2222 1194 2278 indiae
1217 2223 1315 2293 abnuis
1339 2222 1481 2279 absolutus
1503 2222 1586 2280 bremt
1609 2224 1710 2292 (solent

273 2311 345 2367 anim
364 2327 448 2382 saepe
465 2310 571 2367 indieee
588 2312 617 2367 in
635 2311 726 2367 dubiis
744 2312 835 2368 eausie
858 2316 956 2366 axaoto
977 2310 1152 2366 iureiurando
1175 2311 1327 2368 seeundum
1350 2326 1414 2367 aum
1432 2311 1554 2367 iudieara
1573 2313 1620 2383 qui
1637 2313 1709 2368 iura-

272 2399 368 2468 uerit):
386 2400 461 2471 quod
479 2401 502 2456 si
521 2401 588 2456 alias
599 2401 671 2456 inter
681 2401 757 2471 ipsos
768 2399 943 2456 iureiurando
954 2404 1124 2456 transactum
1135 2401 1173 2455 sit
1183 2401 1333 2471 negotium,
1351 2416 1406 2456 non
1422 2401 1581 2458 eonosditur
1593 2400 1709 2457 eandem
1728 2416 1759 2458 aa

273 2502 387 2544 amam
407 2489 417 2559 ΙΙ
437 2494 593 2546 sementare.
1037 2523 1053 2555 ·..
1727 2495 1808 2549 ι.190’

215 2571 255 2632 32
325 2578 519 2634 Monnsmma
535 2579 605 2634 bbro
624 2615 706 2632 .....
724 2576 947 2634 differentiarum.
982 2575 1162 2632 Iurisiursndi
1180 2576 1297 2647 gratim
1315 2574 1355 2632 ia-
1373 2574 1490 2661 [lmad
1500 2590 1537 2635 aa.
1548 2587 1668 2648 sperem
1678 2587 1708 2634 ιι
1727 2587 1773 2662 Es

272 2679 335 2721 aare
352 2667 472 2738 pupillus
489 2681 544 2722 non
562 2669 665 2736 potest.

215 2749 254 2810 33
326 2753 478 2812 bernaus
494 2753 563 2811 libro
581 2753 712 2810 uioesimo
731 2758 830 2810 oenus
848 2753 884 2810 sd
902 2752 1042 2810 Sabinum.
1079 2753 1131 2821 Qui
1148 2769 1198 2824 par
1220 2753 1337 2840 salutem
1356 2770 1435 2810 suam
1453 2754 1533 2824 iurat,
1544 2745 1710 2836 Q
1727 2764 1750 2818 s

271 2842 337 2898 boet
353 2858 403 2914 par
419 2841 502 2898 deum
520 2843 610 2898 iurare
627 2841 738 2898 uidetur
755 2845 892 2913 (raspeatu
910 2844 983 2898 anim
1001 2843 1087 2898 diuini
1104 2843 1223 2898 numinis
1241 2843 1280 2897 ita
1297 2843 1389 2914 iurat),
1407 2849 1537 2912 attamen,
1556 2843 1580 2898 si
1595 2857 1650 2898 non
1668 2842 1708 2896 ita

272 2931 427 3002 spmiuitar
443 2929 631 2987 iusiurandum
650 2932 676 2987 el
693 2931 815 2988 delatum
833 2937 884 3003 ast,
902 2933 1008 2988 iurasse
1025 2947 1081 2988 non
1098 2931 1221 2987 uidetur:
1240 2935 1269 2987 at
1285 2931 1348 2986 ideo
1367 2946 1402 2987 ax
1415 2931 1524 3001 integro
1541 2931 1709 2986 sollemniter
1727 2947 1758 2990 so

271 3018 417 3075 iurandum
436 3023 487 3076 est.

215 3103 255 3166 34
326 3109 404 3164 burs
420 3107 489 3164 bbro
506 3107 657 3164 aleensimo
675 3111 754 3164 sexto
772 3108 809 3164 sd
826 3107 956 3164 edietum.
991 3108 1184 3164 Iusiurandum
1202 3113 1231 3164 at
1248 3108 1285 3164 sd
1302 3108 1434 3178 peouniae
1452 3113 1481 3163 et
1498 3106 1535 3162 ad
1553 3101 1709 3191 [Q
1727 3120 1750 3174 s

271 3211 369 3254 omnes
386 3212 431 3252 res
448 3197 538 3252 looum
556 3195 652 3252 babet:
675 3197 758 3253 etiam
776 3197 812 3252 de
829 3197 921 3268 operis
938 3197 1126 3253 iusiurandum
1145 3195 1245 3252 daiarri
1262 3201 1363 3268 potest.
1391 3212 1443 3252 nao
1461 3196 1496 3252 de
1514 3196 1613 3252 iniuria
1631 3197 1708 3266 queri

272 3285 446 3341 admonemus
462 3289 563 3356 potest,
582 3301 644 3341 aum
662 3287 750 3356 possit
766 3286 955 3342 iusiurandum
973 3285 1083 3342 naiarra.
1109 3285 1177 3356 quid
1194 3289 1296 3356 umen,
1315 3286 1339 3341 si
1351 3285 1414 3341 ideo
1431 3285 1506 3340 diora
1522 3299 1587 3340 raus
1599 3299 1629 3340 aa
1641 3284 1708 3340 libo·

272 3380 370 3445 ratum,
388 3375 516 3445 quoniam
529 3373 660 3444 Stiobum,
679 3389 761 3444 quem
779 3376 949 3446 promiserat,
967 3380 1048 3446 putat
1060 3375 1233 3430 daeassisse‘l
1260 3391 1315 3430 non
1327 3375 1528 3444 arittutuspar
1539 3374 1707 3429 relationem.
1726 3391 1757 3436 as

272 3467 302 3519 et
318 3462 381 3519 ideo
399 3479 435 3519 ex
452 3462 504 3519 baa
521 3479 607 3519 eausa
623 3468 703 3534 putat
719 3464 877 3535 diurnalium,
895 3469 925 3520 et
941 3469 1030 3536 reete,
1049 3469 1099 3519 aut
1115 3463 1310 3520 remittendum
1328 3463 1354 3518 ei
1372 3462 1560 3518 iusiurandum
1579 3466 1628 3518 aut
1646 3478 1708 3532 sps·
1794 3521 1798 3526 ,

239 3561 253 3607 1
271 3551 341 3607 tium
359 3551 493 3622 dandum,
516 3557 549 3608 ut
566 3552 727 3608 certioratur
743 3558 773 3608 et
789 3553 830 3608 eia
846 3553 925 3608 iurat.
962 3551 1098 3608 Defensor
1116 3552 1281 3622 munieipum
1305 3552 1351 3606 nel
1374 3551 1496 3607 cuiusuis
1513 3552 1635 3622 eorporis
1652 3552 1708 3606 ius·

240 3649 255 3696 ι
272 3638 416 3696 iurandum
434 3639 541 3696 deferre
558 3645 660 3710 polest,
679 3642 703 3696 si
721 3655 804 3712 super
815 3641 867 3697 boo
879 3641 1039 3697 mandatum
1051 3641 1160 3697 lrabeat
1187 3641 1295 3712 Pupilla
1311 3657 1366 3696 non
1378 3639 1500 3696 daiertur
1511 3639 1707 3695 iusiurandum.

239 3727 435 3784 tl’roourator
451 3743 507 3785 non
524 3729 695 3800 eompallitur
711 3727 802 3786 iurare
819 3745 871 3785 neo
888 3729 1028 3800 deiansor,
1052 3734 1081 3786 at
1103 3731 1143 3784 ita
1159 3730 1281 3786 lulianus
1299 3728 1394 3785 saribit
1415 3728 1484 3784 libro
1508 3729 1614 3784 deaimo
1632 3728 1708 3798 diga

272 3819 376 3872 storum
394 3815 567 3874 defensorem
584 3819 674 3874 iurare
692 3834 747 3874 non
765 3819 892 3890 eompalll
910 3817 1090 3889 suffioeraqne
1109 3816 1145 3874 ad
1163 3819 1271 3888 plenam
1290 3815 1486 3888 daianeionem,
1504 3817 1653 3888 siparatus
1672 3817 1709 3872 eit
1727 3835 1758 3877 aa

238 3905 402 3964 liudieium
420 3907 553 3978 aeaipare.
590 3907 643 3973 Qui
660 3907 848 3962 iusimandum
867 3905 963 3977 defert,
981 3908 1055 3978 prior
1067 3907 1102 3962 da
1114 3907 1251 3964 oalumia
1263 3906 1346 3962 debet
1357 3907 1455 3976 iurare,
1473 3906 1498 3961 si
1509 3905 1561 3962 hoa
1573 3907 1707 3976 exigatur,

271 3993 372 4050 deinde
390 3995 430 4049 sie
447 3995 474 4050 ai
491 3995 632 4051 iurabitur.
661 3995 713 4052 boo
730 3996 916 4052 iusiurandum
936 3996 971 4051 de
989 3996 1124 4051 oalumnia
1141 4011 1229 4066 aequa
1251 4000 1368 4067 patrono
1384 3993 1599 4065 parentibusque
1616 3994 1707 4050 remit

239 4091 254 4138 ι
271 4081 347 4140 titur.
383 4081 413 4138 Si
431 4082 466 4139 da
483 4084 614 4155 qualitate
635 4085 781 4141 iuramenti
798 4084 881 4142 fuerit
897 4085 969 4140 inter
985 4089 1078 4156 partes
1096 4083 1264 4154 dubitatum,
1288 4084 1431 4154 eonoaptio
1448 4084 1508 4139 eius
1526 4082 1620 4139 arbitri
1638 4083 1708 4138 iudi·

271 4329 409 4401 tdupliai
426 4332 469 4386 P·
521 4332 656 4388 demissa
674 4332 714 4386 P·
729 4334 734 4400 Ι
749 4331 898 4404 duplioatio
916 4334 961 4400 F,
1015 4335 1051 4389 33
1068 4332 1167 4402 laeum]
1185 4333 1278 4404 legum
1295 4334 1334 4386 Ρ·
1386 4333 1422 4387 36
1442 4331 1494 4386 hae
1512 4351 1561 4384 om.
1576 4333 1614 4386 Ρ·
1634 4331 1639 4398 Ι
1660 4334 1709 4385 aut

272 4399 374 4471 duplioi
392 4403 465 4458 aetio
485 4401 520 4457 U·
535 4403 540 4470 Ι
558 4402 660 4473 potest]
678 4407 742 4474 post
759 4403 799 4458 P·
852 4405 962 4459 laxar-
1015 4405 1116 4460 ramitt.
1132 4405 1157 4459 ai
1174 4404 1268 4459 iusiur.
1287 4422 1336 4458 om.
1350 4403 1390 4458 P·
1442 4402 1650 4471 basiliique
1667 4401 1709 4456 P·

273 4486 338 4527 eane
362 4473 402 4526 P·
462 4475 480 4528 8
508 4479 607 4529 natura
634 4475 673 4529 bie
696 4476 742 4540 Εἰ,
772 4479 897 4530 naturam
922 4475 963 4530 P·
1016 4477 1051 4530 39
1074 4475 1143 4531 libro
1167 4475 1273 4532 daoimo
1300 4493 1349 4530 om.
1366 4475 1409 4530 P·
1472 4474 1507 4529 41
1535 4471 1641 4527 deierat
1668 4471 1709 4526 P·

273 4544 308 4598 10
325 4541 378 4598 sibi
395 4543 497 4614 debari]
518 4545 605 4600 uideri
622 4545 671 4612 P·,
690 4545 785 4602 deberi
802 4544 854 4600 sibi
871 4545 961 4615 PtUl
1016 4549 1052 4602 42
1064 4561 1152 4616 aeque
1163 4551 1278 4617 patrono
1290 4545 1503 4617 parentibusque
1516 4546 1580 4613 (qua
1590 4542 1707 4614 om.P·)]

271 4627 306 4669 aa
323 4633 372 4668 orn.
385 4615 438 4669 PU
479 4617 512 4671 11
531 4615 627 4671 danem
645 4617 684 4686 aa]
705 4631 735 4672 se
752 4617 800 4681 1²⁶,
819 4632 850 4671 sa
868 4616 964 4672 daoem
1017 4619 1084 4672 F'P
1097 4639 1153 4674 eam
1171 4619 1198 4674 Β
1217 4619 1339 4685 (Asana
1362 4617 1394 4672 bs
1417 4617 1477 4687 (ros
1500 4617 1557 4686 napi
1576 4626 1708 4678 cranaus·

271 4683 341 4739 P‘U
392 4686 426 4741 15
444 4691 536 4742 aetum
555 4689 595 4742 bia
612 4687 661 4740 F·‘
715 4689 749 4743 17
767 4688 899 4744 iurauerit
916 4689 962 4754 1³,
1016 4689 1074 4744 riac
1092 4687 1184 4760 ὅρκοι)
1202 4689 1249 4751 οῩκ
1269 4689 1358 4751 baares
1377 4689 1460 4758 strip
1474 4687 1488 4741 ir
1502 4687 1609 4758 sirpus
1622 4685 1709 4740 etBS

270 4754 416 4811 iuraualim
434 4757 496 4826 1²⁸1
512 4756 678 4813 deba'a'tF³
721 4760 755 4813 21
774 4758 836 4828 baa]
853 4758 962 4824 haoF',
1016 4761 1117 4832 (Cyr.):
1136 4759 1228 4823 ὄκκγιι
1246 4759 1295 4814 rba
1313 4761 1370 4830 sepi
1389 4759 1552 4823 aalorusiac,
1573 4757 1596 4811 ai
1610 4755 1645 4810 rari
1658 4756 1708 4810 ni·

271 4822 422 4882 baesaPU
467 4827 679 4884 iiiueri‘n'tli⁶
727 4830 962 4901 iissepelsoapa
1015 4851 1031 4885 r
1073 4831 1225 4902 sinarip
1242 4831 1294 4895 eis,
1318 4845 1406 4900 aeque
1427 4835 1543 4900 patrono
1565 4833 1594 4883 et
1610 4841 1708 4896 paran-

271 4898 308 4950 Ρ
361 4899 397 4952 24
414 4899 598 4954 aam⁴daml⁹
651 4901 686 4955 26
706 4899 776 4956 libro
795 4900 875 4969 .·...]
892 4901 961 4957 libro
1014 4907 1089 4958 trus
1105 4902 1135 4970 U,
1153 4917 1242 4972 neque
1259 4906 1375 4972 pabouo
1392 4917 1481 4972 neque
1498 4897 1707 4971 pmntibms*

270 4967 350 5033 H'U,
367 4968 385 5022 l
398 4969 408 5023 i
425 4971 493 5034 daia,
510 4969 579 5025 libro
591 4971 693 5040 (tardo)
704 4971 783 5026 Taar.
799 4973 805 5039 Ι
819 4972 910 5040 gratia
921 4974 962 5027 P·
