<?xml version="1.0" encoding="UTF-8"?>
<!DOCTYPE html PUBLIC "-//W3C//DTD XHTML 1.0 Transitional//EN"
    "http://www.w3.org/TR/xhtml1/DTD/xhtml1-transitional.dtd">
<html xmlns="http://www.w3.org/1999/xhtml" xml:lang="en" lang="en">
 <head>
  <title>
</title>
<meta http-equiv="Content-Type" content="text/html;charset=utf-8" />
  <meta name='ocr-system' content='tesseract 3.04.00' />
  <meta name='ocr-capabilities' content='ocr_page ocr_carea ocr_par ocr_line ocrx_word'/>
</head>
<body>
  <div class='ocr_page' id='page_1' title='image "./digestaiustinia01kruegoog_0901.png"; bbox 0 0 3698 5364; ppageno 0'>
   <div class='ocr_carea' id='block_1_1' title="bbox 254 177 1702 259">
    <p class='ocr_par' dir='ltr' id='par_1_1' title="bbox 254 177 1702 259">
     <span class='ocr_line' id='line_1_1' title="bbox 254 177 1702 259; baseline -0.004 -5"><span class='ocrx_word' id='word_1_1' title='bbox 254 186 359 254; x_wconf 81' lang='lat' dir='ltr'>XXVI</span> <span class='ocrx_word' id='word_1_2' title='bbox 380 188 517 254; x_wconf 85' lang='lat'>31-10</span> <span class='ocrx_word' id='word_1_3' title='bbox 933 177 1021 259; x_wconf 79' lang='lat'><strong>752</strong></span> <span class='ocrx_word' id='word_1_4' title='bbox 1211 205 1257 251; x_wconf 83' lang='lat' dir='ltr'><strong>ou</strong></span> <span class='ocrx_word' id='word_1_5' title='bbox 1280 200 1532 251; x_wconf 66' lang='lat' dir='ltr'><strong>concremabo</strong></span> <span class='ocrx_word' id='word_1_6' title='bbox 1554 200 1702 249; x_wconf 73' lang='lat' dir='ltr'><strong>aurona</strong></span> 
     </span>
    </p>
   </div>
   <div class='ocr_carea' id='block_1_2' title="bbox 149 338 1843 4134">
    <p class='ocr_par' dir='ltr' id='par_1_2' title="bbox 255 338 1700 415">
     <span class='ocr_line' id='line_1_2' title="bbox 255 338 1700 415; baseline -0.003 -19"><span class='ocrx_word' id='word_1_7' title='bbox 255 344 295 411; x_wconf 71' lang='lat' dir='ltr'><strong>acb</strong></span> <span class='ocrx_word' id='word_1_8' title='bbox 313 342 454 415; x_wconf 71' lang='grc' dir='ltr'><strong>ἐπίτροποι</strong></span> <span class='ocrx_word' id='word_1_9' title='bbox 474 343 488 396; x_wconf 82' lang='lat' dir='ltr'><strong>ir</strong></span> <span class='ocrx_word' id='word_1_10' title='bbox 509 341 661 413; x_wconf 68' lang='grc' dir='ltr'><strong>κογράτορι,</strong></span> <span class='ocrx_word' id='word_1_11' title='bbox 680 340 743 396; x_wconf 81' lang='grc' dir='ltr'><strong>τότε</strong></span> <span class='ocrx_word' id='word_1_12' title='bbox 759 339 792 396; x_wconf 87' lang='grc' dir='ltr'><strong>τὸ</strong></span> <span class='ocrx_word' id='word_1_13' title='bbox 803 339 898 396; x_wconf 69' lang='lat' dir='ltr'><strong>iunius</strong></span> <span class='ocrx_word' id='word_1_14' title='bbox 917 340 1124 412; x_wconf 70' lang='lat' dir='ltr'><strong>lsaulepoicoar</strong></span> <span class='ocrx_word' id='word_1_15' title='bbox 1144 339 1172 394; x_wconf 83' lang='grc' dir='ltr'><strong>ἐκ</strong></span> <span class='ocrx_word' id='word_1_16' title='bbox 1190 340 1305 402; x_wconf 73' lang='lat' dir='ltr'><strong>riurei</strong></span> <span class='ocrx_word' id='word_1_17' title='bbox 1323 339 1447 402; x_wconf 69' lang='grc' dir='ltr'><strong>ῨιιιτικοῨ</strong></span> <span class='ocrx_word' id='word_1_18' title='bbox 1465 338 1584 401; x_wconf 67' lang='lat' dir='ltr'><strong>liertiae</strong></span> <span class='ocrx_word' id='word_1_19' title='bbox 1602 338 1628 392; x_wconf 84' lang='lat' dir='ltr'><strong>ai</strong></span> <span class='ocrx_word' id='word_1_20' title='bbox 1642 347 1700 391; x_wconf 77' lang='lat' dir='ltr'><strong>bra·</strong></span> 
     </span>
    </p>

    <p class='ocr_par' dir='ltr' id='par_1_3' title="bbox 222 423 1701 590">
     <span class='ocr_line' id='line_1_3' title="bbox 222 423 1699 501; baseline -0.003 -17"><span class='ocrx_word' id='word_1_21' title='bbox 222 431 339 486; x_wconf 71' lang='lat' dir='ltr'><strong>britcio</strong></span> <span class='ocrx_word' id='word_1_22' title='bbox 358 431 542 501; x_wconf 70' lang='lat' dir='ltr'><strong>crssxcbpscan</strong></span> <span class='ocrx_word' id='word_1_23' title='bbox 562 431 600 484; x_wconf 76' lang='lat' dir='ltr'><strong>sai</strong></span> <span class='ocrx_word' id='word_1_24' title='bbox 621 429 684 484; x_wconf 76' lang='lat' dir='ltr'><strong>sari</strong></span> <span class='ocrx_word' id='word_1_25' title='bbox 701 429 750 484; x_wconf 74' lang='lat' dir='ltr'><strong>ria</strong></span> <span class='ocrx_word' id='word_1_26' title='bbox 771 429 876 494; x_wconf 67' lang='lat' dir='ltr'><strong>ramnes</strong></span> <span class='ocrx_word' id='word_1_27' title='bbox 902 430 1064 491; x_wconf 72' lang='lat' dir='ltr'><strong>Beearoicoar</strong></span> <span class='ocrx_word' id='word_1_28' title='bbox 1089 428 1153 491; x_wconf 75' lang='lat' dir='ltr'><strong>roic</strong></span> <span class='ocrx_word' id='word_1_29' title='bbox 1177 427 1341 499; x_wconf 75' lang='grc' dir='ltr'><strong>ὲπιτρόπογο.</strong></span> <span class='ocrx_word' id='word_1_30' title='bbox 1380 429 1423 483; x_wconf 76' lang='lat' dir='ltr'><strong>tol</strong></span> <span class='ocrx_word' id='word_1_31' title='bbox 1442 427 1488 481; x_wconf 69' lang='lat' dir='ltr'><strong>tal</strong></span> <span class='ocrx_word' id='word_1_32' title='bbox 1508 427 1556 481; x_wconf 70' lang='lat' dir='ltr'><strong>ais</strong></span> <span class='ocrx_word' id='word_1_33' title='bbox 1576 427 1664 496; x_wconf 63' lang='grc' dir='ltr'><strong>πατὴρ</strong></span> <span class='ocrx_word' id='word_1_34' title='bbox 1684 423 1699 496; x_wconf 72' lang='grc' dir='ltr'><em>ᾗ</em></span> 
     </span>
     <span class='ocr_line' id='line_1_4' title="bbox 256 514 1701 590; baseline -0.003 -16"><span class='ocrx_word' id='word_1_35' title='bbox 256 519 426 584; x_wconf 61' lang='lat' dir='ltr'><strong>osuualde,</strong></span> <span class='ocrx_word' id='word_1_36' title='bbox 445 517 590 590; x_wconf 61' lang='grc' dir='ltr'><strong>περαιτέρω</strong></span> <span class='ocrx_word' id='word_1_37' title='bbox 608 515 688 580; x_wconf 72' lang='lat' dir='ltr'><strong>cinis</strong></span> <span class='ocrx_word' id='word_1_38' title='bbox 708 519 747 572; x_wconf 79' lang='lat' dir='ltr'><strong>ec</strong></span> <span class='ocrx_word' id='word_1_39' title='bbox 765 516 804 572; x_wconf 76' lang='grc' dir='ltr'><strong>ἐπὶ</strong></span> <span class='ocrx_word' id='word_1_40' title='bbox 823 519 855 572; x_wconf 84' lang='grc' dir='ltr'><strong>τὸ</strong></span> <span class='ocrx_word' id='word_1_41' title='bbox 873 519 994 574; x_wconf 77' lang='lat' dir='ltr'><strong>absictos</strong></span> <span class='ocrx_word' id='word_1_42' title='bbox 1007 519 1216 589; x_wconf 65' lang='lat' dir='ltr'><strong>uobruparnoasi</strong></span> <span class='ocrx_word' id='word_1_43' title='bbox 1228 517 1243 572; x_wconf 85' lang='grc' dir='ltr'>ὁ</span> <span class='ocrx_word' id='word_1_44' title='bbox 1256 517 1409 582; x_wconf 67' lang='lat' dir='ltr'><strong>nicolusius,</strong></span> <span class='ocrx_word' id='word_1_45' title='bbox 1428 515 1493 572; x_wconf 70' lang='lat' dir='ltr'><strong>lali</strong></span> <span class='ocrx_word' id='word_1_46' title='bbox 1510 515 1602 570; x_wconf 71' lang='lat' dir='ltr'><strong>luade</strong></span> <span class='ocrx_word' id='word_1_47' title='bbox 1614 514 1701 576; x_wconf 74' lang='lat' dir='ltr'><strong>airda</strong></span> 
     </span>
    </p>

    <p class='ocr_par' dir='ltr' id='par_1_4' title="bbox 223 604 1766 850">
     <span class='ocr_line' id='line_1_5' title="bbox 223 604 1766 679; baseline -0.003 -18"><span class='ocrx_word' id='word_1_48' title='bbox 223 615 238 661; x_wconf 81' lang='lat' dir='ltr'><strong>e</strong></span> <span class='ocrx_word' id='word_1_49' title='bbox 258 609 369 664; x_wconf 77' lang='lat' dir='ltr'><strong>osberni·</strong></span> <span class='ocrx_word' id='word_1_50' title='bbox 393 607 440 661; x_wconf 72' lang='lat' dir='ltr'><strong>tia</strong></span> <span class='ocrx_word' id='word_1_51' title='bbox 459 606 489 660; x_wconf 77' lang='grc' dir='ltr'><strong>Δὲ</strong></span> <span class='ocrx_word' id='word_1_52' title='bbox 507 606 587 661; x_wconf 68' lang='grc' dir='ltr'>ἄλλος</span> <span class='ocrx_word' id='word_1_53' title='bbox 605 625 651 670; x_wconf 85' lang='lat' dir='ltr'><strong>rrc,</strong></span> <span class='ocrx_word' id='word_1_54' title='bbox 670 606 732 661; x_wconf 83' lang='grc' dir='ltr'><strong>τότε</strong></span> <span class='ocrx_word' id='word_1_55' title='bbox 750 608 971 678; x_wconf 69' lang='lat' dir='ltr'><strong>subrupui-acaci,</strong></span> <span class='ocrx_word' id='word_1_56' title='bbox 996 606 1028 662; x_wconf 89' lang='grc' dir='ltr'><strong>τὸ</strong></span> <span class='ocrx_word' id='word_1_57' title='bbox 1046 607 1188 679; x_wconf 77' lang='lat' dir='ltr'><strong>apocopen</strong></span> <span class='ocrx_word' id='word_1_58' title='bbox 1207 607 1230 661; x_wconf 81' lang='lat' dir='ltr'><strong>ei</strong></span> <span class='ocrx_word' id='word_1_59' title='bbox 1246 606 1317 662; x_wconf 63' lang='lat' dir='ltr'><strong>{erra</strong></span> <span class='ocrx_word' id='word_1_60' title='bbox 1335 605 1490 661; x_wconf 74' lang='lat' dir='ltr'><strong>inrriosroa.</strong></span> <span class='ocrx_word' id='word_1_61' title='bbox 1521 604 1579 659; x_wconf 77' lang='grc' dir='ltr'><strong>’θτι</strong></span> <span class='ocrx_word' id='word_1_62' title='bbox 1599 605 1700 658; x_wconf 71' lang='lat' dir='ltr'><strong>elsam</strong></span> <span class='ocrx_word' id='word_1_63' title='bbox 1765 619 1766 623; x_wconf 51' lang='lat'>¹</span> 
     </span>
     <span class='ocr_line' id='line_1_6' title="bbox 256 693 1739 768; baseline -0.004 -18"><span class='ocrx_word' id='word_1_64' title='bbox 256 699 297 752; x_wconf 81' lang='lat' dir='ltr'><strong>nei</strong></span> <span class='ocrx_word' id='word_1_65' title='bbox 315 697 353 752; x_wconf 83' lang='grc' dir='ltr'><strong>ὃτι</strong></span> <span class='ocrx_word' id='word_1_66' title='bbox 373 695 510 767; x_wconf 65' lang='grc' dir='ltr'><strong>κογρᾶτωρ</strong></span> <span class='ocrx_word' id='word_1_67' title='bbox 529 693 592 748; x_wconf 63' lang='lat' dir='ltr'><strong>aar&amp;</strong></span> <span class='ocrx_word' id='word_1_68' title='bbox 610 694 734 749; x_wconf 69' lang='lat' dir='ltr'><strong>baselicae</strong></span> <span class='ocrx_word' id='word_1_69' title='bbox 752 693 815 756; x_wconf 70' lang='lat' dir='ltr'><strong>cibi</strong></span> <span class='ocrx_word' id='word_1_70' title='bbox 833 694 885 758; x_wconf 76' lang='grc' dir='ltr'><strong>Ῡιιὸ</strong></span> <span class='ocrx_word' id='word_1_71' title='bbox 902 695 1000 766; x_wconf 83' lang='lat' dir='ltr'><strong>uarpdc</strong></span> <span class='ocrx_word' id='word_1_72' title='bbox 1019 694 1108 768; x_wconf 75' lang='lat' dir='ltr'><strong>operire</strong></span> <span class='ocrx_word' id='word_1_73' title='bbox 1120 697 1227 760; x_wconf 77' lang='lat' dir='ltr'><strong>biberat,</strong></span> <span class='ocrx_word' id='word_1_74' title='bbox 1246 695 1310 750; x_wconf 61' lang='lat' dir='ltr'><strong>&amp;aad</strong></span> <span class='ocrx_word' id='word_1_75' title='bbox 1328 695 1417 750; x_wconf 73' lang='lat' dir='ltr'><strong>boetio</strong></span> <span class='ocrx_word' id='word_1_76' title='bbox 1432 693 1511 748; x_wconf 75' lang='lat' dir='ltr'><strong>siclos</strong></span> <span class='ocrx_word' id='word_1_77' title='bbox 1530 693 1700 755; x_wconf 70' lang='lat' dir='ltr'><strong>Beearoicear</strong></span> <span class='ocrx_word' id='word_1_78' title='bbox 1723 701 1739 744; x_wconf 74' lang='lat'><strong>5</strong></span> 
     </span>
     <span class='ocr_line' id='line_1_7' title="bbox 255 785 1185 850; baseline -0.004 -10"><span class='ocrx_word' id='word_1_79' title='bbox 255 785 307 849; x_wconf 77' lang='grc' dir='ltr'><strong>Ῠιιὸ</strong></span> <span class='ocrx_word' id='word_1_80' title='bbox 324 785 373 848; x_wconf 82' lang='grc' dir='ltr'><strong>τοῨ</strong></span> <span class='ocrx_word' id='word_1_81' title='bbox 391 785 545 850; x_wconf 74' lang='grc' dir='ltr'><strong>ιἰΓογιιὲκογ.</strong></span> <span class='ocrx_word' id='word_1_82' title='bbox 1181 789 1185 794; x_wconf 88' lang='grc'><strong>“</strong></span> 
     </span>
    </p>

    <p class='ocr_par' dir='ltr' id='par_1_5' title="bbox 219 865 1762 1032">
     <span class='ocr_line' id='line_1_8' title="bbox 219 865 1762 953; baseline 0.001 -25"><span class='ocrx_word' id='word_1_83' title='bbox 219 870 237 928; x_wconf 83' lang='grc'>2</span> <span class='ocrx_word' id='word_1_84' title='bbox 308 874 461 928; x_wconf 80' lang='lat' dir='ltr'><strong>Nasarrus</strong></span> <span class='ocrx_word' id='word_1_85' title='bbox 478 871 548 928; x_wconf 91' lang='lat' dir='ltr'><strong>libro</strong></span> <span class='ocrx_word' id='word_1_86' title='bbox 565 871 645 926; x_wconf 88' lang='lat' dir='ltr'><strong>tertio</strong></span> <span class='ocrx_word' id='word_1_87' title='bbox 661 871 825 940; x_wconf 88' lang='lat' dir='ltr'><strong>regularum.</strong></span> <span class='ocrx_word' id='word_1_88' title='bbox 856 871 952 927; x_wconf 78' lang='lat' dir='ltr'><strong>Mulier</strong></span> <span class='ocrx_word' id='word_1_89' title='bbox 969 871 1062 928; x_wconf 89' lang='lat' dir='ltr'><strong>liberis</strong></span> <span class='ocrx_word' id='word_1_90' title='bbox 1079 887 1134 927; x_wconf 92' lang='lat' dir='ltr'><strong>nou</strong></span> <span class='ocrx_word' id='word_1_91' title='bbox 1150 877 1225 928; x_wconf 73' lang='lat' dir='ltr'><strong>mete</strong></span> <span class='ocrx_word' id='word_1_92' title='bbox 1237 876 1404 928; x_wconf 86' lang='lat' dir='ltr'><strong>testamento</strong></span> <span class='ocrx_word' id='word_1_93' title='bbox 1416 876 1535 926; x_wconf 85' lang='lat' dir='ltr'><strong>tutorem</strong></span> <span class='ocrx_word' id='word_1_94' title='bbox 1555 865 1702 953; x_wconf 59' lang='lat' dir='ltr'><strong>[Q</strong></span> <span class='ocrx_word' id='word_1_95' title='bbox 1722 873 1762 929; x_wconf 74' lang='grc' dir='ltr'><strong>Β·</strong></span> 
     </span>
     <span class='ocr_line' id='line_1_9' title="bbox 256 957 1703 1032; baseline -0.001 -16"><span class='ocrx_word' id='word_1_96' title='bbox 256 962 315 1017; x_wconf 93' lang='lat' dir='ltr'><strong>dat:</strong></span> <span class='ocrx_word' id='word_1_97' title='bbox 339 961 389 1017; x_wconf 91' lang='lat' dir='ltr'><strong>sed</strong></span> <span class='ocrx_word' id='word_1_98' title='bbox 412 962 436 1016; x_wconf 91' lang='lat' dir='ltr'><strong>si</strong></span> <span class='ocrx_word' id='word_1_99' title='bbox 458 960 576 1030; x_wconf 79' lang='lat' dir='ltr'>dederit,</span> <span class='ocrx_word' id='word_1_100' title='bbox 599 960 710 1016; x_wconf 89' lang='lat' dir='ltr'><strong>decreto</strong></span> <span class='ocrx_word' id='word_1_101' title='bbox 733 960 867 1029; x_wconf 86' lang='lat' dir='ltr'><strong>praetoris</strong></span> <span class='ocrx_word' id='word_1_102' title='bbox 890 961 936 1016; x_wconf 91' lang='lat' dir='ltr'><strong>uel</strong></span> <span class='ocrx_word' id='word_1_103' title='bbox 959 961 1128 1031; x_wconf 88' lang='lat' dir='ltr'><strong>proconsulis</strong></span> <span class='ocrx_word' id='word_1_104' title='bbox 1152 975 1186 1016; x_wconf 87' lang='lat' dir='ltr'><strong>ex</strong></span> <span class='ocrx_word' id='word_1_105' title='bbox 1212 962 1388 1032; x_wconf 77' lang='lat' dir='ltr'><strong>inquisitione</strong></span> <span class='ocrx_word' id='word_1_106' title='bbox 1415 957 1622 1014; x_wconf 87' lang='lat' dir='ltr'><strong>confirmabitur</strong></span> <span class='ocrx_word' id='word_1_107' title='bbox 1647 975 1703 1015; x_wconf 90' lang='lat' dir='ltr'><strong>neo</strong></span> 
     </span>
    </p>

    <p class='ocr_par' dir='ltr' id='par_1_6' title="bbox 224 1046 1758 1209">
     <span class='ocr_line' id='line_1_10' title="bbox 224 1046 1705 1119; baseline 0 -17"><span class='ocrx_word' id='word_1_108' title='bbox 224 1057 237 1102; x_wconf 92' lang='lat'>1</span> <span class='ocrx_word' id='word_1_109' title='bbox 256 1049 402 1106; x_wconf 75' lang='lat' dir='ltr'><strong>sabsdabit</strong></span> <span class='ocrx_word' id='word_1_110' title='bbox 417 1049 520 1119; x_wconf 90' lang='lat' dir='ltr'><strong>pupillo</strong></span> <span class='ocrx_word' id='word_1_111' title='bbox 537 1064 594 1102; x_wconf 88' lang='lat' dir='ltr'><strong>rem</strong></span> <span class='ocrx_word' id='word_1_112' title='bbox 613 1050 718 1104; x_wconf 89' lang='lat' dir='ltr'><strong>saluam</strong></span> <span class='ocrx_word' id='word_1_113' title='bbox 736 1047 803 1104; x_wconf 86' lang='lat' dir='ltr'><strong>iore.</strong></span> <span class='ocrx_word' id='word_1_114' title='bbox 839 1047 895 1104; x_wconf 88' lang='lat' dir='ltr'><strong>Sed</strong></span> <span class='ocrx_word' id='word_1_115' title='bbox 913 1055 942 1104; x_wconf 90' lang='lat' dir='ltr'><strong>ct</strong></span> <span class='ocrx_word' id='word_1_116' title='bbox 959 1050 983 1104; x_wconf 88' lang='lat' dir='ltr'><strong>si</strong></span> <span class='ocrx_word' id='word_1_117' title='bbox 1001 1057 1146 1105; x_wconf 84' lang='lat' dir='ltr'><strong>curatore</strong></span> <span class='ocrx_word' id='word_1_118' title='bbox 1168 1055 1256 1106; x_wconf 87' lang='lat' dir='ltr'><strong>matre</strong></span> <span class='ocrx_word' id='word_1_119' title='bbox 1279 1053 1445 1106; x_wconf 71' lang='lat' dir='ltr'><strong>testamnto</strong></span> <span class='ocrx_word' id='word_1_120' title='bbox 1469 1047 1551 1103; x_wconf 88' lang='lat' dir='ltr'><strong>datus</strong></span> <span class='ocrx_word' id='word_1_121' title='bbox 1574 1048 1613 1102; x_wconf 90' lang='lat' dir='ltr'><strong>sit</strong></span> <span class='ocrx_word' id='word_1_122' title='bbox 1635 1046 1705 1103; x_wconf 87' lang='lat' dir='ltr'><strong>tiliis</strong></span> 
     </span>
     <span class='ocr_line' id='line_1_11' title="bbox 256 1136 1758 1209; baseline -0.006 -15"><span class='ocrx_word' id='word_1_123' title='bbox 256 1140 324 1209; x_wconf 89' lang='lat' dir='ltr'><strong>eius,</strong></span> <span class='ocrx_word' id='word_1_124' title='bbox 343 1139 454 1194; x_wconf 88' lang='lat' dir='ltr'><strong>decreto</strong></span> <span class='ocrx_word' id='word_1_125' title='bbox 472 1136 648 1193; x_wconf 88' lang='lat' dir='ltr'><strong>confirmatur</strong></span> <span class='ocrx_word' id='word_1_126' title='bbox 665 1151 700 1192; x_wconf 86' lang='lat' dir='ltr'><strong>ex</strong></span> <span class='ocrx_word' id='word_1_127' title='bbox 717 1137 899 1208; x_wconf 88' lang='lat' dir='ltr'><strong>inquisitione.</strong></span> <span class='ocrx_word' id='word_1_128' title='bbox 1409 1183 1413 1191; x_wconf 84' lang='lat'><strong>.</strong></span> <span class='ocrx_word' id='word_1_129' title='bbox 1726 1147 1758 1186; x_wconf 86' lang='lat' dir='ltr'><strong>ro</strong></span> 
     </span>
    </p>

    <p class='ocr_par' dir='ltr' id='par_1_7' title="bbox 218 1220 1750 1473">
     <span class='ocr_line' id='line_1_12' title="bbox 218 1220 1750 1308; baseline 0.001 -28"><span class='ocrx_word' id='word_1_130' title='bbox 218 1221 238 1280; x_wconf 98' lang='grc'><strong>3</strong></span> <span class='ocrx_word' id='word_1_131' title='bbox 308 1225 537 1283; x_wconf 62' lang='lat' dir='ltr'><strong>luminosiora</strong></span> <span class='ocrx_word' id='word_1_132' title='bbox 555 1223 792 1296; x_wconf 88' lang='lat' dir='ltr'><strong>uicesimoprimo</strong></span> <span class='ocrx_word' id='word_1_133' title='bbox 810 1226 988 1295; x_wconf 87' lang='lat' dir='ltr'><strong>digestorum.</strong></span> <span class='ocrx_word' id='word_1_134' title='bbox 1017 1226 1070 1292; x_wconf 82' lang='lat' dir='ltr'><strong>Qui</strong></span> <span class='ocrx_word' id='word_1_135' title='bbox 1088 1243 1105 1282; x_wconf 88' lang='lat' dir='ltr'><strong>a</strong></span> <span class='ocrx_word' id='word_1_136' title='bbox 1123 1231 1201 1298; x_wconf 87' lang='lat' dir='ltr'><strong>patro</strong></span> <span class='ocrx_word' id='word_1_137' title='bbox 1219 1231 1293 1282; x_wconf 89' lang='lat' dir='ltr'><strong>tutor</strong></span> <span class='ocrx_word' id='word_1_138' title='bbox 1305 1227 1423 1296; x_wconf 86' lang='lat' dir='ltr'><strong>scriptus</strong></span> <span class='ocrx_word' id='word_1_139' title='bbox 1435 1231 1478 1281; x_wconf 90' lang='lat' dir='ltr'><strong>est</strong></span> <span class='ocrx_word' id='word_1_140' title='bbox 1490 1230 1539 1280; x_wconf 92' lang='lat' dir='ltr'><strong>aut</strong></span> <span class='ocrx_word' id='word_1_141' title='bbox 1556 1220 1750 1308; x_wconf 51' lang='lat' dir='ltr'><strong>Qui</strong></span> 
     </span>
     <span class='ocr_line' id='line_1_13' title="bbox 256 1313 1704 1384; baseline -0.002 -13"><span class='ocrx_word' id='word_1_142' title='bbox 256 1331 312 1371; x_wconf 91' lang='lat' dir='ltr'><strong>uon</strong></span> <span class='ocrx_word' id='word_1_143' title='bbox 332 1316 405 1370; x_wconf 92' lang='lat' dir='ltr'><strong>insto</strong></span> <span class='ocrx_word' id='word_1_144' title='bbox 422 1319 590 1370; x_wconf 67' lang='lat' dir='ltr'><strong>memento</strong></span> <span class='ocrx_word' id='word_1_145' title='bbox 607 1320 657 1370; x_wconf 89' lang='lat' dir='ltr'><strong>aut</strong></span> <span class='ocrx_word' id='word_1_146' title='bbox 674 1330 729 1370; x_wconf 91' lang='lat' dir='ltr'><strong>non</strong></span> <span class='ocrx_word' id='word_1_147' title='bbox 746 1319 778 1370; x_wconf 92' lang='lat' dir='ltr'><strong>ut</strong></span> <span class='ocrx_word' id='word_1_148' title='bbox 794 1315 856 1384; x_wconf 82' lang='lat' dir='ltr'><strong>lege</strong></span> <span class='ocrx_word' id='word_1_149' title='bbox 875 1313 1108 1384; x_wconf 72' lang='lat' dir='ltr'><strong>praecipiebatur,</strong></span> <span class='ocrx_word' id='word_1_150' title='bbox 1133 1314 1336 1370; x_wconf 84' lang='lat' dir='ltr'><strong>confirmandus</strong></span> <span class='ocrx_word' id='word_1_151' title='bbox 1353 1319 1397 1370; x_wconf 88' lang='lat' dir='ltr'><strong>est</strong></span> <span class='ocrx_word' id='word_1_152' title='bbox 1415 1313 1451 1368; x_wconf 88' lang='lat' dir='ltr'><strong>ad</strong></span> <span class='ocrx_word' id='word_1_153' title='bbox 1467 1314 1581 1368; x_wconf 86' lang='lat' dir='ltr'><strong>tutelam</strong></span> <span class='ocrx_word' id='word_1_154' title='bbox 1599 1329 1704 1383; x_wconf 86' lang='lat' dir='ltr'><strong>geren-</strong></span> 
     </span>
     <span class='ocr_line' id='line_1_14' title="bbox 257 1403 1516 1473; baseline -0.003 -13"><span class='ocrx_word' id='word_1_155' title='bbox 257 1403 452 1473; x_wconf 86' lang='lat' dir='ltr'><strong>damperiude</strong></span> <span class='ocrx_word' id='word_1_156' title='bbox 471 1419 504 1458; x_wconf 89' lang='lat' dir='ltr'><strong>ac</strong></span> <span class='ocrx_word' id='word_1_157' title='bbox 522 1404 547 1458; x_wconf 93' lang='lat' dir='ltr'><strong>si</strong></span> <span class='ocrx_word' id='word_1_158' title='bbox 564 1417 599 1458; x_wconf 87' lang='lat' dir='ltr'><strong>ox</strong></span> <span class='ocrx_word' id='word_1_159' title='bbox 615 1407 781 1459; x_wconf 87' lang='lat' dir='ltr'><strong>testamento</strong></span> <span class='ocrx_word' id='word_1_160' title='bbox 799 1407 875 1459; x_wconf 92' lang='lat' dir='ltr'><strong>tutor</strong></span> <span class='ocrx_word' id='word_1_161' title='bbox 892 1409 974 1473; x_wconf 80' lang='lat' dir='ltr'><strong>esset,</strong></span> <span class='ocrx_word' id='word_1_162' title='bbox 992 1404 1021 1459; x_wconf 92' lang='lat' dir='ltr'><strong>id</strong></span> <span class='ocrx_word' id='word_1_163' title='bbox 1039 1409 1082 1460; x_wconf 88' lang='lat' dir='ltr'><strong>est</strong></span> <span class='ocrx_word' id='word_1_164' title='bbox 1099 1407 1131 1458; x_wconf 91' lang='lat' dir='ltr'><strong>ut</strong></span> <span class='ocrx_word' id='word_1_165' title='bbox 1148 1404 1292 1459; x_wconf 91' lang='lat' dir='ltr'><strong>satisdatio</strong></span> <span class='ocrx_word' id='word_1_166' title='bbox 1310 1404 1336 1458; x_wconf 89' lang='lat' dir='ltr'><strong>ei</strong></span> <span class='ocrx_word' id='word_1_167' title='bbox 1354 1403 1516 1458; x_wconf 70' lang='lat' dir='ltr'><strong>remittatur.</strong></span> 
     </span>
    </p>

    <p class='ocr_par' dir='ltr' id='par_1_8' title="bbox 219 1485 1758 1829">
     <span class='ocr_line' id='line_1_15' title="bbox 219 1485 1751 1574; baseline 0.003 -30"><span class='ocrx_word' id='word_1_168' title='bbox 219 1489 239 1544; x_wconf 83' lang='lat'>4</span> <span class='ocrx_word' id='word_1_169' title='bbox 310 1494 430 1548; x_wconf 82' lang='lat' dir='ltr'><strong>Paucos</strong></span> <span class='ocrx_word' id='word_1_170' title='bbox 451 1491 522 1547; x_wconf 89' lang='lat' dir='ltr'><strong>libro</strong></span> <span class='ocrx_word' id='word_1_171' title='bbox 545 1492 677 1562; x_wconf 86' lang='lat' dir='ltr'><strong>singulari</strong></span> <span class='ocrx_word' id='word_1_172' title='bbox 699 1492 734 1547; x_wconf 92' lang='lat' dir='ltr'><strong>de</strong></span> <span class='ocrx_word' id='word_1_173' title='bbox 757 1491 980 1547; x_wconf 72' lang='lat' dir='ltr'><strong>excusationibus</strong></span> <span class='ocrx_word' id='word_1_174' title='bbox 997 1492 1153 1546; x_wconf 77' lang='lat' dir='ltr'><strong>tutelarum.</strong></span> <span class='ocrx_word' id='word_1_175' title='bbox 1190 1491 1220 1548; x_wconf 85' lang='lat' dir='ltr'><strong>Si</strong></span> <span class='ocrx_word' id='word_1_176' title='bbox 1237 1499 1369 1562; x_wconf 89' lang='lat' dir='ltr'><strong>patronus</strong></span> <span class='ocrx_word' id='word_1_177' title='bbox 1386 1492 1430 1546; x_wconf 92' lang='lat' dir='ltr'><strong>uel</strong></span> <span class='ocrx_word' id='word_1_178' title='bbox 1449 1490 1539 1560; x_wconf 88' lang='lat' dir='ltr'><strong>quiuis</strong></span> <span class='ocrx_word' id='word_1_179' title='bbox 1557 1485 1751 1574; x_wconf 51' lang='lat' dir='ltr'><strong>[iffa-48</strong></span> 
     </span>
     <span class='ocr_line' id='line_1_16' title="bbox 257 1577 1758 1650; baseline -0.003 -14"><span class='ocrx_word' id='word_1_180' title='bbox 257 1587 404 1636; x_wconf 86' lang='lat' dir='ltr'><strong>extraneus</strong></span> <span class='ocrx_word' id='word_1_181' title='bbox 424 1579 573 1650; x_wconf 85' lang='lat' dir='ltr'><strong>impuberi,</strong></span> <span class='ocrx_word' id='word_1_182' title='bbox 597 1595 678 1650; x_wconf 91' lang='lat' dir='ltr'><strong>quem</strong></span> <span class='ocrx_word' id='word_1_183' title='bbox 697 1579 826 1636; x_wconf 86' lang='lat' dir='ltr'><strong>heredem</strong></span> <span class='ocrx_word' id='word_1_184' title='bbox 844 1581 1006 1645; x_wconf 85' lang='lat' dir='ltr'><strong>instituerit,</strong></span> <span class='ocrx_word' id='word_1_185' title='bbox 1031 1585 1148 1636; x_wconf 88' lang='lat' dir='ltr'><strong>tutorem</strong></span> <span class='ocrx_word' id='word_1_186' title='bbox 1168 1580 1276 1636; x_wconf 88' lang='lat' dir='ltr'><strong>dederit</strong></span> <span class='ocrx_word' id='word_1_187' title='bbox 1293 1584 1322 1636; x_wconf 89' lang='lat' dir='ltr'><strong>et</strong></span> <span class='ocrx_word' id='word_1_188' title='bbox 1339 1585 1418 1638; x_wconf 87' lang='lat' dir='ltr'><strong>extra</strong></span> <span class='ocrx_word' id='word_1_189' title='bbox 1435 1594 1469 1634; x_wconf 92' lang='lat' dir='ltr'><strong>ea</strong></span> <span class='ocrx_word' id='word_1_190' title='bbox 1486 1577 1552 1633; x_wconf 87' lang='lat' dir='ltr'><strong>nibil</strong></span> <span class='ocrx_word' id='word_1_191' title='bbox 1569 1579 1599 1633; x_wconf 92' lang='lat' dir='ltr'><strong>in</strong></span> <span class='ocrx_word' id='word_1_192' title='bbox 1618 1578 1705 1634; x_wconf 85' lang='lat' dir='ltr'><strong>bouis</strong></span> <span class='ocrx_word' id='word_1_193' title='bbox 1727 1590 1758 1632; x_wconf 85' lang='lat' dir='ltr'><strong>us</strong></span> 
     </span>
     <span class='ocr_line' id='line_1_17' title="bbox 256 1667 1705 1740; baseline -0.002 -16"><span class='ocrx_word' id='word_1_194' title='bbox 256 1669 358 1726; x_wconf 88' lang='lat' dir='ltr'><strong>habeat</strong></span> <span class='ocrx_word' id='word_1_195' title='bbox 379 1669 513 1739; x_wconf 88' lang='lat' dir='ltr'><strong>pupillus,</strong></span> <span class='ocrx_word' id='word_1_196' title='bbox 537 1685 592 1724; x_wconf 91' lang='lat' dir='ltr'><strong>non</strong></span> <span class='ocrx_word' id='word_1_197' title='bbox 615 1669 686 1724; x_wconf 88' lang='lat' dir='ltr'><strong>male</strong></span> <span class='ocrx_word' id='word_1_198' title='bbox 709 1669 816 1724; x_wconf 87' lang='lat' dir='ltr'><strong>dicetur</strong></span> <span class='ocrx_word' id='word_1_199' title='bbox 838 1669 968 1724; x_wconf 88' lang='lat' dir='ltr'><strong>iudicium</strong></span> <span class='ocrx_word' id='word_1_200' title='bbox 987 1669 1046 1724; x_wconf 89' lang='lat' dir='ltr'><strong>eius</strong></span> <span class='ocrx_word' id='word_1_201' title='bbox 1063 1669 1234 1739; x_wconf 89' lang='lat' dir='ltr'><strong>sequendum</strong></span> <span class='ocrx_word' id='word_1_202' title='bbox 1252 1684 1328 1740; x_wconf 88' lang='lat' dir='ltr'><strong>esse,</strong></span> <span class='ocrx_word' id='word_1_203' title='bbox 1352 1669 1400 1739; x_wconf 90' lang='lat' dir='ltr'><strong>qui</strong></span> <span class='ocrx_word' id='word_1_204' title='bbox 1418 1673 1446 1722; x_wconf 93' lang='lat' dir='ltr'><strong>et</strong></span> <span class='ocrx_word' id='word_1_205' title='bbox 1463 1681 1609 1738; x_wconf 90' lang='lat' dir='ltr'><strong>porsonam</strong></span> <span class='ocrx_word' id='word_1_206' title='bbox 1630 1667 1705 1738; x_wconf 84' lang='lat' dir='ltr'><strong>eius,</strong></span> 
     </span>
     <span class='ocr_line' id='line_1_18' title="bbox 257 1755 1704 1829; baseline -0.003 -15"><span class='ocrx_word' id='word_1_207' title='bbox 257 1774 338 1829; x_wconf 89' lang='lat' dir='ltr'><strong>quem</strong></span> <span class='ocrx_word' id='word_1_208' title='bbox 357 1761 475 1812; x_wconf 88' lang='lat' dir='ltr'><strong>tutorem</strong></span> <span class='ocrx_word' id='word_1_209' title='bbox 494 1771 556 1812; x_wconf 88' lang='lat' dir='ltr'><strong>esso</strong></span> <span class='ocrx_word' id='word_1_210' title='bbox 573 1758 698 1828; x_wconf 87' lang='lat' dir='ltr'><strong>uoluerit,</strong></span> <span class='ocrx_word' id='word_1_211' title='bbox 717 1759 824 1813; x_wconf 88' lang='lat' dir='ltr'><strong>nouerit</strong></span> <span class='ocrx_word' id='word_1_212' title='bbox 841 1762 870 1812; x_wconf 89' lang='lat' dir='ltr'><strong>et</strong></span> <span class='ocrx_word' id='word_1_213' title='bbox 887 1757 1056 1828; x_wconf 89' lang='lat' dir='ltr'><strong>impuberem</strong></span> <span class='ocrx_word' id='word_1_214' title='bbox 1074 1759 1114 1814; x_wconf 86' lang='lat' dir='ltr'><strong>its</strong></span> <span class='ocrx_word' id='word_1_215' title='bbox 1132 1758 1236 1828; x_wconf 85' lang='lat' dir='ltr'><strong>dilexit,</strong></span> <span class='ocrx_word' id='word_1_216' title='bbox 1254 1762 1285 1814; x_wconf 91' lang='lat' dir='ltr'><strong>ut</strong></span> <span class='ocrx_word' id='word_1_217' title='bbox 1302 1773 1365 1812; x_wconf 89' lang='lat' dir='ltr'><strong>eum</strong></span> <span class='ocrx_word' id='word_1_218' title='bbox 1384 1755 1512 1812; x_wconf 85' lang='lat' dir='ltr'><strong>heredem</strong></span> <span class='ocrx_word' id='word_1_219' title='bbox 1530 1756 1704 1818; x_wconf 80' lang='lat' dir='ltr'><strong>institueret.</strong></span> 
     </span>
    </p>

    <p class='ocr_par' dir='ltr' id='par_1_9' title="bbox 220 1840 1759 2360">
     <span class='ocr_line' id='line_1_19' title="bbox 220 1840 1755 1928; baseline 0.003 -28"><span class='ocrx_word' id='word_1_220' title='bbox 220 1843 239 1900; x_wconf 83' lang='lat'>5</span> <span class='ocrx_word' id='word_1_221' title='bbox 309 1848 490 1902; x_wconf 68' lang='lat' dir='ltr'><strong>Panormus</strong></span> <span class='ocrx_word' id='word_1_222' title='bbox 508 1845 577 1902; x_wconf 92' lang='lat' dir='ltr'><strong>libro</strong></span> <span class='ocrx_word' id='word_1_223' title='bbox 595 1846 740 1902; x_wconf 89' lang='lat' dir='ltr'><strong>undecimo</strong></span> <span class='ocrx_word' id='word_1_224' title='bbox 758 1847 959 1916; x_wconf 75' lang='lat' dir='ltr'><strong>quaestionum.</strong></span> <span class='ocrx_word' id='word_1_225' title='bbox 989 1847 1108 1902; x_wconf 88' lang='lat' dir='ltr'><strong>Tutores</strong></span> <span class='ocrx_word' id='word_1_226' title='bbox 1126 1862 1144 1901; x_wconf 89' lang='lat' dir='ltr'><strong>a</strong></span> <span class='ocrx_word' id='word_1_227' title='bbox 1160 1853 1260 1916; x_wconf 78' lang='lat' dir='ltr'><strong>patrum</strong></span> <span class='ocrx_word' id='word_1_228' title='bbox 1277 1850 1443 1902; x_wconf 84' lang='lat' dir='ltr'><strong>testamento</strong></span> <span class='ocrx_word' id='word_1_229' title='bbox 1458 1844 1538 1900; x_wconf 88' lang='lat' dir='ltr'><strong>datos</strong></span> <span class='ocrx_word' id='word_1_230' title='bbox 1557 1840 1706 1928; x_wconf 62' lang='lat' dir='ltr'><strong>[rs—effi</strong></span> <span class='ocrx_word' id='word_1_231' title='bbox 1727 1850 1755 1904; x_wconf 90' lang='lat' dir='ltr'>P</span> 
     </span>
     <span class='ocr_line' id='line_1_20' title="bbox 256 1920 1706 2005; baseline -0.001 -13"><span class='ocrx_word' id='word_1_232' title='bbox 256 1936 337 1992; x_wconf 91' lang='lat' dir='ltr'><strong>iussit</strong></span> <span class='ocrx_word' id='word_1_233' title='bbox 354 1939 464 2005; x_wconf 86' lang='lat' dir='ltr'><strong>praetor</strong></span> <span class='ocrx_word' id='word_1_234' title='bbox 481 1934 658 2004; x_wconf 78' lang='lat' dir='ltr'><strong>magistratus</strong></span> <span class='ocrx_word' id='word_1_235' title='bbox 676 1934 852 1992; x_wconf 82' lang='lat' dir='ltr'><strong>confirmare:</strong></span> <span class='ocrx_word' id='word_1_236' title='bbox 871 1935 899 1990; x_wconf 94' lang='lat' dir='ltr'><strong>bi</strong></span> <span class='ocrx_word' id='word_1_237' title='bbox 912 1935 1067 1992; x_wconf 76' lang='lat' dir='ltr'><strong>eanfiouem</strong></span> <span class='ocrx_word' id='word_1_238' title='bbox 1080 1951 1188 2005; x_wconf 90' lang='lat' dir='ltr'><strong>quoque</strong></span> <span class='ocrx_word' id='word_1_239' title='bbox 1201 1935 1325 2004; x_wconf 86' lang='lat' dir='ltr'><strong>accipere</strong></span> <span class='ocrx_word' id='word_1_240' title='bbox 1337 1933 1492 1990; x_wconf 90' lang='lat' dir='ltr'><strong>debuerunt</strong></span> <span class='ocrx_word' id='word_1_241' title='bbox 1503 1947 1554 1988; x_wconf 89' lang='lat' dir='ltr'><strong>neo</strong></span> <span class='ocrx_word' id='word_1_242' title='bbox 1567 1920 1706 1990; x_wconf 53' lang='lat' dir='ltr'><strong>utimini</strong></span> 
     </span>
     <span class='ocr_line' id='line_1_21' title="bbox 258 2021 1759 2095; baseline -0.005 -15"><span class='ocrx_word' id='word_1_243' title='bbox 258 2026 329 2095; x_wconf 89' lang='lat' dir='ltr'><strong>eius,</strong></span> <span class='ocrx_word' id='word_1_244' title='bbox 353 2025 400 2094; x_wconf 92' lang='lat' dir='ltr'><strong>qui</strong></span> <span class='ocrx_word' id='word_1_245' title='bbox 422 2023 540 2078; x_wconf 88' lang='lat' dir='ltr'><strong>tutorem</strong></span> <span class='ocrx_word' id='word_1_246' title='bbox 561 2023 627 2078; x_wconf 91' lang='lat' dir='ltr'><strong>dare</strong></span> <span class='ocrx_word' id='word_1_247' title='bbox 645 2039 698 2080; x_wconf 92' lang='lat' dir='ltr'><strong>nou</strong></span> <span class='ocrx_word' id='word_1_248' title='bbox 717 2026 820 2095; x_wconf 88' lang='lat' dir='ltr'><strong>potuit,</strong></span> <span class='ocrx_word' id='word_1_249' title='bbox 843 2025 1045 2094; x_wconf 85' lang='lat' dir='ltr'><strong>neglegentiam</strong></span> <span class='ocrx_word' id='word_1_250' title='bbox 1065 2025 1275 2094; x_wconf 74' lang='lat' dir='ltr'><strong>magistratuum</strong></span> <span class='ocrx_word' id='word_1_251' title='bbox 1293 2027 1417 2080; x_wconf 83' lang='lat' dir='ltr'><strong>excusat.</strong></span> <span class='ocrx_word' id='word_1_252' title='bbox 1449 2021 1567 2091; x_wconf 60' lang='lat' dir='ltr'><strong>denque</strong></span> <span class='ocrx_word' id='word_1_253' title='bbox 1584 2025 1708 2090; x_wconf 90' lang='lat' dir='ltr'><strong>praetor</strong></span> <span class='ocrx_word' id='word_1_254' title='bbox 1727 2033 1759 2073; x_wconf 82' lang='lat' dir='ltr'><strong>ao</strong></span> 
     </span>
     <span class='ocr_line' id='line_1_22' title="bbox 258 2111 1708 2184; baseline -0.001 -15"><span class='ocrx_word' id='word_1_255' title='bbox 258 2129 313 2170; x_wconf 93' lang='lat' dir='ltr'><strong>non</strong></span> <span class='ocrx_word' id='word_1_256' title='bbox 337 2117 402 2168; x_wconf 86' lang='lat' dir='ltr'><strong>aute</strong></span> <span class='ocrx_word' id='word_1_257' title='bbox 422 2113 562 2168; x_wconf 89' lang='lat' dir='ltr'><strong>decretum</strong></span> <span class='ocrx_word' id='word_1_258' title='bbox 581 2112 754 2182; x_wconf 90' lang='lat' dir='ltr'><strong>interponere</strong></span> <span class='ocrx_word' id='word_1_259' title='bbox 771 2118 865 2184; x_wconf 89' lang='lat' dir='ltr'><strong>potest</strong></span> <span class='ocrx_word' id='word_1_260' title='bbox 882 2129 964 2184; x_wconf 89' lang='lat' dir='ltr'><strong>quam</strong></span> <span class='ocrx_word' id='word_1_261' title='bbox 982 2128 1032 2183; x_wconf 90' lang='lat' dir='ltr'><strong>per</strong></span> <span class='ocrx_word' id='word_1_262' title='bbox 1050 2114 1252 2182; x_wconf 88' lang='lat' dir='ltr'><strong>inquisitionem</strong></span> <span class='ocrx_word' id='word_1_263' title='bbox 1271 2113 1377 2168; x_wconf 85' lang='lat' dir='ltr'><strong>idoneis</strong></span> <span class='ocrx_word' id='word_1_264' title='bbox 1394 2111 1585 2181; x_wconf 85' lang='lat' dir='ltr'><strong>pronuntiatis.</strong></span> <span class='ocrx_word' id='word_1_265' title='bbox 1624 2111 1708 2167; x_wconf 87' lang='lat' dir='ltr'><strong>unde</strong></span> 
     </span>
     <span class='ocr_line' id='line_1_23' title="bbox 259 2199 1708 2272; baseline -0.003 -14"><span class='ocrx_word' id='word_1_266' title='bbox 259 2203 390 2272; x_wconf 90' lang='lat' dir='ltr'><strong>sequitur,</strong></span> <span class='ocrx_word' id='word_1_267' title='bbox 408 2203 448 2270; x_wconf 91' lang='lat' dir='ltr'><strong>ut,</strong></span> <span class='ocrx_word' id='word_1_268' title='bbox 467 2199 492 2254; x_wconf 90' lang='lat' dir='ltr'><strong>si</strong></span> <span class='ocrx_word' id='word_1_269' title='bbox 509 2201 627 2256; x_wconf 83' lang='lat' dir='ltr'><strong>tutelae¹</strong></span> <span class='ocrx_word' id='word_1_270' title='bbox 645 2207 769 2272; x_wconf 89' lang='lat' dir='ltr'><strong>tempore</strong></span> <span class='ocrx_word' id='word_1_271' title='bbox 787 2202 920 2258; x_wconf 92' lang='lat' dir='ltr'><strong>soluendo</strong></span> <span class='ocrx_word' id='word_1_272' title='bbox 938 2216 993 2257; x_wconf 91' lang='lat' dir='ltr'><strong>non</strong></span> <span class='ocrx_word' id='word_1_273' title='bbox 1010 2200 1129 2272; x_wconf 81' lang='lat' dir='ltr'><strong>suerunt,</strong></span> <span class='ocrx_word' id='word_1_274' title='bbox 1148 2203 1176 2257; x_wconf 94' lang='lat' dir='ltr'><strong>in</strong></span> <span class='ocrx_word' id='word_1_275' title='bbox 1194 2202 1231 2271; x_wconf 90' lang='lat' dir='ltr'><strong>id,</strong></span> <span class='ocrx_word' id='word_1_276' title='bbox 1250 2201 1324 2272; x_wconf 92' lang='lat' dir='ltr'><strong>quod</strong></span> <span class='ocrx_word' id='word_1_277' title='bbox 1341 2201 1376 2256; x_wconf 93' lang='lat' dir='ltr'><strong>de</strong></span> <span class='ocrx_word' id='word_1_278' title='bbox 1393 2201 1472 2256; x_wconf 92' lang='lat' dir='ltr'><strong>bonis</strong></span> <span class='ocrx_word' id='word_1_279' title='bbox 1484 2214 1579 2254; x_wconf 88' lang='lat' dir='ltr'><strong>eorum</strong></span> <span class='ocrx_word' id='word_1_280' title='bbox 1591 2201 1708 2254; x_wconf 88' lang='lat' dir='ltr'><strong>seruari</strong></span> 
     </span>
     <span class='ocr_line' id='line_1_24' title="bbox 258 2289 1016 2360; baseline -0.001 -14"><span class='ocrx_word' id='word_1_281' title='bbox 258 2305 314 2346; x_wconf 91' lang='lat' dir='ltr'><strong>uon</strong></span> <span class='ocrx_word' id='word_1_282' title='bbox 330 2289 427 2360; x_wconf 91' lang='lat' dir='ltr'><strong>possit,</strong></span> <span class='ocrx_word' id='word_1_283' title='bbox 445 2293 541 2344; x_wconf 87' lang='lat' dir='ltr'><strong>contra</strong></span> <span class='ocrx_word' id='word_1_284' title='bbox 558 2290 736 2359; x_wconf 77' lang='lat' dir='ltr'><strong>magistratus</strong></span> <span class='ocrx_word' id='word_1_285' title='bbox 754 2291 827 2348; x_wconf 88' lang='lat' dir='ltr'><strong>actio</strong></span> <span class='ocrx_word' id='word_1_286' title='bbox 845 2291 1016 2346; x_wconf 83' lang='lat' dir='ltr'><strong>decernatur.</strong></span> 
     </span>
    </p>

    <p class='ocr_par' dir='ltr' id='par_1_10' title="bbox 223 2369 1757 2461">
     <span class='ocr_line' id='line_1_25' title="bbox 223 2369 1757 2461; baseline 0.003 -31"><span class='ocrx_word' id='word_1_287' title='bbox 223 2373 241 2430; x_wconf 87' lang='grc'><strong>3</strong></span> <span class='ocrx_word' id='word_1_288' title='bbox 311 2379 390 2434; x_wconf 67' lang='lat' dir='ltr'><strong>bars</strong></span> <span class='ocrx_word' id='word_1_289' title='bbox 411 2377 481 2433; x_wconf 93' lang='lat' dir='ltr'><strong>libro</strong></span> <span class='ocrx_word' id='word_1_290' title='bbox 503 2378 599 2448; x_wconf 87' lang='lat' dir='ltr'><strong>quinto</strong></span> <span class='ocrx_word' id='word_1_291' title='bbox 622 2394 823 2449; x_wconf 89' lang='lat' dir='ltr'><strong>responsorum.</strong></span> <span class='ocrx_word' id='word_1_292' title='bbox 861 2379 890 2436; x_wconf 85' lang='lat' dir='ltr'><strong>Si</strong></span> <span class='ocrx_word' id='word_1_293' title='bbox 912 2378 968 2434; x_wconf 85' lang='lat' dir='ltr'><strong>fibo</strong></span> <span class='ocrx_word' id='word_1_294' title='bbox 991 2378 1087 2450; x_wconf 90' lang='lat' dir='ltr'><strong>puberi</strong></span> <span class='ocrx_word' id='word_1_295' title='bbox 1104 2384 1185 2448; x_wconf 85' lang='lat' dir='ltr'><strong>pater</strong></span> <span class='ocrx_word' id='word_1_296' title='bbox 1200 2382 1319 2433; x_wconf 91' lang='lat' dir='ltr'><strong>tutorem</strong></span> <span class='ocrx_word' id='word_1_297' title='bbox 1338 2381 1387 2432; x_wconf 88' lang='lat' dir='ltr'><strong>aut</strong></span> <span class='ocrx_word' id='word_1_298' title='bbox 1405 2375 1539 2447; x_wconf 91' lang='lat' dir='ltr'><strong>impuberi</strong></span> <span class='ocrx_word' id='word_1_299' title='bbox 1558 2369 1707 2461; x_wconf 61' lang='lat' dir='ltr'><em>Q</em></span> <span class='ocrx_word' id='word_1_300' title='bbox 1726 2380 1757 2434; x_wconf 90' lang='lat' dir='ltr'><strong><em>P</em></strong></span> 
     </span>
    </p>

    <p class='ocr_par' dir='ltr' id='par_1_11' title="bbox 149 2465 1759 2539">
     <span class='ocr_line' id='line_1_26' title="bbox 149 2465 1759 2539; baseline -0.005 -15"><span class='ocrx_word' id='word_1_301' title='bbox 149 2505 151 2508; x_wconf 93' lang='lat'>-</span> <span class='ocrx_word' id='word_1_302' title='bbox 259 2473 413 2524; x_wconf 78' lang='lat' dir='ltr'><strong>curatorem</strong></span> <span class='ocrx_word' id='word_1_303' title='bbox 431 2465 546 2536; x_wconf 86' lang='lat' dir='ltr'><strong>dederit,</strong></span> <span class='ocrx_word' id='word_1_304' title='bbox 565 2468 634 2522; x_wconf 90' lang='lat' dir='ltr'><strong>citra</strong></span> <span class='ocrx_word' id='word_1_305' title='bbox 650 2468 852 2538; x_wconf 87' lang='lat' dir='ltr'><strong>inquisitionem</strong></span> <span class='ocrx_word' id='word_1_306' title='bbox 871 2474 981 2539; x_wconf 90' lang='lat' dir='ltr'><strong>praetor</strong></span> <span class='ocrx_word' id='word_1_307' title='bbox 998 2481 1046 2524; x_wconf 91' lang='lat' dir='ltr'><strong>eos</strong></span> <span class='ocrx_word' id='word_1_308' title='bbox 1064 2466 1225 2523; x_wconf 85' lang='lat' dir='ltr'><strong>confirmare</strong></span> <span class='ocrx_word' id='word_1_309' title='bbox 1243 2465 1364 2522; x_wconf 87' lang='lat' dir='ltr'><strong>debebit.</strong></span> <span class='ocrx_word' id='word_1_310' title='bbox 1728 2476 1759 2516; x_wconf 86' lang='lat' dir='ltr'><strong>se</strong></span> 
     </span>
    </p>

    <p class='ocr_par' dir='ltr' id='par_1_12' title="bbox 223 2547 1756 2638">
     <span class='ocr_line' id='line_1_27' title="bbox 223 2547 1756 2638; baseline 0.003 -30"><span class='ocrx_word' id='word_1_311' title='bbox 223 2549 241 2608; x_wconf 87' lang='grc'><strong>7</strong></span> <span class='ocrx_word' id='word_1_312' title='bbox 312 2557 572 2612; x_wconf 72' lang='grc' dir='ltr'><strong>Ηιιιιιιοοιιιιιιιωι</strong></span> <span class='ocrx_word' id='word_1_313' title='bbox 589 2554 658 2612; x_wconf 92' lang='lat' dir='ltr'><strong>libro</strong></span> <span class='ocrx_word' id='word_1_314' title='bbox 676 2557 796 2613; x_wconf 90' lang='lat' dir='ltr'><strong>secundo</strong></span> <span class='ocrx_word' id='word_1_315' title='bbox 815 2558 881 2612; x_wconf 87' lang='lat' dir='ltr'><strong>iuria</strong></span> <span class='ocrx_word' id='word_1_316' title='bbox 899 2558 1088 2628; x_wconf 87' lang='lat' dir='ltr'><strong>epitomarum.</strong></span> <span class='ocrx_word' id='word_1_317' title='bbox 1126 2556 1250 2612; x_wconf 87' lang='lat' dir='ltr'><strong>Naturali</strong></span> <span class='ocrx_word' id='word_1_318' title='bbox 1267 2553 1332 2623; x_wconf 86' lang='lat' dir='ltr'><strong>lilio,</strong></span> <span class='ocrx_word' id='word_1_319' title='bbox 1353 2554 1397 2609; x_wconf 88' lang='lat' dir='ltr'><strong>eui</strong></span> <span class='ocrx_word' id='word_1_320' title='bbox 1415 2552 1479 2608; x_wconf 90' lang='lat' dir='ltr'><strong>nibil</strong></span> <span class='ocrx_word' id='word_1_321' title='bbox 1497 2567 1538 2608; x_wconf 78' lang='lat' dir='ltr'><strong>re</strong></span> <span class='ocrx_word' id='word_1_322' title='bbox 1558 2547 1707 2638; x_wconf 58' lang='lat' dir='ltr'><em>Q</em></span> <span class='ocrx_word' id='word_1_323' title='bbox 1727 2558 1756 2612; x_wconf 86' lang='lat' dir='ltr'><em>P</em></span> 
     </span>
    </p>

    <p class='ocr_par' dir='ltr' id='par_1_13' title="bbox 227 2641 1756 2980">
     <span class='ocr_line' id='line_1_28' title="bbox 227 2641 1707 2716; baseline 0.001 -20"><span class='ocrx_word' id='word_1_324' title='bbox 227 2651 241 2696; x_wconf 89' lang='lat'>1</span> <span class='ocrx_word' id='word_1_325' title='bbox 259 2646 353 2700; x_wconf 89' lang='lat' dir='ltr'><strong>lictum</strong></span> <span class='ocrx_word' id='word_1_326' title='bbox 372 2649 423 2713; x_wconf 91' lang='lat' dir='ltr'><strong>est,</strong></span> <span class='ocrx_word' id='word_1_327' title='bbox 441 2648 516 2699; x_wconf 78' lang='lat' dir='ltr'><strong>ustor</strong></span> <span class='ocrx_word' id='word_1_328' title='bbox 533 2641 635 2698; x_wconf 82' lang='lat' dir='ltr'><strong>frustra</strong></span> <span class='ocrx_word' id='word_1_329' title='bbox 653 2644 735 2700; x_wconf 92' lang='lat' dir='ltr'><strong>datur</strong></span> <span class='ocrx_word' id='word_1_330' title='bbox 752 2662 769 2701; x_wconf 91' lang='lat' dir='ltr'><strong>a</strong></span> <span class='ocrx_word' id='word_1_331' title='bbox 786 2651 864 2716; x_wconf 91' lang='lat' dir='ltr'><strong>patre</strong></span> <span class='ocrx_word' id='word_1_332' title='bbox 882 2661 933 2700; x_wconf 92' lang='lat' dir='ltr'><strong>uec</strong></span> <span class='ocrx_word' id='word_1_333' title='bbox 952 2646 1010 2700; x_wconf 91' lang='lat' dir='ltr'><strong>siue</strong></span> <span class='ocrx_word' id='word_1_334' title='bbox 1029 2645 1204 2715; x_wconf 86' lang='lat' dir='ltr'><strong>inquisitione</strong></span> <span class='ocrx_word' id='word_1_335' title='bbox 1222 2641 1407 2699; x_wconf 85' lang='lat' dir='ltr'><strong>confirmatur.</strong></span> <span class='ocrx_word' id='word_1_336' title='bbox 1439 2641 1469 2697; x_wconf 89' lang='lat' dir='ltr'><strong>Si</strong></span> <span class='ocrx_word' id='word_1_337' title='bbox 1487 2647 1644 2712; x_wconf 90' lang='lat' dir='ltr'><strong>quaeratur,</strong></span> <span class='ocrx_word' id='word_1_338' title='bbox 1665 2659 1707 2698; x_wconf 86' lang='lat' dir='ltr'><strong>an</strong></span> 
     </span>
     <span class='ocr_line' id='line_1_29' title="bbox 260 2730 1708 2805; baseline -0.002 -16"><span class='ocrx_word' id='word_1_339' title='bbox 260 2749 295 2789; x_wconf 84' lang='lat' dir='ltr'><strong>ex</strong></span> <span class='ocrx_word' id='word_1_340' title='bbox 313 2733 487 2803; x_wconf 91' lang='lat' dir='ltr'><strong>inquisitione</strong></span> <span class='ocrx_word' id='word_1_341' title='bbox 505 2737 579 2788; x_wconf 89' lang='lat' dir='ltr'><strong>recte</strong></span> <span class='ocrx_word' id='word_1_342' title='bbox 597 2731 679 2788; x_wconf 91' lang='lat' dir='ltr'><strong>datus</strong></span> <span class='ocrx_word' id='word_1_343' title='bbox 698 2735 734 2788; x_wconf 93' lang='lat' dir='ltr'><strong>sit</strong></span> <span class='ocrx_word' id='word_1_344' title='bbox 750 2739 838 2804; x_wconf 89' lang='lat' dir='ltr'><strong>tutor,</strong></span> <span class='ocrx_word' id='word_1_345' title='bbox 856 2738 987 2805; x_wconf 88' lang='lat' dir='ltr'><strong>quattuor</strong></span> <span class='ocrx_word' id='word_1_346' title='bbox 1004 2735 1073 2789; x_wconf 90' lang='lat' dir='ltr'><strong>baec</strong></span> <span class='ocrx_word' id='word_1_347' title='bbox 1091 2732 1291 2790; x_wconf 86' lang='lat' dir='ltr'><strong>consideranda</strong></span> <span class='ocrx_word' id='word_1_348' title='bbox 1309 2736 1386 2787; x_wconf 90' lang='lat' dir='ltr'><strong>snut:</strong></span> <span class='ocrx_word' id='word_1_349' title='bbox 1411 2747 1446 2786; x_wconf 86' lang='lat' dir='ltr'><strong>au</strong></span> <span class='ocrx_word' id='word_1_350' title='bbox 1464 2730 1508 2784; x_wconf 89' lang='lat' dir='ltr'><strong>hic</strong></span> <span class='ocrx_word' id='word_1_351' title='bbox 1525 2730 1635 2786; x_wconf 87' lang='lat' dir='ltr'><strong>dederit</strong></span> <span class='ocrx_word' id='word_1_352' title='bbox 1651 2732 1708 2801; x_wconf 92' lang='lat' dir='ltr'><strong>qui</strong></span> 
     </span>
     <span class='ocr_line' id='line_1_30' title="bbox 260 2818 1708 2893; baseline -0.001 -16"><span class='ocrx_word' id='word_1_353' title='bbox 260 2821 325 2877; x_wconf 91' lang='lat' dir='ltr'><strong>dare</strong></span> <span class='ocrx_word' id='word_1_354' title='bbox 343 2821 446 2892; x_wconf 90' lang='lat' dir='ltr'><strong>potuit,</strong></span> <span class='ocrx_word' id='word_1_355' title='bbox 468 2824 497 2875; x_wconf 89' lang='lat' dir='ltr'><strong>et</strong></span> <span class='ocrx_word' id='word_1_356' title='bbox 513 2821 558 2876; x_wconf 91' lang='lat' dir='ltr'><strong>ille</strong></span> <span class='ocrx_word' id='word_1_357' title='bbox 576 2823 714 2892; x_wconf 87' lang='lat' dir='ltr'><strong>acceperit</strong></span> <span class='ocrx_word' id='word_1_358' title='bbox 732 2824 776 2878; x_wconf 91' lang='lat' dir='ltr'><strong>cui</strong></span> <span class='ocrx_word' id='word_1_359' title='bbox 793 2822 884 2878; x_wconf 83' lang='lat' dir='ltr'><strong>iuerat</strong></span> <span class='ocrx_word' id='word_1_360' title='bbox 901 2823 1022 2893; x_wconf 89' lang='lat' dir='ltr'><strong>dandus,</strong></span> <span class='ocrx_word' id='word_1_361' title='bbox 1041 2828 1069 2879; x_wconf 90' lang='lat' dir='ltr'><strong>et</strong></span> <span class='ocrx_word' id='word_1_362' title='bbox 1086 2823 1111 2879; x_wconf 90' lang='lat' dir='ltr'><strong>is</strong></span> <span class='ocrx_word' id='word_1_363' title='bbox 1129 2823 1227 2878; x_wconf 80' lang='lat' dir='ltr'><strong>datur¹</strong></span> <span class='ocrx_word' id='word_1_364' title='bbox 1245 2822 1324 2876; x_wconf 88' lang='lat' dir='ltr'><strong>cuius</strong></span> <span class='ocrx_word' id='word_1_365' title='bbox 1341 2819 1425 2876; x_wconf 90' lang='lat' dir='ltr'><strong>dandi</strong></span> <span class='ocrx_word' id='word_1_366' title='bbox 1443 2818 1652 2890; x_wconf 66' lang='lat' dir='ltr'><strong>impleuerat,</strong></span> <span class='ocrx_word' id='word_1_367' title='bbox 1674 2825 1708 2876; x_wconf 90' lang='lat' dir='ltr'><strong>et</strong></span> 
     </span>
     <span class='ocr_line' id='line_1_31' title="bbox 259 2909 1756 2980; baseline 0.001 -14"><span class='ocrx_word' id='word_1_368' title='bbox 259 2925 309 2980; x_wconf 92' lang='lat' dir='ltr'><strong>pro</strong></span> <span class='ocrx_word' id='word_1_369' title='bbox 327 2910 456 2965; x_wconf 89' lang='lat' dir='ltr'><strong>tribunali</strong></span> <span class='ocrx_word' id='word_1_370' title='bbox 473 2909 613 2966; x_wconf 90' lang='lat' dir='ltr'><strong>decretum</strong></span> <span class='ocrx_word' id='word_1_371' title='bbox 631 2911 830 2980; x_wconf 88' lang='lat' dir='ltr'><strong>interpositum.</strong></span> <span class='ocrx_word' id='word_1_372' title='bbox 1727 2917 1756 2958; x_wconf 78' lang='lat'><strong>³0</strong></span> 
     </span>
    </p>

    <p class='ocr_par' dir='ltr' id='par_1_14' title="bbox 222 2991 1758 3425">
     <span class='ocr_line' id='line_1_32' title="bbox 222 2991 1754 3078; baseline -0.004 -26"><span class='ocrx_word' id='word_1_373' title='bbox 222 2993 242 3051; x_wconf 85' lang='lat'><strong>8</strong></span> <span class='ocrx_word' id='word_1_374' title='bbox 313 3000 527 3055; x_wconf 80' lang='lat' dir='ltr'><strong>Tarruonrnus</strong></span> <span class='ocrx_word' id='word_1_375' title='bbox 549 2999 618 3055; x_wconf 92' lang='lat' dir='ltr'><strong>libro</strong></span> <span class='ocrx_word' id='word_1_376' title='bbox 642 3005 741 3069; x_wconf 86' lang='lat' dir='ltr'><strong>quarto</strong></span> <span class='ocrx_word' id='word_1_377' title='bbox 764 2999 871 3056; x_wconf 90' lang='lat' dir='ltr'><strong>decimo</strong></span> <span class='ocrx_word' id='word_1_378' title='bbox 895 3000 1120 3078; x_wconf 82' lang='lat' dir='ltr'><strong>disputationum.</strong></span> <span class='ocrx_word' id='word_1_379' title='bbox 1157 3001 1189 3054; x_wconf 92' lang='lat' dir='ltr'><strong>In</strong></span> <span class='ocrx_word' id='word_1_380' title='bbox 1207 2997 1393 3055; x_wconf 85' lang='lat' dir='ltr'><strong>confirmando</strong></span> <span class='ocrx_word' id='word_1_381' title='bbox 1409 3001 1500 3052; x_wconf 86' lang='lat' dir='ltr'><strong>tutore</strong></span> <span class='ocrx_word' id='word_1_382' title='bbox 1517 2995 1571 3051; x_wconf 91' lang='lat' dir='ltr'><strong>hoc</strong></span> <span class='ocrx_word' id='word_1_383' title='bbox 1588 3001 1708 3066; x_wconf 86' lang='lat' dir='ltr'><strong>praetor</strong></span> <span class='ocrx_word' id='word_1_384' title='bbox 1726 2991 1754 3046; x_wconf 88' lang='lat' dir='ltr'>P</span> 
     </span>
     <span class='ocr_line' id='line_1_33' title="bbox 260 3085 1707 3160; baseline 0 -18"><span class='ocrx_word' id='word_1_385' title='bbox 260 3087 396 3158; x_wconf 86' lang='lat' dir='ltr'><strong>inquirere</strong></span> <span class='ocrx_word' id='word_1_386' title='bbox 414 3087 509 3158; x_wconf 90' lang='lat' dir='ltr'><strong>debet,</strong></span> <span class='ocrx_word' id='word_1_387' title='bbox 528 3104 565 3143; x_wconf 90' lang='lat' dir='ltr'><strong>an</strong></span> <span class='ocrx_word' id='word_1_388' title='bbox 582 3088 722 3144; x_wconf 91' lang='lat' dir='ltr'><strong>durauerit</strong></span> <span class='ocrx_word' id='word_1_389' title='bbox 739 3089 825 3158; x_wconf 89' lang='lat' dir='ltr'><strong>patris</strong></span> <span class='ocrx_word' id='word_1_390' title='bbox 844 3089 983 3144; x_wconf 88' lang='lat' dir='ltr'><strong>uoluntas:</strong></span> <span class='ocrx_word' id='word_1_391' title='bbox 1008 3089 1082 3160; x_wconf 93' lang='lat' dir='ltr'><strong>qnod</strong></span> <span class='ocrx_word' id='word_1_392' title='bbox 1100 3090 1128 3143; x_wconf 94' lang='lat' dir='ltr'><strong>in</strong></span> <span class='ocrx_word' id='word_1_393' title='bbox 1145 3087 1219 3144; x_wconf 78' lang='lat' dir='ltr'><strong>facili</strong></span> <span class='ocrx_word' id='word_1_394' title='bbox 1236 3093 1293 3157; x_wconf 89' lang='lat' dir='ltr'><strong>ost,</strong></span> <span class='ocrx_word' id='word_1_395' title='bbox 1316 3088 1339 3142; x_wconf 91' lang='lat' dir='ltr'><strong>si</strong></span> <span class='ocrx_word' id='word_1_396' title='bbox 1357 3087 1480 3157; x_wconf 86' lang='lat' dir='ltr'><strong>proximo</strong></span> <span class='ocrx_word' id='word_1_397' title='bbox 1499 3085 1612 3141; x_wconf 76' lang='lat' dir='ltr'><strong>mortio⁸</strong></span> <span class='ocrx_word' id='word_1_398' title='bbox 1630 3095 1707 3142; x_wconf 88' lang='lat' dir='ltr'><strong>tcm-</strong></span> 
     </span>
     <span class='ocr_line' id='line_1_34' title="bbox 260 3174 1708 3247; baseline 0 -16"><span class='ocrx_word' id='word_1_399' title='bbox 260 3191 326 3247; x_wconf 91' lang='lat' dir='ltr'><strong>pore</strong></span> <span class='ocrx_word' id='word_1_400' title='bbox 343 3180 449 3231; x_wconf 89' lang='lat' dir='ltr'><strong>tutores</strong></span> <span class='ocrx_word' id='word_1_401' title='bbox 467 3191 522 3232; x_wconf 91' lang='lat' dir='ltr'><strong>nou</strong></span> <span class='ocrx_word' id='word_1_402' title='bbox 539 3177 598 3232; x_wconf 90' lang='lat' dir='ltr'><strong>iore</strong></span> <span class='ocrx_word' id='word_1_403' title='bbox 616 3179 661 3232; x_wconf 93' lang='lat' dir='ltr'><strong>uel</strong></span> <span class='ocrx_word' id='word_1_404' title='bbox 679 3182 820 3233; x_wconf 82' lang='lat' dir='ltr'><strong>curatores</strong></span> <span class='ocrx_word' id='word_1_405' title='bbox 838 3177 977 3247; x_wconf 89' lang='lat' dir='ltr'><strong>scripserit</strong></span> <span class='ocrx_word' id='word_1_406' title='bbox 993 3183 1081 3247; x_wconf 89' lang='lat' dir='ltr'><strong>pater.</strong></span> <span class='ocrx_word' id='word_1_407' title='bbox 1110 3193 1173 3233; x_wconf 89' lang='lat' dir='ltr'><strong>uam</strong></span> <span class='ocrx_word' id='word_1_408' title='bbox 1192 3178 1217 3232; x_wconf 85' lang='lat' dir='ltr'><strong>si</strong></span> <span class='ocrx_word' id='word_1_409' title='bbox 1234 3182 1298 3232; x_wconf 91' lang='lat' dir='ltr'><strong>aute</strong></span> <span class='ocrx_word' id='word_1_410' title='bbox 1317 3191 1417 3245; x_wconf 87' lang='lat' dir='ltr'><strong>anuos,</strong></span> <span class='ocrx_word' id='word_1_411' title='bbox 1439 3179 1471 3230; x_wconf 88' lang='lat' dir='ltr'><strong>ut</strong></span> <span class='ocrx_word' id='word_1_412' title='bbox 1494 3174 1583 3243; x_wconf 86' lang='lat' dir='ltr'><strong>spatio</strong></span> <span class='ocrx_word' id='word_1_413' title='bbox 1607 3175 1708 3232; x_wconf 89' lang='lat' dir='ltr'><strong>medio</strong></span> 
     </span>
     <span class='ocr_line' id='line_1_35' title="bbox 260 3264 1709 3336; baseline 0.001 -16"><span class='ocrx_word' id='word_1_414' title='bbox 260 3266 381 3336; x_wconf 87' lang='lat' dir='ltr'><strong>potuerit</strong></span> <span class='ocrx_word' id='word_1_415' title='bbox 398 3264 569 3322; x_wconf 82' lang='lat' dir='ltr'><strong>facultatium</strong></span> <span class='ocrx_word' id='word_1_416' title='bbox 587 3265 645 3321; x_wconf 91' lang='lat' dir='ltr'><strong>dati</strong></span> <span class='ocrx_word' id='word_1_417' title='bbox 663 3280 718 3320; x_wconf 94' lang='lat' dir='ltr'><strong>uon</strong></span> <span class='ocrx_word' id='word_1_418' title='bbox 736 3265 795 3320; x_wconf 91' lang='lat' dir='ltr'><strong>iure</strong></span> <span class='ocrx_word' id='word_1_419' title='bbox 812 3266 911 3321; x_wconf 89' lang='lat' dir='ltr'><strong>tutoris</strong></span> <span class='ocrx_word' id='word_1_420' title='bbox 930 3283 947 3320; x_wconf 91' lang='lat' dir='ltr'><strong>a</strong></span> <span class='ocrx_word' id='word_1_421' title='bbox 963 3270 1042 3336; x_wconf 90' lang='lat' dir='ltr'><strong>patre</strong></span> <span class='ocrx_word' id='word_1_422' title='bbox 1065 3265 1123 3321; x_wconf 87' lang='lat' dir='ltr'><strong>lieri</strong></span> <span class='ocrx_word' id='word_1_423' title='bbox 1146 3266 1310 3336; x_wconf 87' lang='lat' dir='ltr'><strong>deminutio,</strong></span> <span class='ocrx_word' id='word_1_424' title='bbox 1332 3265 1378 3320; x_wconf 92' lang='lat' dir='ltr'><strong>uel</strong></span> <span class='ocrx_word' id='word_1_425' title='bbox 1402 3278 1508 3318; x_wconf 87' lang='lat' dir='ltr'><strong>morum</strong></span> <span class='ocrx_word' id='word_1_426' title='bbox 1527 3269 1592 3319; x_wconf 91' lang='lat' dir='ltr'><strong>aute</strong></span> <span class='ocrx_word' id='word_1_427' title='bbox 1610 3265 1709 3322; x_wconf 85' lang='lat' dir='ltr'><strong>celata</strong></span> 
     </span>
     <span class='ocr_line' id='line_1_36' title="bbox 260 3353 1758 3425; baseline 0 -15"><span class='ocrx_word' id='word_1_428' title='bbox 260 3355 305 3410; x_wconf 90' lang='lat' dir='ltr'><strong>uel</strong></span> <span class='ocrx_word' id='word_1_429' title='bbox 323 3355 450 3424; x_wconf 82' lang='lat' dir='ltr'><strong>ignorata</strong></span> <span class='ocrx_word' id='word_1_430' title='bbox 466 3354 578 3409; x_wconf 89' lang='lat' dir='ltr'><strong>emersit</strong></span> <span class='ocrx_word' id='word_1_431' title='bbox 595 3353 765 3424; x_wconf 89' lang='lat' dir='ltr'><strong>improbitas,</strong></span> <span class='ocrx_word' id='word_1_432' title='bbox 783 3359 832 3408; x_wconf 90' lang='lat' dir='ltr'><strong>aut</strong></span> <span class='ocrx_word' id='word_1_433' title='bbox 848 3354 1005 3410; x_wconf 90' lang='lat' dir='ltr'><strong>inimicitiae</strong></span> <span class='ocrx_word' id='word_1_434' title='bbox 1024 3371 1086 3410; x_wconf 90' lang='lat' dir='ltr'><strong>curu</strong></span> <span class='ocrx_word' id='word_1_435' title='bbox 1104 3360 1183 3424; x_wconf 80' lang='lat' dir='ltr'><strong>pane</strong></span> <span class='ocrx_word' id='word_1_436' title='bbox 1201 3358 1369 3425; x_wconf 78' lang='lat' dir='ltr'><strong>exarserunt,</strong></span> <span class='ocrx_word' id='word_1_437' title='bbox 1728 3361 1758 3404; x_wconf 76' lang='lat'><strong>⁸³</strong></span> 
     </span>
    </p>

    <p class='ocr_par' dir='ltr' id='par_1_15' title="bbox 224 3435 1843 3601">
     <span class='ocr_line' id='line_1_37' title="bbox 224 3435 1843 3516; baseline 0.001 -20"><span class='ocrx_word' id='word_1_438' title='bbox 224 3435 242 3496; x_wconf 90' lang='lat'><strong>9</strong></span> <span class='ocrx_word' id='word_1_439' title='bbox 316 3445 326 3516; x_wconf 79' lang='grc' dir='ltr'><strong>ΙΙ</strong></span> <span class='ocrx_word' id='word_1_440' title='bbox 345 3443 464 3498; x_wconf 81' lang='lat' dir='ltr'><strong>Paucos</strong></span> <span class='ocrx_word' id='word_1_441' title='bbox 481 3441 551 3498; x_wconf 91' lang='lat' dir='ltr'><strong>libro</strong></span> <span class='ocrx_word' id='word_1_442' title='bbox 568 3443 700 3513; x_wconf 83' lang='lat' dir='ltr'><strong>singulari</strong></span> <span class='ocrx_word' id='word_1_443' title='bbox 718 3442 753 3498; x_wconf 92' lang='lat' dir='ltr'><strong>de</strong></span> <span class='ocrx_word' id='word_1_444' title='bbox 771 3443 982 3512; x_wconf 88' lang='lat' dir='ltr'><strong>cognitionibus.</strong></span> <span class='ocrx_word' id='word_1_445' title='bbox 1018 3444 1063 3499; x_wconf 92' lang='lat' dir='ltr'><strong>uel</strong></span> <span class='ocrx_word' id='word_1_446' title='bbox 1082 3459 1145 3499; x_wconf 92' lang='lat' dir='ltr'><strong>oum</strong></span> <span class='ocrx_word' id='word_1_447' title='bbox 1162 3442 1230 3499; x_wconf 89' lang='lat' dir='ltr'><strong>fisco</strong></span> <span class='ocrx_word' id='word_1_448' title='bbox 1254 3444 1371 3512; x_wconf 88' lang='lat' dir='ltr'><strong>aliquem</strong></span> <span class='ocrx_word' id='word_1_449' title='bbox 1396 3446 1566 3498; x_wconf 71' lang='lat' dir='ltr'><strong>conuectum</strong></span> <span class='ocrx_word' id='word_1_450' title='bbox 1585 3441 1708 3498; x_wconf 91' lang='lat' dir='ltr'><strong>damno·</strong></span> <span class='ocrx_word' id='word_1_451' title='bbox 1729 3437 1772 3489; x_wconf 70' lang='grc' dir='ltr'><strong>Ρ·</strong></span> <span class='ocrx_word' id='word_1_452' title='bbox 1791 3438 1843 3485; x_wconf 68' lang='lat' dir='ltr'><strong>iii</strong></span> 
     </span>
     <span class='ocr_line' id='line_1_38' title="bbox 261 3531 538 3601; baseline -0.007 -14"><span class='ocrx_word' id='word_1_453' title='bbox 261 3547 322 3588; x_wconf 91' lang='lat' dir='ltr'><strong>sum</strong></span> <span class='ocrx_word' id='word_1_454' title='bbox 340 3531 538 3601; x_wconf 81' lang='lat' dir='ltr'><strong>miscuisseut⁴,</strong></span> 
     </span>
    </p>

    <p class='ocr_par' dir='ltr' id='par_1_16' title="bbox 205 3613 1761 4134">
     <span class='ocr_line' id='line_1_39' title="bbox 205 3613 1757 3706; baseline 0.003 -34"><span class='ocrx_word' id='word_1_455' title='bbox 205 3613 245 3672; x_wconf 89' lang='grc'><strong>10</strong></span> <span class='ocrx_word' id='word_1_456' title='bbox 313 3619 527 3676; x_wconf 74' lang='lat' dir='ltr'><strong>Tarrnonnsos</strong></span> <span class='ocrx_word' id='word_1_457' title='bbox 545 3619 613 3675; x_wconf 91' lang='lat' dir='ltr'><strong>libro</strong></span> <span class='ocrx_word' id='word_1_458' title='bbox 631 3623 729 3690; x_wconf 87' lang='lat' dir='ltr'><strong>quarto</strong></span> <span class='ocrx_word' id='word_1_459' title='bbox 747 3619 855 3675; x_wconf 90' lang='lat' dir='ltr'><strong>decimo</strong></span> <span class='ocrx_word' id='word_1_460' title='bbox 872 3619 1097 3690; x_wconf 86' lang='lat' dir='ltr'><strong>disputationum.</strong></span> <span class='ocrx_word' id='word_1_461' title='bbox 1128 3621 1273 3676; x_wconf 86' lang='lat' dir='ltr'><strong>utilitatem</strong></span> <span class='ocrx_word' id='word_1_462' title='bbox 1287 3620 1450 3690; x_wconf 87' lang='lat' dir='ltr'><strong>pupillorum</strong></span> <span class='ocrx_word' id='word_1_463' title='bbox 1463 3633 1540 3690; x_wconf 88' lang='lat' dir='ltr'><strong>prae-</strong></span> <span class='ocrx_word' id='word_1_464' title='bbox 1559 3613 1709 3706; x_wconf 58' lang='lat' dir='ltr'><strong>[Q</strong></span> <span class='ocrx_word' id='word_1_465' title='bbox 1729 3623 1757 3677; x_wconf 93' lang='lat' dir='ltr'><strong><em>P</em></strong></span> 
     </span>
     <span class='ocr_line' id='line_1_40' title="bbox 260 3708 1711 3779; baseline 0.001 -15"><span class='ocrx_word' id='word_1_466' title='bbox 260 3713 305 3764; x_wconf 89' lang='lat' dir='ltr'><strong>tor</strong></span> <span class='ocrx_word' id='word_1_467' title='bbox 322 3709 457 3779; x_wconf 90' lang='lat' dir='ltr'><strong>sequitur,</strong></span> <span class='ocrx_word' id='word_1_468' title='bbox 481 3721 536 3764; x_wconf 92' lang='lat' dir='ltr'><strong>nou</strong></span> <span class='ocrx_word' id='word_1_469' title='bbox 554 3709 716 3778; x_wconf 89' lang='lat' dir='ltr'><strong>scripturam</strong></span> <span class='ocrx_word' id='word_1_470' title='bbox 737 3710 896 3764; x_wconf 84' lang='lat' dir='ltr'><strong>testamenti</strong></span> <span class='ocrx_word' id='word_1_471' title='bbox 914 3709 957 3764; x_wconf 94' lang='lat' dir='ltr'><strong>uel</strong></span> <span class='ocrx_word' id='word_1_472' title='bbox 976 3708 1170 3764; x_wconf 89' lang='lat' dir='ltr'><strong>codicillorum.</strong></span> <span class='ocrx_word' id='word_1_473' title='bbox 1198 3726 1261 3765; x_wconf 91' lang='lat' dir='ltr'><strong>nam</strong></span> <span class='ocrx_word' id='word_1_474' title='bbox 1285 3709 1371 3778; x_wconf 86' lang='lat' dir='ltr'><strong>patrie</strong></span> <span class='ocrx_word' id='word_1_475' title='bbox 1394 3709 1563 3764; x_wconf 83' lang='lat' dir='ltr'><strong>uoluntatem</strong></span> <span class='ocrx_word' id='word_1_476' title='bbox 1588 3715 1711 3776; x_wconf 85' lang='lat' dir='ltr'><strong>praetor</strong></span> 
     </span>
     <span class='ocr_line' id='line_1_41' title="bbox 261 3795 1761 3869; baseline -0.004 -16"><span class='ocrx_word' id='word_1_477' title='bbox 261 3799 301 3854; x_wconf 85' lang='lat' dir='ltr'><strong>ita</strong></span> <span class='ocrx_word' id='word_1_478' title='bbox 318 3798 443 3868; x_wconf 91' lang='lat' dir='ltr'><strong>accipere</strong></span> <span class='ocrx_word' id='word_1_479' title='bbox 461 3797 557 3866; x_wconf 87' lang='lat' dir='ltr'><strong>debet,</strong></span> <span class='ocrx_word' id='word_1_480' title='bbox 582 3797 607 3852; x_wconf 92' lang='lat' dir='ltr'><strong>si</strong></span> <span class='ocrx_word' id='word_1_481' title='bbox 624 3812 679 3853; x_wconf 91' lang='lat' dir='ltr'><strong>non</strong></span> <span class='ocrx_word' id='word_1_482' title='bbox 696 3795 748 3852; x_wconf 84' lang='lat' dir='ltr'><strong>snit</strong></span> <span class='ocrx_word' id='word_1_483' title='bbox 765 3798 879 3867; x_wconf 89' lang='lat' dir='ltr'><strong>ignarus</strong></span> <span class='ocrx_word' id='word_1_484' title='bbox 897 3797 1001 3852; x_wconf 89' lang='lat' dir='ltr'><strong>scilicet</strong></span> <span class='ocrx_word' id='word_1_485' title='bbox 1019 3811 1127 3868; x_wconf 88' lang='lat' dir='ltr'><strong>corum,</strong></span> <span class='ocrx_word' id='word_1_486' title='bbox 1151 3814 1223 3869; x_wconf 89' lang='lat' dir='ltr'><strong>quae</strong></span> <span class='ocrx_word' id='word_1_487' title='bbox 1240 3799 1317 3868; x_wconf 75' lang='lat' dir='ltr'><strong>ipsa⁵</strong></span> <span class='ocrx_word' id='word_1_488' title='bbox 1336 3801 1446 3868; x_wconf 89' lang='lat' dir='ltr'><strong>praetor</strong></span> <span class='ocrx_word' id='word_1_489' title='bbox 1462 3795 1497 3851; x_wconf 90' lang='lat' dir='ltr'><strong>dc</strong></span> <span class='ocrx_word' id='word_1_490' title='bbox 1515 3800 1608 3850; x_wconf 89' lang='lat' dir='ltr'><strong>tutore</strong></span> <span class='ocrx_word' id='word_1_491' title='bbox 1627 3811 1710 3853; x_wconf 90' lang='lat' dir='ltr'><strong>com-</strong></span> <span class='ocrx_word' id='word_1_492' title='bbox 1731 3808 1761 3848; x_wconf 82' lang='lat' dir='ltr'><strong>ao</strong></span> 
     </span>
     <span class='ocr_line' id='line_1_42' title="bbox 260 3884 1712 3958; baseline 0.001 -16"><span class='ocrx_word' id='word_1_493' title='bbox 260 3892 340 3958; x_wconf 87' lang='lat' dir='ltr'><strong>perta</strong></span> <span class='ocrx_word' id='word_1_494' title='bbox 356 3885 449 3942; x_wconf 91' lang='lat' dir='ltr'><strong>habet.</strong></span> <span class='ocrx_word' id='word_1_495' title='bbox 477 3885 543 3956; x_wconf 88' lang='lat' dir='ltr'><strong>quid</strong></span> <span class='ocrx_word' id='word_1_496' title='bbox 562 3885 681 3956; x_wconf 90' lang='lat' dir='ltr'><strong>denique</strong></span> <span class='ocrx_word' id='word_1_497' title='bbox 698 3887 722 3941; x_wconf 90' lang='lat' dir='ltr'><strong>si</strong></span> <span class='ocrx_word' id='word_1_498' title='bbox 739 3891 838 3956; x_wconf 88' lang='lat' dir='ltr'><strong>postea</strong></span> <span class='ocrx_word' id='word_1_499' title='bbox 855 3885 890 3941; x_wconf 93' lang='lat' dir='ltr'><strong>de</strong></span> <span class='ocrx_word' id='word_1_500' title='bbox 908 3901 956 3958; x_wconf 85' lang='lat' dir='ltr'><strong>eo,</strong></span> <span class='ocrx_word' id='word_1_501' title='bbox 982 3901 1063 3956; x_wconf 87' lang='lat' dir='ltr'><strong>quem</strong></span> <span class='ocrx_word' id='word_1_502' title='bbox 1086 3889 1181 3957; x_wconf 74' lang='lat' dir='ltr'><strong>pater⁸</strong></span> <span class='ocrx_word' id='word_1_503' title='bbox 1198 3891 1364 3942; x_wconf 90' lang='lat' dir='ltr'><strong>testamento</strong></span> <span class='ocrx_word' id='word_1_504' title='bbox 1383 3884 1549 3940; x_wconf 88' lang='lat' dir='ltr'><strong>codicillisue</strong></span> <span class='ocrx_word' id='word_1_505' title='bbox 1567 3899 1624 3940; x_wconf 92' lang='lat' dir='ltr'><strong>nou</strong></span> <span class='ocrx_word' id='word_1_506' title='bbox 1643 3885 1712 3944; x_wconf 83' lang='lat' dir='ltr'><strong>iure</strong></span> 
     </span>
     <span class='ocr_line' id='line_1_43' title="bbox 262 3975 1712 4046; baseline 0.001 -15"><span class='ocrx_word' id='word_1_507' title='bbox 262 3975 347 4046; x_wconf 79' lang='lat' dir='ltr'><strong>dedit,</strong></span> <span class='ocrx_word' id='word_1_508' title='bbox 365 3975 476 4046; x_wconf 88' lang='lat' dir='ltr'><strong>scripsit</strong></span> <span class='ocrx_word' id='word_1_509' title='bbox 491 3978 610 4030; x_wconf 88' lang='lat' dir='ltr'><strong>tutorem</strong></span> <span class='ocrx_word' id='word_1_510' title='bbox 629 3989 691 4030; x_wconf 87' lang='lat' dir='ltr'><strong>ease</strong></span> <span class='ocrx_word' id='word_1_511' title='bbox 709 3975 801 4031; x_wconf 85' lang='lat' dir='ltr'><strong>nolle?</strong></span> <span class='ocrx_word' id='word_1_512' title='bbox 827 3989 926 4046; x_wconf 88' lang='lat' dir='ltr'><strong>nempe</strong></span> <span class='ocrx_word' id='word_1_513' title='bbox 943 3989 999 4031; x_wconf 91' lang='lat' dir='ltr'><strong>nou</strong></span> <span class='ocrx_word' id='word_1_514' title='bbox 1017 3976 1140 4046; x_wconf 87' lang='lat' dir='ltr'><strong>sequitur</strong></span> <span class='ocrx_word' id='word_1_515' title='bbox 1157 3976 1273 4046; x_wconf 89' lang='lat' dir='ltr'><strong>primam</strong></span> <span class='ocrx_word' id='word_1_516' title='bbox 1290 3976 1460 4032; x_wconf 87' lang='lat' dir='ltr'><strong>uoluntatem</strong></span> <span class='ocrx_word' id='word_1_517' title='bbox 1477 3976 1597 4043; x_wconf 87' lang='lat' dir='ltr'><strong>praetor,</strong></span> <span class='ocrx_word' id='word_1_518' title='bbox 1617 3989 1712 4045; x_wconf 84' lang='lat' dir='ltr'><strong>aqua</strong></span> 
     </span>
     <span class='ocr_line' id='line_1_44' title="bbox 260 4064 494 4134; baseline -0.009 -14"><span class='ocrx_word' id='word_1_519' title='bbox 260 4069 341 4134; x_wconf 85' lang='lat' dir='ltr'><strong>pater</strong></span> <span class='ocrx_word' id='word_1_520' title='bbox 358 4064 494 4122; x_wconf 74' lang='lat' dir='ltr'><strong>dbcesdt.</strong></span> 
     </span>
    </p>
   </div>
   <div class='ocr_carea' id='block_1_3' title="bbox 261 4161 1229 4236">
    <p class='ocr_par' dir='ltr' id='par_1_17' title="bbox 261 4161 1229 4236">
     <span class='ocr_line' id='line_1_45' title="bbox 261 4161 1229 4236; baseline 0.003 -20"><span class='ocrx_word' id='word_1_521' title='bbox 261 4161 382 4232; x_wconf 65' lang='grc' dir='ltr'><strong>ΜΠ),</strong></span> <span class='ocrx_word' id='word_1_522' title='bbox 400 4171 444 4236; x_wconf 85' lang='lat' dir='ltr'><strong>qui</strong></span> <span class='ocrx_word' id='word_1_523' title='bbox 462 4164 543 4217; x_wconf 83' lang='lat' dir='ltr'><strong>denuo</strong></span> <span class='ocrx_word' id='word_1_524' title='bbox 562 4167 653 4234; x_wconf 82' lang='lat' dir='ltr'><strong>incipit</strong></span> <span class='ocrx_word' id='word_1_525' title='bbox 670 4183 694 4216; x_wconf 81' lang='lat' dir='ltr'><strong>u.</strong></span> <span class='ocrx_word' id='word_1_526' title='bbox 707 4163 742 4216; x_wconf 86' lang='lat'><strong>27</strong></span> <span class='ocrx_word' id='word_1_527' title='bbox 760 4163 829 4217; x_wconf 80' lang='lat' dir='ltr'><strong>oerb.</strong></span> <span class='ocrx_word' id='word_1_528' title='bbox 843 4177 878 4217; x_wconf 81' lang='lat' dir='ltr'><strong>an</strong></span> <span class='ocrx_word' id='word_1_529' title='bbox 896 4177 932 4217; x_wconf 81' lang='lat' dir='ltr'><strong>ex</strong></span> <span class='ocrx_word' id='word_1_530' title='bbox 948 4162 1132 4233; x_wconf 85' lang='lat' dir='ltr'><strong>inquisitione,</strong></span> <span class='ocrx_word' id='word_1_531' title='bbox 1152 4163 1229 4232; x_wconf 73' lang='lat' dir='ltr'><strong>nlo)</strong></span> 
     </span>
    </p>
   </div>
   <div class='ocr_carea' id='block_1_4' title="bbox 261 4291 1712 4434">
    <p class='ocr_par' dir='ltr' id='par_1_18' title="bbox 261 4291 1712 4434">
     <span class='ocr_line' id='line_1_46' title="bbox 261 4291 1712 4434; baseline 0.003 -86"><span class='ocrx_word' id='word_1_532' title='bbox 261 4291 451 4434; x_wconf 47' lang='grc' dir='ltr'><strong>ἐξὲιίὧῗθάιθιῖε.</strong></span> <span class='ocrx_word' id='word_1_533' title='bbox 530 4293 666 4349; x_wconf 79' lang='lat' dir='ltr'><strong>¹datus?</strong></span> <span class='ocrx_word' id='word_1_534' title='bbox 744 4295 880 4350; x_wconf 75' lang='lat' dir='ltr'><strong>&#39;morti‘l</strong></span> <span class='ocrx_word' id='word_1_535' title='bbox 959 4295 1138 4351; x_wconf 76' lang='lat' dir='ltr'><strong>‘iniuisseut</strong></span> <span class='ocrx_word' id='word_1_536' title='bbox 1161 4297 1220 4363; x_wconf 80' lang='lat' dir='ltr'><strong>(aaa</strong></span> <span class='ocrx_word' id='word_1_537' title='bbox 1239 4297 1269 4350; x_wconf 82' lang='lat' dir='ltr'><strong>de</strong></span> <span class='ocrx_word' id='word_1_538' title='bbox 1287 4295 1409 4363; x_wconf 82' lang='lat' dir='ltr'><strong>Waier)?</strong></span> <span class='ocrx_word' id='word_1_539' title='bbox 1488 4293 1583 4364; x_wconf 71' lang='lat' dir='ltr'><strong>‘ipse</strong></span> <span class='ocrx_word' id='word_1_540' title='bbox 1602 4296 1712 4362; x_wconf 58' lang='lat' dir='ltr'><strong>(adrui</strong></span> 
     </span>
    </p>
   </div>
   <div class='ocr_carea' id='block_1_5' title="bbox 260 4477 1715 4910">
    <p class='ocr_par' dir='ltr' id='par_1_19' title="bbox 260 4477 1715 4910">
     <span class='ocr_line' id='line_1_47' title="bbox 263 4477 1711 4552; baseline 0.003 -19"><span class='ocrx_word' id='word_1_541' title='bbox 263 4481 277 4533; x_wconf 92' lang='lat'>1</span> <span class='ocrx_word' id='word_1_542' title='bbox 297 4485 424 4535; x_wconf 72' lang='lat' dir='ltr'><strong>curamus</strong></span> <span class='ocrx_word' id='word_1_543' title='bbox 441 4482 533 4535; x_wconf 70' lang='lat' dir='ltr'><strong>literis</strong></span> <span class='ocrx_word' id='word_1_544' title='bbox 550 4480 655 4534; x_wconf 61' lang='lat' dir='ltr'><strong>Mitule</strong></span> <span class='ocrx_word' id='word_1_545' title='bbox 672 4481 699 4533; x_wconf 83' lang='lat' dir='ltr'><em>F</em></span> <span class='ocrx_word' id='word_1_546' title='bbox 750 4481 768 4534; x_wconf 88' lang='lat'><strong>3</strong></span> <span class='ocrx_word' id='word_1_547' title='bbox 786 4477 954 4552; x_wconf 79' lang='lat' dir='ltr'><strong>uepar‘repa&#39;·</strong></span> <span class='ocrx_word' id='word_1_548' title='bbox 1007 4496 1062 4536; x_wconf 91' lang='lat' dir='ltr'><strong>nou</strong></span> <span class='ocrx_word' id='word_1_549' title='bbox 1080 4481 1138 4534; x_wconf 92' lang='lat' dir='ltr'><strong>iure</strong></span> <span class='ocrx_word' id='word_1_550' title='bbox 1157 4483 1270 4550; x_wconf 80' lang='lat' dir='ltr'><strong>epatre</strong></span> <span class='ocrx_word' id='word_1_551' title='bbox 1288 4481 1335 4545; x_wconf 54' lang='grc' dir='ltr'><strong>Γ),</strong></span> <span class='ocrx_word' id='word_1_552' title='bbox 1358 4479 1416 4535; x_wconf 90' lang='lat' dir='ltr'><strong>dati</strong></span> <span class='ocrx_word' id='word_1_553' title='bbox 1437 4483 1549 4550; x_wconf 78' lang='lat' dir='ltr'><strong>epatre</strong></span> <span class='ocrx_word' id='word_1_554' title='bbox 1567 4493 1626 4534; x_wconf 93' lang='lat' dir='ltr'><strong>nou</strong></span> <span class='ocrx_word' id='word_1_555' title='bbox 1644 4479 1711 4537; x_wconf 90' lang='lat' dir='ltr'><strong>iure</strong></span> 
     </span>
     <span class='ocr_line' id='line_1_48' title="bbox 260 4549 1710 4636; baseline 0.003 -33"><span class='ocrx_word' id='word_1_556' title='bbox 260 4569 331 4636; x_wconf 68' lang='lat' dir='ltr'><strong>repca</strong></span> <span class='ocrx_word' id='word_1_557' title='bbox 354 4550 394 4603; x_wconf 58' lang='grc' dir='ltr'><strong>Γ)</strong></span> <span class='ocrx_word' id='word_1_558' title='bbox 458 4549 703 4606; x_wconf 80' lang='lat' dir='ltr'><strong>Boonfirmauitur</strong></span> <span class='ocrx_word' id='word_1_559' title='bbox 724 4550 762 4604; x_wconf 66' lang='lat' dir='ltr'><strong>Fi</strong></span> <span class='ocrx_word' id='word_1_560' title='bbox 827 4553 863 4606; x_wconf 80' lang='lat'><strong>22</strong></span> <span class='ocrx_word' id='word_1_561' title='bbox 886 4557 954 4606; x_wconf 81' lang='lat' dir='ltr'><strong>tem·</strong></span> <span class='ocrx_word' id='word_1_562' title='bbox 1007 4551 1106 4607; x_wconf 83' lang='lat' dir='ltr'><strong>tutonis</strong></span> <span class='ocrx_word' id='word_1_563' title='bbox 1120 4551 1265 4607; x_wconf 69' lang='lat' dir='ltr'><strong>wilere:</strong></span> <span class='ocrx_word' id='word_1_564' title='bbox 1288 4555 1385 4608; x_wconf 81' lang='lat' dir='ltr'><strong>scilicet</strong></span> <span class='ocrx_word' id='word_1_565' title='bbox 1402 4559 1447 4624; x_wconf 85' lang='lat' dir='ltr'><strong>qui</strong></span> <span class='ocrx_word' id='word_1_566' title='bbox 1463 4551 1638 4605; x_wconf 69' lang='lat' dir='ltr'><strong>florentinam</strong></span> <span class='ocrx_word' id='word_1_567' title='bbox 1661 4553 1710 4608; x_wconf 79' lang='lat' dir='ltr'><strong>de-</strong></span> 
     </span>
     <span class='ocr_line' id='line_1_49' title="bbox 262 4620 1712 4706; baseline 0.002 -30"><span class='ocrx_word' id='word_1_568' title='bbox 262 4620 362 4692; x_wconf 82' lang='lat' dir='ltr'><strong>‘ppore</strong></span> <span class='ocrx_word' id='word_1_569' title='bbox 372 4621 409 4674; x_wconf 73' lang='lat' dir='ltr'><strong>F‘</strong></span> <span class='ocrx_word' id='word_1_570' title='bbox 453 4623 488 4677; x_wconf 81' lang='lat'><strong>24</strong></span> <span class='ocrx_word' id='word_1_571' title='bbox 501 4623 525 4677; x_wconf 89' lang='lat' dir='ltr'><strong>si</strong></span> <span class='ocrx_word' id='word_1_572' title='bbox 537 4621 593 4677; x_wconf 87' lang='lat' dir='ltr'><strong>lilio</strong></span> <span class='ocrx_word' id='word_1_573' title='bbox 604 4621 740 4692; x_wconf 89' lang='lat' dir='ltr'><strong>impuberi</strong></span> <span class='ocrx_word' id='word_1_574' title='bbox 747 4625 826 4692; x_wconf 89' lang='lat' dir='ltr'><strong>pater</strong></span> <span class='ocrx_word' id='word_1_575' title='bbox 834 4626 955 4678; x_wconf 88' lang='lat' dir='ltr'><strong>tutorem</strong></span> <span class='ocrx_word' id='word_1_576' title='bbox 1006 4631 1113 4693; x_wconf 77' lang='lat' dir='ltr'><strong>scripsit</strong></span> <span class='ocrx_word' id='word_1_577' title='bbox 1130 4641 1180 4677; x_wconf 81' lang='lat' dir='ltr'><strong>uca</strong></span> <span class='ocrx_word' id='word_1_578' title='bbox 1198 4624 1306 4678; x_wconf 79' lang='lat' dir='ltr'><strong>attendit</strong></span> <span class='ocrx_word' id='word_1_579' title='bbox 1322 4623 1359 4677; x_wconf 86' lang='lat' dir='ltr'><strong>nd</strong></span> <span class='ocrx_word' id='word_1_580' title='bbox 1375 4624 1492 4676; x_wconf 78' lang='lat' dir='ltr'><strong>lineolam</strong></span> <span class='ocrx_word' id='word_1_581' title='bbox 1510 4640 1592 4706; x_wconf 76' lang='lat' dir='ltr'><strong>snpra</strong></span> <span class='ocrx_word' id='word_1_582' title='bbox 1607 4623 1621 4674; x_wconf 93' lang='lat' dir='ltr'><strong>t</strong></span> <span class='ocrx_word' id='word_1_583' title='bbox 1636 4624 1641 4688; x_wconf 83' lang='lat' dir='ltr'><strong>l</strong></span> <span class='ocrx_word' id='word_1_584' title='bbox 1659 4621 1712 4678; x_wconf 93' lang='lat' dir='ltr'><strong>de-</strong></span> 
     </span>
     <span class='ocr_line' id='line_1_50' title="bbox 261 4691 1712 4766; baseline 0.001 -20"><span class='ocrx_word' id='word_1_585' title='bbox 261 4697 310 4746; x_wconf 87' lang='lat' dir='ltr'><strong>aut</strong></span> <span class='ocrx_word' id='word_1_586' title='bbox 332 4692 430 4762; x_wconf 87' lang='lat' dir='ltr'><strong>puberi</strong></span> <span class='ocrx_word' id='word_1_587' title='bbox 454 4693 591 4748; x_wconf 74' lang='lat' dir='ltr'><strong>wirino</strong></span> <span class='ocrx_word' id='word_1_588' title='bbox 612 4701 635 4747; x_wconf 81' lang='lat' dir='ltr'><strong>et</strong></span> <span class='ocrx_word' id='word_1_589' title='bbox 661 4696 754 4764; x_wconf 79' lang='lat' dir='ltr'><strong>reliqui</strong></span> <span class='ocrx_word' id='word_1_590' title='bbox 778 4695 839 4748; x_wconf 83' lang='lat' dir='ltr'><strong>libri</strong></span> <span class='ocrx_word' id='word_1_591' title='bbox 865 4701 955 4748; x_wconf 65' lang='lat' dir='ltr'><strong>couno</strong></span> <span class='ocrx_word' id='word_1_592' title='bbox 1007 4691 1712 4766; x_wconf 74' lang='lat' dir='ltr'><strong>minutiolFDE(iamur-p.eldenuntiatro:Plisisil,</strong></span> 
     </span>
     <span class='ocr_line' id='line_1_51' title="bbox 262 4761 1715 4835; baseline 0.005 -20"><span class='ocrx_word' id='word_1_593' title='bbox 262 4763 309 4815; x_wconf 71' lang='lat' dir='ltr'><strong>Fr*</strong></span> <span class='ocrx_word' id='word_1_594' title='bbox 328 4770 353 4816; x_wconf 80' lang='lat' dir='ltr'><strong>er</strong></span> <span class='ocrx_word' id='word_1_595' title='bbox 370 4763 485 4820; x_wconf 77' lang='lat' dir='ltr'><strong>Graecos</strong></span> <span class='ocrx_word' id='word_1_596' title='bbox 537 4765 572 4820; x_wconf 85' lang='grc'><strong>33</strong></span> <span class='ocrx_word' id='word_1_597' title='bbox 591 4767 749 4819; x_wconf 70' lang='lat' dir='ltr'><strong>curatores*</strong></span> <span class='ocrx_word' id='word_1_598' title='bbox 766 4765 906 4835; x_wconf 87' lang='lat' dir='ltr'><strong>scripserit</strong></span> <span class='ocrx_word' id='word_1_599' title='bbox 917 4764 955 4816; x_wconf 78' lang='lat' dir='ltr'><strong>F’</strong></span> <span class='ocrx_word' id='word_1_600' title='bbox 1007 4765 1183 4820; x_wconf 91' lang='lat' dir='ltr'><strong>denunciatio</strong></span> <span class='ocrx_word' id='word_1_601' title='bbox 1194 4763 1248 4819; x_wconf 88' lang='lat' dir='ltr'><strong>Wl</strong></span> <span class='ocrx_word' id='word_1_602' title='bbox 1257 4768 1294 4830; x_wconf 82' lang='lat' dir='ltr'><strong>(in</strong></span> <span class='ocrx_word' id='word_1_603' title='bbox 1309 4764 1492 4834; x_wconf 67' lang='lat' dir='ltr'><strong>usuerlisis]</strong></span> <span class='ocrx_word' id='word_1_604' title='bbox 1505 4761 1715 4831; x_wconf 70' lang='lat' dir='ltr'><strong>destructore</strong></span> 
     </span>
     <span class='ocr_line' id='line_1_52' title="bbox 261 4831 1713 4910; baseline 0.003 -22"><span class='ocrx_word' id='word_1_605' title='bbox 261 4833 297 4888; x_wconf 83' lang='lat'><strong>34</strong></span> <span class='ocrx_word' id='word_1_606' title='bbox 316 4831 374 4889; x_wconf 88' lang='lat' dir='ltr'><strong>dati</strong></span> <span class='ocrx_word' id='word_1_607' title='bbox 398 4849 452 4910; x_wconf 89' lang='lat' dir='ltr'><strong>nou</strong></span> <span class='ocrx_word' id='word_1_608' title='bbox 475 4834 534 4890; x_wconf 89' lang='lat' dir='ltr'><strong>iure</strong></span> <span class='ocrx_word' id='word_1_609' title='bbox 556 4836 655 4890; x_wconf 87' lang='lat' dir='ltr'><strong>tutoris</strong></span> <span class='ocrx_word' id='word_1_610' title='bbox 678 4851 695 4889; x_wconf 90' lang='lat' dir='ltr'><strong>a</strong></span> <span class='ocrx_word' id='word_1_611' title='bbox 716 4835 804 4906; x_wconf 90' lang='lat' dir='ltr'><strong>patre]</strong></span> <span class='ocrx_word' id='word_1_612' title='bbox 829 4837 873 4901; x_wconf 55' lang='grc' dir='ltr'><strong>Εἰ,</strong></span> <span class='ocrx_word' id='word_1_613' title='bbox 896 4835 955 4890; x_wconf 88' lang='lat' dir='ltr'><strong>dati</strong></span> <span class='ocrx_word' id='word_1_614' title='bbox 1007 4836 1043 4890; x_wconf 81' lang='lat'><strong>35</strong></span> <span class='ocrx_word' id='word_1_615' title='bbox 1061 4836 1195 4906; x_wconf 87' lang='lat' dir='ltr'><strong>ignorata]</strong></span> <span class='ocrx_word' id='word_1_616' title='bbox 1214 4837 1272 4901; x_wconf 77' lang='grc' dir='ltr'><strong>ΕΟ,</strong></span> <span class='ocrx_word' id='word_1_617' title='bbox 1290 4835 1436 4904; x_wconf 81' lang='lat' dir='ltr'><strong>ignorante</strong></span> <span class='ocrx_word' id='word_1_618' title='bbox 1450 4836 1483 4898; x_wconf 86' lang='lat' dir='ltr'><strong>F,</strong></span> <span class='ocrx_word' id='word_1_619' title='bbox 1501 4835 1650 4904; x_wconf 85' lang='lat' dir='ltr'><strong>ignorante</strong></span> <span class='ocrx_word' id='word_1_620' title='bbox 1671 4837 1713 4904; x_wconf 88' lang='lat' dir='ltr'><strong>D,</strong></span> 
     </span>
    </p>
   </div>
   <div class='ocr_carea' id='block_1_6' title="bbox 261 4906 1517 5012">
    <p class='ocr_par' dir='ltr' id='par_1_20' title="bbox 261 4906 1517 5012">
     <span class='ocr_line' id='line_1_53' title="bbox 261 4906 1517 5012; baseline -0.021 -26"><span class='ocrx_word' id='word_1_621' title='bbox 261 4923 317 4994; x_wconf 79' lang='lat' dir='ltr'><strong>iion</strong></span> <span class='ocrx_word' id='word_1_622' title='bbox 334 4937 393 4996; x_wconf 63' lang='lat' dir='ltr'><strong>iuro</strong></span> <span class='ocrx_word' id='word_1_623' title='bbox 410 4909 510 4995; x_wconf 54' lang='lat' dir='ltr'><strong>{pippis</strong></span> <span class='ocrx_word' id='word_1_624' title='bbox 528 4925 551 4995; x_wconf 53' lang='grc' dir='ltr'><strong><em>Ἦ</em></strong></span> <span class='ocrx_word' id='word_1_625' title='bbox 568 4947 659 5012; x_wconf 54' lang='lat' dir='ltr'><strong>pam,</strong></span> <span class='ocrx_word' id='word_1_626' title='bbox 679 4943 707 4996; x_wconf 53' lang='lat' dir='ltr'><strong>qd</strong></span> <span class='ocrx_word' id='word_1_627' title='bbox 723 4949 761 4996; x_wconf 61' lang='lat' dir='ltr'><em>m</em></span> <span class='ocrx_word' id='word_1_628' title='bbox 780 4941 838 4997; x_wconf 58' lang='lat' dir='ltr'><strong>dati</strong></span> <span class='ocrx_word' id='word_1_629' title='bbox 855 4943 954 4998; x_wconf 57' lang='lat' dir='ltr'><strong>tutoris</strong></span> <span class='ocrx_word' id='word_1_630' title='bbox 1007 4907 1165 4976; x_wconf 83' lang='lat' dir='ltr'><strong>ignoranter</strong></span> <span class='ocrx_word' id='word_1_631' title='bbox 1183 4907 1201 4960; x_wconf 82' lang='lat' dir='ltr'><strong>l</strong></span> <span class='ocrx_word' id='word_1_632' title='bbox 1215 4911 1306 4978; x_wconf 81' lang='lat' dir='ltr'><strong>(supro</strong></span> <span class='ocrx_word' id='word_1_633' title='bbox 1324 4925 1424 4964; x_wconf 83' lang='lat' dir='ltr'><strong>uersum</strong></span> <span class='ocrx_word' id='word_1_634' title='bbox 1442 4906 1477 4959; x_wconf 84' lang='lat' dir='ltr'><strong>nl.</strong></span> <span class='ocrx_word' id='word_1_635' title='bbox 1490 4910 1517 4970; x_wconf 78' lang='lat' dir='ltr'><strong>a)</strong></span> 
     </span>
    </p>
   </div>
   <div class='ocr_carea' id='block_1_7' title="bbox 0 0 1857 5364">
    <p class='ocr_par' dir='ltr' id='par_1_21' title="bbox 0 0 1857 5364">
     <span class='ocr_line' id='line_1_54' title="bbox 0 0 1857 5364; baseline 0 0"><span class='ocrx_word' id='word_1_636' title='bbox 0 0 1857 5364; x_wconf 95' lang='lat' dir='ltr'><strong> </strong></span> 
     </span>
    </p>
   </div>
  </div>
 </body>
</html>
