3668 5356
151 195 219 243 usn
241 195 450 245 nrrorrrmr
474 195 646 246 sonumna
820 171 903 254 601
1343 176 1403 245 XX
1424 179 1444 245 6
1468 183 1582 240 11-15

150 333 222 390 filiae
240 335 349 391 nomine
368 335 505 406 daremus,
524 336 677 391 remississe
695 325 790 402 uideri,
809 335 1004 406 obligationem
1022 339 1114 391 autem
1126 319 1299 406 personalem
1308 349 1514 405 perseuerasse:
1532 333 1582 390 sed

151 423 284 480 aduersus
302 439 371 494 eam,
391 441 461 495 qnae
479 425 565 494 patris
582 424 734 481 hereditate
752 425 939 496 seabstr‘nnit,
959 425 1095 481 actionem
1112 440 1167 481 non
1186 438 1246 479 esse
1265 422 1393 479 dandam.

94 513 132 572 12
203 513 281 568 toan
303 513 372 569 libro
390 515 485 584 quinto
502 529 704 585 responsorum.
742 515 842 570 Paulus
860 513 1001 584 respondit
1019 513 1208 585 Sempronium
1226 513 1406 583 antiquiorem
1425 506 1583 597 [Q
1600 520 1628 573 P

151 600 312 656 creditorem
338 603 566 673 consentientem,
590 619 651 658 cum
677 603 784 659 debitor
806 603 921 658 eandem
944 619 1002 658 rem
1027 603 1107 658 tertio
1126 602 1252 658 creditori
1270 601 1417 672 obligaret,
1441 602 1484 657 ius
1503 617 1582 658 sunm

151 691 273 760 pignoris
291 691 442 746 remissiese
460 691 556 762 uideri,
574 708 629 748 non
648 693 730 748 etiam
749 693 860 748 tertium
879 692 1014 747 inlocum
1033 691 1092 746 eius
1111 691 1285 760 successisse,
1305 694 1333 746 et
1350 691 1411 746 ideo
1430 689 1513 745 medii
1526 705 1583 746 cre·
1602 703 1615 744 e

151 779 247 834 diteris
271 779 408 836 meliorem
432 796 544 837 causam
568 782 703 837 effectum.
739 781 812 837 idem
836 779 1038 836 obseruandum
1062 781 1202 836 estetsi
1225 779 1583 849 respublicatertioloco

118 877 131 923 1
151 867 304 923 crediderit.
337 867 389 935 Qut
406 869 528 939 pignoris
545 870 603 926 inre
622 886 679 926 rem
697 872 910 941 persequuntur,
929 885 946 926 a
963 868 1149 926 uindicatione
1167 869 1206 924 rei
1225 883 1273 924 eos
1291 868 1425 924 remoueri
1442 869 1541 938 solere,
1559 867 1583 922 si

151 957 356 1027 qualiscumque
379 972 523 1027 possessor
540 959 638 1013 offerre
656 959 753 1014 netlet:
778 974 867 1029 neque
885 959 957 1015 enim
975 957 1059 1013 debet
1076 958 1170 1028 quaeri
1187 957 1223 1014 de
1240 959 1299 1013 iure
1317 957 1497 1028 possessoris,
1521 971 1584 1011 cum

150 1046 193 1101 ins
211 1045 335 1116 petitoris
353 1051 525 1101 remoueatur
543 1049 631 1103 soluto
649 1049 771 1118 pignore.
1603 1058 1616 1099 a
1722 1067 1723 1071 ¹

95 1133 133 1192 13
204 1134 417 1191 invenerimus
434 1135 503 1191 libro
522 1139 621 1191 octauo
639 1136 862 1207 disputationum.
891 1134 920 1191 si
938 1134 1077 1192 deferente
1095 1135 1228 1191 creditore
1246 1135 1348 1191 iurauit
1363 1134 1409 1190 de·
1428 1129 1584 1218 Q
1602 1142 1644 1216 Ρ]

151 1221 223 1278 bitor
241 1238 271 1279 se
289 1223 355 1279 dare
367 1239 422 1280 non
434 1229 568 1295 oportere,
586 1225 687 1296 pignus
699 1224 837 1295 liberatur,
855 1226 920 1295 quia
931 1223 1045 1295 perinde
1056 1223 1180 1293 habetur,
1199 1229 1282 1295 atque
1294 1225 1318 1280 si
1329 1224 1430 1280 iudicio
1442 1223 1584 1280 absolutus

151 1317 237 1368 esset:
255 1329 319 1366 nam
338 1318 367 1368 et
384 1313 408 1368 ei
426 1329 443 1368 a
455 1312 545 1368 iudice
557 1314 683 1382 quamuis
695 1313 880 1384 periniurium
893 1313 1035 1369 absolutus
1048 1315 1085 1369 sit
1096 1312 1212 1384 debitor,
1229 1318 1322 1369 tamen
1334 1315 1434 1384 pignus
1445 1311 1583 1368 liberatur.

96 1402 133 1458 14
204 1401 306 1456 Lsnno
323 1400 393 1456 libro
411 1402 506 1470 quinto
524 1403 705 1472 posteriorum
724 1419 741 1458 a
758 1403 887 1460 Iauoleno
905 1403 1123 1472 epitomatorum.
1158 1402 1226 1458 Cum
1245 1403 1341 1460 colono
1359 1401 1409 1458 tibi
1427 1396 1628 1488 Qut

151 1490 287 1560 conuenit,
306 1494 337 1544 ut
354 1490 464 1546 inuecta
475 1491 622 1560 importata
633 1491 741 1561 pignori
753 1495 854 1562 essent,
873 1490 961 1547 donec
974 1507 1079 1547 merces
1089 1490 1141 1546 tibi
1152 1492 1243 1547 soluta
1254 1496 1303 1547 ant
1314 1490 1485 1547 satisfactum
1497 1496 1583 1548 esset:

151 1578 250 1633 deinde
274 1577 407 1633 mercedis
431 1579 540 1634 nomine
562 1577 750 1636 fideiussorem
775 1595 792 1634 a
810 1581 905 1636 colono
924 1581 1062 1650 accepisti.
1096 1578 1266 1636 satisfactum
1285 1579 1335 1636 tibi
1353 1580 1441 1636 uideri
1458 1581 1584 1637 existimo
1604 1593 1632 1636 re

151 1672 180 1723 et
196 1667 259 1722 ideo
278 1668 353 1722 iliata
369 1668 479 1737 pignore·
496 1681 558 1724 esse
576 1667 689 1723 desisse.
1688 1735 1690 1744 Ι

96 1757 133 1818 15
204 1755 362 1812 Scaeuonr
380 1755 449 1811 libro
467 1761 546 1812 sexto
564 1756 740 1826 digestorum.
777 1756 1027 1827 Primi-creditoris,
1047 1757 1093 1828 qui
1110 1757 1218 1827 pignori
1235 1756 1347 1828 praedia
1365 1773 1409 1813 ac·
1428 1752 1630 1844 [uffa—reri

151 1851 269 1916 ceperat,
288 1851 316 1900 et
333 1845 500 1916 posterioris,
518 1846 563 1900 eui
581 1845 691 1916 quidam
709 1860 745 1900 cx
762 1845 849 1901 isdem
866 1844 959 1901 fundis
977 1845 1035 1902 dati
1054 1850 1140 1917 erant,
1158 1845 1194 1901 ad
1212 1846 1327 1902 eandem
1346 1861 1489 1917 personam
1508 1849 1583 1905 here·

151 1935 223 1990 ditas
235 1935 397 1990 denenerat:
416 1933 524 1990 debitor
535 1934 676 2005 offerebat,
688 1939 819 2004 qnantum
832 1949 850 1990 a
861 1935 1011 2006 posteriorc
1023 1935 1157 1992 creditore
1169 1941 1310 1991 mutuatus
1323 1934 1420 1992 tuerat.
1444 1939 1586 2010 respondit

151 2022 304 2092 cogendum
324 2023 448 2094 accipere
466 2023 543 2080 saluo
560 2023 620 2079 iure
636 2024 759 2094 pignoris
776 2024 875 2094 prioris
893 2027 1058 2080 contradus.
1603 2040 1632 2080 so

150 2140 176 2192 F
182 2137 314 2210 [P(VU)]

151 2317 324 2386 2qu*a⁴eF²,
337 2331 419 2385 quern
428 2317 469 2369 Ρ·
485 2317 489 2382 Ι
505 2315 698 2372 hereditatiF·
714 2319 718 2384 Ι
735 2317 841 2372 actione
894 2319 995 2372 rumP
1035 2318 1069 2374 15
1086 2316 1276 2374 satisfactum
1289 2317 1340 2374 triti
1353 2318 1391 2372 Γ*
1437 2321 1470 2374 ld
1488 2318 1583 2388 pigno·

151 2388 191 2442 P·
243 2387 373 2456 ttertiol
395 2387 456 2443 titio
475 2389 556 2442 PVU
573 2391 579 2456 1
598 2389 703 2443 iussum
728 2390 775 2454 P·,
798 2389 841 2442 ine
894 2390 931 2444 ris
955 2389 1053 2445 ΜΡ
1073 2391 1078 2458 l
1098 2389 1207 2446 dedisse
1231 2391 1270 2444 P·
1337 2391 1370 2446 11
1392 2391 1524 2460 praedia
1547 2392 1584 2444 Ρ

151 2458 194 2514 sui
213 2459 291 2513 P‘dt
344 2459 411 2513 bin
428 2459 488 2515 loco
507 2461 533 2513 P
584 2461 619 2514 10
639 2459 708 2516 libro
727 2459 785 2514 uiiii
802 2460 842 2514 P·
896 2461 929 2516 19
952 2459 1100 2516 efferrebat
1123 2461 1340 2530 1⁴'lorsditor*e⁴
1361 2463 1399 2515 5³
1452 2463 1488 2518 20
1506 2462 1584 2518 soluo

153 2531 187 2585 12
205 2528 347 2586 abiudico
364 2531 444 2586 PVU
504 2531 537 2586 13
556 2545 573 2585 a
590 2531 694 2599 oro.Pl
710 2531 841 2602 epitoma·
895 2532 967 2590 ΡΨ,
