3504 5340
711 1007 859 1084 mm
886 1009 1140 1085 SECUNDUS.

634 1359 672 1438 e
710 1359 774 1436 ou
801 1226 1148 1438 wursluououu
1188 1359 1226 1437 u
1294 1303 1310 1330 '
1674 1368 1744 1426 ns

177 1531 193 1588 1
264 1491 431 1590 Umnnus
453 1531 522 1588 ffuro
538 1532 626 1602 primo
644 1533 808 1602 regularum.
844 1533 891 1588 lus
909 1533 1025 1589 dicentis
1043 1530 1164 1589 officium
1182 1531 1342 1588 lntisumurn
1361 1535 1417 1586 est:
1441 1546 1506 1586 nem
1524 1525 1646 1616 [Q
1663 1534 1702 1588 ‘S

212 1627 241 1678 et
261 1621 394 1677 bonorum
411 1620 612 1690 possessionem
631 1619 697 1676 dere
713 1627 806 1691 potest
823 1625 851 1677 et
862 1623 896 1699 in
915 1622 1116 1694 possessionem
1135 1621 1256 1692 mittere,
1279 1619 1390 1690 pupilis
1407 1635 1463 1676 non
1479 1617 1646 1675 habentibus
1663 1627 1676 1668 ⁶

211 1715 317 1766 tutores
334 1709 507 1777 constituere,
525 1708 629 1764 iudices
646 1709 816 1778 litigantibus
834 1709 908 1766 dure.

167 1795 194 1853 ’2
265 1797 435 1852 insomnes
452 1796 520 1851 libro
538 1802 617 1852 sexto
635 1811 670 1852 ex
688 1797 792 1852 Cossio.
820 1797 872 1853 cni
889 1797 1039 1854 iurisdictio
1057 1797 1124 1852 dein
1137 1800 1188 1865 est,
1207 1809 1241 1851 en
1252 1809 1361 1866 quoque
1373 1809 1505 1850 concoesa
1536 1805 1646 1864 utut
1664 1797 1699 1852 ’ii

212 1899 274 1942 csse
290 1884 427 1953 uidentur,
445 1884 504 1938 sine
522 1882 621 1953 qusstus
639 1884 790 1940 iurisdictio
808 1885 937 1955 explicari
954 1901 1009 1940 non
1026 1885 1123 1954 potuit

176 1971 195 2030 3
265 1971 415 2028 Uestinus
427 1971 495 2027 liuto
508 1972 645 2027 secundo¹
658 1972 693 2027 dc
705 1971 795 2028 officio
807 1974 967 2042 quaestoris.
989 1973 1140 2044 Imperium
1153 1975 1202 2027 cut
1214 1985 1318 2026 morum
1331 1975 1379 2025 eut
1390 1971 1505 2026 mixtum
1524 1964 1646 2054 [off-e
1664 1973 1714 2041 ’(Ρ)

213 2064 264 2116 est.
294 2075 398 2114 merum
417 2063 460 2114 est
477 2059 619 2129 imperium
642 2059 743 2115 hebere
766 2060 850 2130 giudii
872 2065 1035 2130 potestatem
1054 2061 1090 2115 ed
1107 2057 1395 2117 mimeduertendnu·
1411 2057 1581 2114 facinorosos
1599 2057 1645 2114 ho
1660 2065 1689 2114 ,¹⁰

212 2149 312 2215 mines,
335 2147 410 2216 quod
428 2147 509 2202 etiarn
528 2153 651 2218 potestas
669 2149 829 2218 appelletur.
859 2149 974 2204 mixtum
992 2153 1035 2204 est
1052 2147 1208 2218 imperium,
1233 2147 1277 2202 cui
1295 2148 1376 2204 etum
1395 2147 1546 2202 iurisdictio
1565 2147 1645 2216 inest,

212 2235 287 2306 quod
304 2236 332 2290 in
350 2233 441 2290 dende
458 2234 591 2312 bonorum
609 2237 782 2306 possessione
800 2236 931 2292 consistit.
959 2235 1109 2291 iurisdictio
1126 2240 1170 2290 est
1187 2235 1269 2290 wem
1287 2235 1383 2290 iudicis
1400 2234 1484 2289 dnndi
1502 2235 1621 2290 licentis„

175 2323 195 2380 4
266 2324 343 2378 loen
365 2321 433 2378 libro
455 2324 542 2394 primo
561 2324 596 2379 ud
614 2325 743 2380 edictum.
780 2323 878 2400 Iubere
896 2324 988 2379 coueri
1004 2323 1141 2393 praetoris
1158 2322 1333 2392 stipulatione
1350 2328 1379 2378 et
1396 2323 1424 2378 in
1441 2337 1504 2393 pos-
1522 2317 1645 2408 Q
1675 2333 1699 2386 Ε

212 2412 362 2467 sessionem
381 2412 488 2466 mittere
505 2412 611 2481 imperii
629 2413 717 2481 magis
735 2417 779 2468 est
795 2427 878 2482 quem
896 2411 1099 2466 iurisdictionis.
1664 2427 1690 2466 u

174 2497 193 2556 5
264 2499 406 2554 Iocutus
428 2499 497 2555 lritro
520 2501 606 2570 primo
630 2499 807 2569 digestorum.
843 2499 918 2555 More
941 2499 1074 2554 maiorum
1092 2499 1131 2553 its
1148 2501 1335 2568 compunctum
1353 2503 1408 2566 est,
1432 2503 1464 2553 ut
1480 2497 1504 2553 is
1522 2493 1645 2584 Q
1663 2507 1695 2564 ’s

212 2588 321 2642 demum
339 2586 551 2642 iurisdictionem
569 2588 700 2643 mandere
717 2589 812 2658 possit,
831 2587 877 2657 qui
895 2601 956 2642 eum
975 2601 1025 2642 suo
1043 2587 1110 2655 iure,
1128 2599 1184 2640 non
1201 2585 1290 2640 alieno
1307 2583 1441 2640 beneficio
1458 2585 1555 2642 hebet:

175 2673 193 2732 6
263 2676 383 2730 Peneus
400 2674 469 2730 libro
487 2675 608 2730 secundo
627 2676 663 2730 ed
680 2675 809 2732 edictum.
836 2681 865 2730 et
882 2675 948 2746 quin
964 2689 1016 2730 nec
1033 2673 1216 2744 principaliter
1233 2673 1259 2728 ei
1276 2673 1427 2728 iurisdictio
1438 2673 1504 2728 dete
1522 2669 1644 2758 [Q
1674 2683 1698 2739 Β

211 2769 323 2819 estnec
341 2763 402 2834 ipso
418 2763 463 2817 lex
480 2761 577 2832 desert,
595 2762 645 2818 sed
660 2761 802 2818 confirmet
812 2763 969 2818 mandatnm
981 2761 1202 2818 iurisdictionem.
1229 2761 1345 2831 ideoque
1358 2762 1425 2832 siis,
1444 2763 1490 2831 qui
1501 2763 1644 2818 mendsnit

210 2851 438 2920 iurisdictionem,
461 2850 621 2921 decesserit,
640 2855 787 2921 antequem
805 2865 849 2906 res
867 2850 903 2906 ob
920 2865 967 2920 eo,
986 2851 1031 2906 cui
1048 2850 1177 2906 mandute
1194 2855 1238 2904 est
1254 2849 1418 2918 iurisdictio,
1437 2849 1496 2920 geri
1514 2851 1644 2920 coeperit,

211 2941 282 2996 solui
299 2939 457 2994 mundatum
475 2937 569 2994 Labeo
587 2939 633 3008 nit,
652 2940 724 2994 sicut
741 2940 769 2994 in
786 2939 897 3008 reliquis
915 2939 1014 2994 musis.
1663 2954 1691 2994 so

175 3025 193 3082 7
266 3027 415 3083 Uonrnrroe
436 3025 505 3081 isnro
527 3027 609 3082 tertio
632 3026 668 3080 cd
691 3027 820 3082 edietum.
856 3025 886 3080 Si
909 3027 971 3096 quis
988 3025 1029 3095 id,
1054 3024 1127 3095 quod
1145 3023 1338 3079 iurisdictionis
1355 3030 1504 3094 perpetuae
1521 3019 1644 3110 Q
1675 3035 1701 3090 Ε

211 3129 308 3184 muse,
331 3129 386 3170 non
404 3114 477 3184 qood
494 3119 576 3184 prout
594 3129 638 3168 res
655 3114 761 3184 incidit,
785 3115 814 3168 in
832 3113 894 3169 elbo
912 3114 957 3168 uel
974 3115 1002 3168 in
1020 3113 1115 3168 chenu
1132 3113 1176 3167 uei
1193 3113 1222 3167 in
1240 3113 1293 3167 eliu
1310 3113 1425 3167 mcwrin
1444 3111 1454 3183 n
1472 3115 1643 3184 propositum
1662 3121 1723 3172 tti'

210 3202 270 3271 erit,
289 3202 351 3258 doio
370 3203 442 3257 uncio
459 3202 622 3272 corruperit:
641 3201 722 3257 detur
739 3203 767 3257 in
785 3217 848 3257 eunn
866 3202 1076 3271 quingentorum
1096 3215 1239 3255 aureorum
1256 3199 1400 3269 iudicium,
1419 3201 1493 3268 quod
1510 3203 1644 3271 populere

180 3297 191 3341 1
211 3295 261 3344 est.
289 3288 367 3346 Serui
384 3305 494 3360 quoque
511 3295 540 3344 et
556 3287 605 3345 filii
621 3288 738 3346 inmilins
756 3289 848 3346 uerbis
866 3289 948 3344 edicti
963 3290 1148 3345 continentur:
1166 3288 1216 3343 sed
1227 3293 1256 3344 et
1267 3293 1418 3358 utumque-
1425 3302 1521 3344 sexum
1532 3295 1645 3358 praetor

179 3385 193 3429 t
211 3378 370 3447 complexus
387 3382 438 3432 est
466 3377 545 3443 Quod
564 3378 587 3432 si
605 3377 670 3432 dum
688 3379 847 3448 proponitur
864 3377 909 3432 uel
927 3381 991 3432 ente
1008 3377 1220 3446 propositionem
1238 3377 1300 3446 quis
1313 3376 1471 3446 corruperit,
1488 3375 1573 3432 edicti
1590 3373 1643 3460 [Ε
1662 3391 1689 3434 re

211 3465 321 3534 quidem
339 3464 425 3520 uerbo
442 3463 597 3534 cessabunt,
615 3465 780 3536 Pomponius
798 3469 889 3520 sutem
908 3465 947 3520 eit
964 3465 1127 3519 sententium
1146 3464 1228 3518 edicti
1239 3463 1429 3533 porrigendam
1442 3479 1505 3520 csse
1517 3465 1552 3520 sd
1565 3464 1642 3522 hoec.

179 3560 193 3604 t
211 3553 243 3607 ln
260 3567 355 3608 seruos
372 3557 472 3622 nutem,
490 3553 514 3608 si
531 3568 587 3608 non
604 3549 787 3608 defenduntur
804 3567 822 3606 n
838 3552 964 3621 dominis,
983 3557 1011 3606 et
1028 3567 1076 3608 eos
1095 3552 1141 3622 qui
1158 3552 1250 3621 inopis
1262 3551 1388 3608 laborent
1403 3567 1503 3622 corpus
1521 3549 1644 3637 [uffo]

178 3649 194 3692 4
211 3639 392 3709 torquendum
411 3645 461 3696 est
497 3640 560 3696 Doli
578 3641 642 3696 mnti
659 3645 751 3696 eutem
769 3639 832 3695 ideo
849 3640 878 3695 in
895 3639 986 3696 uerbis
1004 3639 1087 3696 edicti
1103 3638 1136 3694 fit
1152 3639 1262 3709 mento,
1280 3640 1355 3709 quod
1373 3640 1396 3695 si
1413 3656 1463 3710 per
1479 3641 1643 3712 imperitiam

178 3735 193 3780 t
211 3729 255 3783 uel
273 3729 453 3784 rusticitatem
472 3729 515 3784 uei
534 3727 569 3784 eb
587 3729 647 3798 ipso
664 3733 790 3798 praetore
808 3728 900 3783 iussus
917 3728 962 3783 uei
979 3743 1046 3783 ceso
1064 3729 1161 3798 uliquis
1172 3726 1276 3796 iecerit,
1294 3743 1348 3784 non
1360 3733 1477 3784 wnetun
1503 3729 1565 3784 Hoc
1577 3745 1643 3785 uero

211 3816 301 3870 edicto
320 3821 428 3871 tenetur
444 3821 474 3871 et
491 3816 538 3886 qui
555 3816 633 3885 teuit,
652 3817 777 3886 quemuis
795 3829 850 3870 non
868 3816 1030 3886 corruperit:
1051 3816 1117 3870 item
1135 3821 1164 3870 et
1182 3817 1228 3886 qui
1247 3817 1304 3871 suis
1321 3815 1448 3872 menibus
1464 3815 1532 3871 iecit
1549 3823 1579 3872 et
1596 3817 1644 3887 qui
1661 3829 1689 3871 eo

210 3904 256 3958 ciii
274 3903 393 3959 mundet.
421 3905 471 3959 sed
488 3905 512 3960 si
530 3904 599 3958 elius
617 3903 676 3959 sine
694 3893 758 3960 dolo
769 3903 841 3958 meio
853 3901 926 3973 iecit,
945 3904 1014 3959 elius
1028 3903 1091 3959 dolo
1103 3904 1175 3959 melo
1187 3903 1336 3972 mandauit,
1355 3904 1401 3974 qui
1413 3903 1556 3960 mendmit
1567 3910 1643 3960 tene

208 3991 334 4062 ΜΠ)

211 4118 219 4149 1
239 4115 369 4183 unguen·
387 4114 553 4183 (orcamp
569 4115 641 4190 esu,
654 4115 725 4180 ruz
796 4115 853 4168 ‘n
872 4123 919 4170 re.
937 4117 1019 4183 (eeu.)

208 4236 367 4291 4decentis
378 4237 426 4289 F⁶‘
462 4235 598 4292 icussius
615 4235 662 4288 F„
698 4235 902 4306 BepricereP
954 4239 987 4293 16
1017 4237 1136 4306 demum]
1165 4237 1275 4292 demum
1301 4237 1348 4306 qui
1374 4237 1415 4291 P·
1439 4239 1443 4304 Ι
1467 4234 1597 4292 hebe're't
1621 4237 1646 4290 F

210 4306 312 4362 {ilibro
331 4306 425 4376 'primo
442 4306 608 4361 sdedictum
619 4305 706 4362 iuberi
718 4307 809 4362 ceuen'
820 4321 898 4377 pree·
952 4309 987 4364 18
999 4307 1157 4363 mandatum
1167 4309 1208 4362 Ρ’Ι
1254 4309 1287 4362 19
1305 4307 1477 4432 ουὲᾳιιὶμ
1518 4308 1641 4360 ioman·

209 4377 279 4431 toria
290 4377 464 4447 stipulatione
476 4381 505 4432 et
516 4377 544 4431 in
556 4376 765 4446 possessionem'
776 4376 898 4432 secundo
951 4377 1071 4433 dnndunn
1094 4377 1154 4432 1³⁶?
1216 4379 1250 4432 21
1269 4377 1335 4432 iuris
1356 4375 1541 4441 'ction'e'isil
1564 4376 1641 4431 iuris·

210 4466 239 4501 cx
256 4469 281 4501 u.
294 4449 335 4501 13.
348 4449 384 4502 14
400 4448 446 4515 Fi
465 4448 529 4517 imp.
543 4451 635 4501 nutem
653 4447 692 4500 P·
708 4449 712 4515 Ι
728 4463 832 4502 merum
850 4453 899 4502 eut
951 4449 1083 4504 dictiones
1101 4449 1141 4500 P·¹
1185 4449 1220 4502 22
1239 4463 1338 4502 euusee
1352 4447 1392 4501 P⁰
1408 4448 1413 4516 Ι
1428 4447 1511 4517 quod]
1530 4447 1640 4516 quidem

209 4517 324 4571 mixtum
342 4523 500 4572 estmerum
512 4517 564 4587 est]
578 4517 664 4582 PVU,
682 4519 897 4583 merumestF¹,
951 4519 1034 4573 PVU
1050 4519 1054 4585 Ι
1071 4515 1371 4588 'propo'npmpo⁴sit11m
1387 4519 1413 4572 F
1462 4518 1497 4572 23
1516 4517 1589 4586 eum]
1607 4531 1640 4570 eo

208 4602 313 4641 menum
336 4592 379 4642 est
400 4593 448 4642 nut
469 4588 583 4642 mixtum
606 4591 649 4642 est
672 4603 775 4643 merum
800 4591 843 4642 est
861 4589 898 4640 F’
951 4589 992 4641 1²⁶
1007 4589 1012 4656 1
1027 4589 1182 4656 quintorum
1194 4589 1234 4642 P·
1278 4587 1469 4642 MseruusP·
1515 4586 1641 4656 ioquin*

210 4659 244 4711 10
262 4657 298 4711 cd
317 4677 364 4710 orn.
377 4659 416 4711 P⁶
471 4661 503 4712 11
528 4657 581 4726 cui]
604 4658 651 4727 qui
674 4659 721 4711 F·‘
781 4659 815 4712 12
834 4673 897 4714 con·
951 4659 989 4711 F’
1004 4659 1009 4724 Ι
1025 4658 1222 4727 corruperitF¹
1276 4659 1311 4712 26
1329 4657 1406 4726 haec]
1420 4656 1507 4712 hecF
1547 4657 1582 4711 21
1595 4656 1641 4710 de·

209 4727 297 4781 sistit
314 4729 354 4780 F²
374 4729 379 4795 i
400 4727 620 4794 iurisdictionem
644 4727 764 4783 mnndcr'
782 4733 825 4782 est
844 4729 870 4781 F
891 4729 896 4791 Ι
950 4726 1096 4782 tenduntur
1113 4727 1168 4781 PU
1216 4729 1251 4783 28
1269 4733 1361 4784 cutem
1379 4727 1443 4782 meli
1457 4729 1501 4794 ΡΙ
1516 4724 1622 4782 fu'itF

208 4797 375 4866 ligentieF⁰‘
421 4799 455 4853 13
469 4797 550 4866 idem]
563 4797 720 4866 uipPVUi
736 4795 897 4862 couer‘e'iF,
950 4797 1032 4866 quod]
1063 4797 1110 4867 qui
1142 4797 1182 4852 P·
1253 4799 1288 4852 29
1318 4813 1373 4854 non
1403 4801 1530 4854 eneam
1563 4797 1590 4850 P

208 4867 400 4935 couerePVii,
415 4869 522 4924 totino
538 4869 565 4924 Β
619 4868 652 4925 1ῠ
671 4867 902 4925 more'm'rnui.F
950 4868 985 4923 30
1002 4867 1113 4940 corripit
1130 4869 1170 4924 P·
1186 4869 1190 4936 Ι
1206 4867 1271 4923 item
1289 4873 1335 4924 *et
1351 4868 1390 4925 F³
