3608 5302
791 146 909 214 XXVII

126 320 247 390 eminet,
267 321 320 376 sed
338 321 459 377 eminent
475 322 578 392 passim
596 323 703 378 litterae
721 323 856 392 quaedam
875 324 903 380 in
921 325 1015 395 primis
1032 324 1233 396 postremisque
1251 325 1412 396 pagiuamm
1431 323 1566 382 uersibus.

126 427 325 498 inscriptiones
343 428 479 485 interdum
497 430 649 486 interstitiis
667 435 837 500 separantur.
869 432 898 486 iu
915 430 970 487 linc
987 432 1079 501 legum
1098 437 1165 488 nota
1182 447 1244 488 raro
1262 432 1354 488 adest:
1378 432 1402 487 si
1420 432 1507 503 adest,
1526 437 1568 488 est

127 539 263 605 punctum
283 534 397 591 nudum.

184 641 244 698 VII
261 656 368 698 mus
385 643 494 713 scripsit
510 643 769 698 l.xxx'-xxx11
790 644 826 714 [q.
838 645 974 714 47-51].
1003 645 1032 700 iu
1049 645 1144 716 primis
1161 645 1323 716 paginarum
1342 643 1468 701 uersibus
1485 645 1567 700 inter·

130 748 200 804 dnm
219 750 357 804 elementa
374 751 455 805 etiam
474 750 566 805 media
582 755 757 820 postremauc
775 751 904 807 eminent.
931 751 959 806 in
977 749 1032 808 fine
1049 752 1119 822 legis
1137 765 1147 807 a
1166 747 1335 823 plerumque,
1354 765 1468 822 strare,
1486 752 1568 806 inter-

131 855 200 912 dum
218 859 286 912 nota
303 857 385 912 nulla

187 963 261 1020 VIII
285 977 390 1019 manus
413 962 522 1032 scripsit
543 963 562 1019 l.
579 963 682 1020 XXXV
703 963 743 1033 [q.
756 964 800 1020 57.
818 964 853 1019 58
872 969 900 1020 et
917 964 952 1020 59
970 966 1107 1036 partem],
1129 965 1195 1021 item
1217 965 1236 1020 Ι.
1253 965 1420 1021 ΙΙΙΙΙΙΙΙΙΙΠ.
1439 965 1569 1022 XXXXV

133 1072 171 1141 [q.
184 1070 322 1139 81-84].
353 1070 382 1124 in
399 1067 453 1124 linc
471 1069 539 1139 legis
558 1067 620 1139 ,2,
639 1086 700 1125 raro
718 1073 859 1141 punctum,
878 1071 1015 1126 Interdum
1034 1077 1100 1127 neta
1117 1071 1199 1128 nulla.

187 1176 278 1234 VIIII
295 1191 400 1232 manns
418 1177 528 1247 scripsit
546 1178 563 1232 l.
576 1177 718 1232 XXXVII.
732 1176 879 1232 XXXVIII
899 1177 934 1247 [q.
947 1179 1077 1248 62-66]
1096 1183 1124 1234 et
1141 1177 1364 1234 XXXXVII—L
1384 1179 1419 1248 [q.
1432 1179 1568 1249 88-981.

132 1285 272 1354 scriptura
289 1283 366 1338 rudis
384 1289 412 1338 et
430 1299 524 1338 crassa
542 1288 571 1338 et
588 1282 719 1339 informis.
746 1284 775 1338 in
792 1284 886 1353 primis
903 1285 1065 1354 paginarum
1077 1283 1203 1340 uersibus
1214 1285 1322 1342 litterae
1335 1287 1436 1356 passim
1449 1286 1570 1341 eminent

132 1406 187 1446 nec
205 1395 298 1445 umen
317 1405 425 1461 semper
448 1391 538 1460 prima
555 1405 689 1461 quaeque.
726 1391 755 1445 in
778 1388 832 1446 fine
855 1391 924 1460 legis
949 1391 1068 1447 cernitur
1086 1404 1096 1447 e
1115 1397 1189 1448 nota.
1225 1391 1296 1448 hanc
1324 1393 1452 1464 proponit
1475 1391 1570 1448 tabula

132 1503 231 1553 nostra
249 1503 356 1566 quarta.

188 1604 219 1659 X
239 1617 345 1659 manns
367 1603 477 1674 scripsit
498 1605 516 1659 l.
530 1603 686 1660 XXXVIIII
710 1604 909 1673 [qul-691.
942 1604 970 1658 in
992 1601 1046 1659 fine
1070 1604 1255 1676 iuscrtptionis
1277 1605 1413 1662 Interdum
1437 1609 1569 1677 punctum

133 1712 302 1782 spatiumne.
330 1711 359 1765 in
376 1709 430 1766 fine
448 1711 540 1780 legum
559 1715 608 1765 sut
625 1714 757 1780 punctum
776 1711 880 1766 nudum
899 1715 948 1767 aut
965 1717 1031 1766 noto
1047 1711 1130 1767 nulla.

189 1818 235 1873 XI
252 1831 357 1873 manus
374 1817 484 1887 scripsit
500 1816 618 1872 indicem
636 1817 785 1872 titulorum.
812 1817 920 1873 litterae
938 1818 1041 1888 passim
1059 1818 1180 1874 eminent
1197 1823 1254 1874 tam
1270 1815 1408 1875 extremae
1421 1835 1502 1890 qnam
1516 1833 1571 1874 me·

133 1927 200 1982 diae
217 1940 358 1980 uersuum.

190 2033 253 2089 ΧΠ
269 2045 375 2087 manns
398 2031 507 2101 scripsit
525 2031 734 2086 constitutiones
752 2034 809 2086 tres
827 2031 887 2086 Deo
906 2036 1018 2087 auctore
1036 2036 1065 2087 et
1082 2031 1196 2088 Omnem
1215 2036 1243 2088 et
1260 2033 1359 2088 Tanta.
1391 2031 1460 2088 baec
1478 2048 1495 2087 a
1512 2032 1572 2088 reli·

133 2141 199 2211 quis
222 2137 351 2195 omnibns
373 2139 454 2208 longe
477 2137 607 2192 recedit1.
641 2138 777 2208 scriptura
795 2138 969 2193 continuatur
985 2154 1035 2208 per
1052 2144 1140 2194 toturn
1159 2137 1252 2194 solium
1271 2155 1326 2196 non
1344 2139 1461 2196 diuisum
1479 2139 1507 2195 in
1525 2155 1573 2210 pa·

134 2249 226 2318 ginas.
255 2245 363 2302 litterae
381 2245 505 2300 rudiores
523 2259 618 2300 omnes
637 2251 715 2299 sunt:
733 2245 761 2299 ln
779 2243 821 2300 his
839 2265 852 2301 a
870 2245 922 2300 bac
940 2243 1028 2302 forma
1045 2247 1072 2305 Γ
1089 2251 1223 2316 perpetuo
1241 2245 1304 2313 (nisi
1317 2246 1392 2322 quod
1403 2247 1431 2301 in
1444 2261 1573 2302 uersuum

133 2354 280 2426 prIncipiis
297 2351 434 2408 interdum
453 2351 534 2406 adest
554 2353 602 2420 S),
625 2351 690 2406 item
710 2353 728 2406 d
744 2351 836 2406 littera
854 2353 871 2413 d
891 2357 1038 2423 perpetuo,
1057 2351 1157 2422 quibus
1174 2351 1269 2408 formis
1286 2353 1383 2423 reliqui
1400 2352 1502 2409 librarii
1519 2368 1574 2410 non

135 2467 254 2517 utuntur
271 2460 323 2515 nisi
343 2458 390 2514 ubi
408 2473 505 2514 uersus
523 2457 597 2513 finit:
616 2478 631 2512 r
648 2462 691 2514 est
709 2459 869 2529 plerumque
888 2461 928 2527 Ρ,
952 2474 1013 2515 raro
1032 2459 1072 2529 R,
1096 2479 1121 2512 m
1139 2475 1247 2530 sempor
1268 2465 1312 2516 tlt.
1344 2461 1452 2516 litterae
1470 2461 1573 2531 passim

136 2568 262 2624 eminent
279 2570 336 2621 tam
354 2566 382 2620 in
400 2567 494 2636 prisnis
512 2565 712 2635 postremisque
730 2566 891 2636 paginarum
910 2565 1036 2622 uersibus
1055 2581 1136 2635 quarn
1155 2567 1184 2622 ln
1201 2571 1323 2622 extremo
1341 2581 1469 2623 uersuum
1489 2567 1574 2623 exitu.

135 2675 266 2731 librarius
284 2673 407 2743 plurimis
424 2673 492 2728 locis
511 2672 620 2746 errauit.

192 2781 273 2836 Unde
291 2780 458 2849 intellegitur
470 2794 532 2834 eum
552 2778 598 2849 qui
616 2778 668 2834 boc
683 2779 811 2835 uolumen
824 2778 906 2834 scribi
918 2779 999 2834 iussit
1010 2771 1130 2834 laborem
1144 2779 1294 2835 secundum
1307 2778 1390 2835 libros
1402 2779 1442 2835 sic
1460 2777 1517 2835 iere
1535 2779 1574 2835 di-

134 2887 297 2946 sltibuisse:
323 2887 404 2942 1-4.
420 2887 499 2941 5-7.
512 2887 609 2940 8-11.
624 2887 741 2958 127-15.
756 2887 870 2941 16-18.
884 2887 926 2942 19.
939 2887 1054 2942 20-22.
1067 2886 1181 2942 23-25.
1195 2888 1320 2943 26-27.
1333 2888 1447 2942 28-29.
1461 2888 1575 2943 30-32.

134 2995 267 3052 33-34
279 2995 405 3049 35-36.
418 2993 535 3048 37-38.
549 2993 592 3047 39.
606 2993 732 3047 40-43.
744 2993 870 3048 44-45.
883 2993 927 3048 46.
940 2993 1064 3062 47-50,
1088 2999 1120 3048 ut
1142 2993 1182 3048 sic
1199 2994 1381 3066 particulatIm
1399 2999 1487 3050 tetum
1506 3009 1575 3065 opus

134 3120 155 3158 a
171 3101 273 3164 *decem
291 3100 406 3156 librariis
424 3098 637 3168 describeretur,
657 3099 790 3168 quasdam
808 3104 902 3154 tamen
919 3099 1067 3170 particulas
1086 3099 1154 3154 alios
1173 3101 1295 3169 coepisse
1314 3101 1382 3156 alios
1400 3101 1575 3156 contiuuasse

134 3211 185 3266 nel
203 3206 359 3280 perfecisse.
386 3207 534 3277 primordia
552 3206 720 3276 digestorum
740 3207 863 3262 similiter
880 3207 1023 3261 interires
1041 3207 1187 3277 scriptores
1206 3205 1352 3262 distrIbnta
1370 3211 1442 3278 sunt,
1461 3222 1575 3277 quorum

135 3333 213 3372 nnus
233 3319 339 3370 mnium
358 3315 440 3369 ctiam
459 3314 487 3369 in
505 3314 573 3384 ipsis
592 3313 707 3384 digestis
725 3312 876 3368 scribendis
894 3312 1054 3369 elaborauit.

196 3421 383 3492 Compagibus
401 3425 510 3476 constat
527 3420 596 3476 liber
612 3436 726 3480 numero
745 3424 854 3476 centnm
873 3424 902 3474 et
918 3436 982 3489 una,
1002 3420 1106 3476 scilicet
1122 3417 1211 3474 tribus
1228 3434 1284 3475 non
1302 3420 1459 3490 numeratis,
1477 3420 1577 3491 quibus
1595 3429 1718 3492 Compages

136 3531 320 3588 continentur
343 3527 527 3598 praefationes
550 3543 613 3583 cum
636 3527 765 3597 adnexis,
793 3532 822 3582 et
850 3526 1000 3596 nonafflnta
1027 3530 1090 3582 octo
1120 3527 1269 3582 numeratis
1297 3542 1410 3583 numero
1438 3527 1577 3598 adscripto

136 3637 195 3694 sub
215 3638 303 3707 prima
320 3635 451 3705 cuiusque
470 3635 611 3704 compagis
631 3635 741 3704 pagina.
772 3648 807 3688 ex
829 3631 871 3688 his
898 3634 1042 3703 quiuioncs
1065 3639 1130 3689 sunt
1153 3633 1257 3702 LXVI,
1282 3649 1428 3704 compages
1452 3632 1576 3690 loliorum

138 3759 313 3801 nouenorum
324 3743 371 3812 111,
381 3747 540 3798 octonorum
549 3741 665 3810 XVIIII,
676 3746 852 3811 septenorum
862 3739 909 3809 ΙΙΙ,
920 3755 1046 3795 senorum
1056 3741 1104 3810 ΙΙΙ,
1117 3740 1260 3806 quinorum
1272 3740 1305 3810 ll,
1315 3746 1506 3810 quaternorum
1516 3741 1576 3812 llll,

138 3853 227 3907 trium
250 3851 271 3906 I.
299 3864 447 3919 compages
469 3849 628 3904 imminutae
651 3862 713 3902 cum
736 3846 881 3902 uideantur
904 3847 1076 3916 aliquatenus
1099 3847 1234 3917 perticere
1261 3846 1296 3902 ad
1324 3846 1493 3903 librariorum
1518 3864 1577 3904 mu·

138 3959 279 4026 tationes,
312 3957 471 4011 laterculum
500 3954 617 4024 subieoI,
648 3969 683 4008 ex
710 3969 764 4023 quo
792 3969 863 4024 quae
890 3968 1037 4024 compages
1064 3957 1133 4024 quot
1157 3951 1223 4009 folia
1248 3952 1380 4025 babeant,
1406 3955 1576 4025 perspicitur.

138 4064 265 4123 indicaui
288 4063 353 4118 item
376 4063 404 4117 in
428 4061 608 4133 compagibus
631 4059 756 4116 loliorum
776 4061 893 4144 mariue
914 4062 1020 4116 numeri
1037 4061 1182 4132 imparilis,
1207 4077 1278 4131 quae
1296 4059 1362 4116 folia
1384 4061 1506 4117 solitaria
1524 4063 1579 4117 siut

139 4187 243 4230 coaeum
262 4169 410 4226 uideantur
426 4169 536 4238 gemino
554 4173 669 4237 resecto,
688 4167 752 4222 item
773 4167 795 4222 si
817 4183 872 4236 qua
890 4168 980 4238 spatia
998 4183 1086 4223 uacua
1104 4173 1293 4223 remanserunt
1310 4167 1348 4224 ibi
1366 4166 1412 4223 nbi
1430 4183 1578 4237 compages

138 4279 252 4337 finiunt.
287 4277 394 4332 numeri
416 4281 508 4331 antem
531 4276 558 4330 in
582 4275 670 4345 primo
693 4273 789 4329 ordine
812 4275 851 4329 ita
875 4272 1050 4345 exhibentur,
1076 4280 1107 4330 ut
1131 4275 1226 4345 scripti
1248 4279 1313 4330 sunt
1339 4275 1367 4330 in
1391 4275 1451 4344 ipsc
1474 4275 1577 4330 codice.

138 4388 264 4457 denique
291 4385 321 4438 in
348 4383 478 4437 laterculo
505 4381 660 4452 subscripto
687 4395 758 4450 qnae
784 4396 867 4450 supra
893 4380 928 4436 de
953 4381 1097 4438 duodecim
1119 4381 1236 4437 diuersis
1263 4380 1440 4452 scriptoribus
1463 4383 1579 4454 exposui

136 4511 203 4553 cum
223 4492 340 4548 adiecta
359 4493 486 4544 accurata
503 4487 728 4544 determinatione
746 4486 870 4557 repetiui.

130 4631 571 4654 ---—--·-—--—-

188 4729 197 4765 1
219 4723 293 4778 Uide
313 4735 383 4787 quac
401 4719 459 4770 indo
476 4728 697 4787 repraesentarunt
713 4719 874 4772 blabillonius
892 4727 919 4772 et
936 4719 1123 4772 Brencruaunus
1142 4720 1177 4789 (p.
1187 4719 1260 4772 XXV
1273 4737 1299 4774 n.
1311 4719 1336 4773 6.
1346 4719 1381 4787 7).
