3698 5364
189 205 324 254 rursus
543 169 551 176 “
871 179 958 260 749
1344 185 1449 252 XXVI
1470 187 1491 254 2
1513 193 1627 248 11-1s

188 359 247 399 rem
264 341 385 414 pupillus
402 339 517 396 habeat:
535 340 676 396 sciendum
695 345 738 396 est
755 341 837 411 enim,
855 341 986 411 quamdiu
1004 341 1211 396 testamentaria
1228 343 1315 398 tutela
1327 347 1460 412 speratur,
1477 343 1627 412 legitimam

157 439 169 482 1
189 446 307 488 cessare.
333 430 412 486 Etsi
430 430 515 486 semel
533 428 568 484 ad
584 431 836 500 teslltamentarium
854 429 986 484 deuolute
1004 428 1085 484 fuerit
1101 430 1196 500 tutela,
1218 429 1317 486 deinde
1335 436 1483 486 excusatus
1501 432 1538 486 sit
1554 436 1629 486 tutor
1645 436 1662 484 t.
1673 439 1719 484 eoo

188 520 427 589 testamentarius,
451 518 541 574 adhuc
559 518 676 574 dicimus
694 519 722 574 iu
740 520 830 574 locum
849 519 973 574 excusati
991 518 1127 587 dandum,
1152 533 1207 573 non
1227 519 1262 574 ad
1280 517 1432 589 legitimum
1450 525 1568 574 tutorem
1587 535 1628 574 re-

156 615 171 660 ι
189 609 247 664 dire
265 609 388 664 tutelam.
426 606 504 662 idem
522 606 639 662 dicimus
656 613 686 662 st
703 608 727 662 si
744 605 826 662 luerit
844 612 979 662 remotus:
1003 621 1066 661 nam
1085 612 1114 661 et
1131 605 1176 661 hic
1194 606 1295 662 idcireo
1313 607 1383 678 abit,
1402 613 1433 663 ut
1451 609 1521 663 alius
1539 608 1628 663 detur.

156 703 171 747 s
189 695 268 763 Quod
291 697 314 751 si
337 701 412 751 tutor
434 699 601 750 testamento
619 695 702 751 datus
725 695 888 765 decesserit,
912 695 948 750 ad
971 695 1123 764 legitimum
1145 697 1233 750 tutela
1255 695 1339 766 redit,
1364 697 1428 765 qula
1450 695 1494 751 hic
1517 701 1661 751 senatuss

156 791 172 837 4
189 785 344 840 consultum
362 788 461 840 cessat
498 784 581 838 Plane
599 785 623 839 si
641 784 697 840 duo
714 786 842 855 pluresue
860 783 962 839 riserint
973 788 1078 838 tutores
1091 785 1297 854 testamentarii,
1315 785 1451 840 inlocum
1470 780 1628 869 [Q

189 874 262 944 eius,
280 874 328 943 qni
346 872 465 928 decessit
483 873 529 928 uel
546 873 574 928 in
592 873 705 928 ciuitate
722 888 784 929 esse
802 872 897 942 desiit,
915 871 1017 942 poterit
1034 871 1094 926 dari
1113 872 1196 927 alius:
1220 878 1341 928 ceterum
1361 874 1384 928 si
1402 874 1492 928 nudus
1510 875 1629 944 supersit

188 963 234 1018 uel
252 963 279 1017 in
298 961 409 1018 ciuitate
427 962 472 1031 sit,
491 961 614 1031 legitime
632 963 719 1018 tutela
737 962 868 1018 succedit
1675 967 1679 976 '

133 1045 170 1104 12
241 1051 318 1106 insa
340 1049 410 1106 libro
432 1051 574 1120 trigesimo
598 1055 698 1107 οιιιιιο
721 1049 756 1106 sd
779 1050 920 1106 Sabinum.
958 1048 1100 1106 Camarum
1125 1063 1215 1103 rerum
1239 1050 1284 1104 uel
1307 1063 1451 1104 causamm
1470 1044 1627 1134 Q
1661 1054 1682 1109 S

188 1143 354 1195 mammonin
371 1143 446 1194 tutor
463 1139 523 1194 dari
541 1155 596 1196 non
614 1146 706 1210 potest
724 1155 774 1196 nec
792 1139 918 1195 deductis
935 1137 1019 1193 rebus
1649 1150 1676 1189 ιι

133 1223 170 1281 13
241 1229 414 1284 Postremus
431 1227 501 1284 libro
519 1229 636 1299 septimo
655 1228 762 1284 decimo
781 1228 816 1283 ad
829 1227 969 1284 Sabinum.
1005 1230 1035 1282 et
1052 1225 1076 1282 si
1094 1225 1176 1281 datus
1193 1223 1283 1296 luerit,
1302 1229 1361 1281 tota
1379 1225 1455 1282 datio
1473 1222 1628 1312 Q
1661 1230 1684 1286 S

189 1316 255 1372 nihil
273 1315 385 1387 ualebit,

133 1401 171 1458 14
241 1406 418 1462 disscissus
435 1403 504 1462 libro
522 1403 644 1460 seeundo
661 1404 874 1460 institutionum.
911 1403 976 1473 qnia
992 1415 1136 1474 personae,
1158 1415 1213 1458 non
1230 1401 1271 1457 rei
1287 1402 1332 1458 uel
1350 1417 1451 1458 causae
1469 1399 1628 1490 Q
1648 1408 1683 1462 S*

189 1493 278 1550 datur·
884 1525 896 1544 ο
1004 1539 1005 1542 ¹
1055 1509 1057 1514 ¹
1649 1503 1678 1544 Η

133 1577 171 1636 15
242 1583 394 1639 Unessaus
410 1581 480 1638 libro
498 1582 640 1652 trigesimo
659 1584 758 1636 octauo
777 1579 812 1635 ad
827 1579 967 1636 Sabinum.
1004 1577 1034 1635 Si
1051 1584 1145 1634 tamen
1161 1583 1238 1635 tutor
1257 1565 1379 1664 Qu,
1391 1585 1428 1630 ιι.
1455 1569 1627 1652 Πεῑριιι,ῖι“ι
1663 1585 1684 1639 s

190 1670 271 1726 detur
288 1672 328 1726 rei
345 1670 493 1727 Africanae
511 1671 556 1726 uel
574 1670 614 1726 rei
631 1668 792 1741 Syriaticae,
811 1669 885 1724 utilis
904 1669 979 1724 datio
997 1674 1055 1723 est:
1073 1667 1125 1724 hoc
1143 1668 1215 1723 enim
1234 1669 1293 1724 iure
1311 1671 1421 1724 utimur.

135 1755 172 1813 16
244 1759 321 1814 lnam
337 1759 407 1814 libro
424 1759 565 1830 trigesimo
583 1773 655 1816 nono
674 1759 710 1813 sd
723 1757 865 1814 Sabinum.
896 1756 926 1813 Si
944 1757 1006 1826 quis
1024 1757 1064 1812 its
1081 1756 1188 1812 dederit
1207 1755 1275 1812 'filiis
1293 1758 1361 1812 meis
1379 1761 1451 1814 tuto·
1470 1753 1627 1842 Q
1662 1764 1684 1819 8

190 1863 248 1904 rem
266 1847 319 1918 do',
336 1849 365 1904 in
383 1863 418 1903 ea
434 1848 594 1904 condicione
612 1851 668 1917 est,
692 1852 724 1902 nt
740 1852 797 1902 tam
815 1845 878 1902 tiliis
896 1861 979 1916 quam
997 1844 1106 1901 filiabus
1124 1845 1234 1900 dedmse
1259 1846 1398 1902 uideatur:
1421 1845 1537 1902 filiorum
1556 1848 1628 1903 enim

159 1945 171 1988 1
191 1938 372 2008 appellatione
391 1941 420 1992 et
436 1935 508 1992 filiae
528 1937 709 1992 continentur.
746 1934 776 1991 Si
794 1935 856 2005 quis
874 1933 930 1990 tilio
947 1940 1067 1990 tutorem
1085 1931 1193 1990 dederit
1216 1940 1245 1990 et
1261 1935 1355 2005 plures
1373 1934 1444 1991 lilios
1461 1933 1575 2005 habeat,
1594 1952 1630 1991 an

191 2026 318 2084 omnibus
335 2024 398 2082 tiliis
416 2025 526 2080 dedisse
539 2024 685 2080 uideatur?
711 2031 739 2079 et
751 2024 786 2079 de
798 2023 850 2080 hoo
862 2023 1029 2092 Pomponius
1040 2022 1163 2078 dubitat:
1182 2024 1271 2092 magis
1285 2029 1377 2080 autem
1390 2027 1441 2094 est,
1460 2029 1491 2078 ut
1502 2023 1630 2079 omnibus
1648 2036 1677 2076 so

158 2122 173 2166 s
191 2115 301 2172 dedisse
318 2115 453 2171 uideatur.
491 2113 520 2170 Si
538 2113 600 2184 quis
617 2113 709 2169 liberis
727 2117 832 2168 tutores
851 2111 958 2168 dederit
976 2112 1021 2166 uel
1038 2109 1101 2166 filiis
1119 2116 1148 2166 ct
1165 2109 1267 2167 habeat
1283 2112 1416 2182 quosdam
1436 2113 1510 2183 apud
1527 2112 1629 2183 hostes,

158 2205 274 2261 sedam
292 2205 360 2274 ipsis
378 2202 488 2258 dedisse
506 2201 657 2272 uidebitur,
683 2203 708 2257 si
729 2217 784 2257 non
808 2200 882 2256 aliud
905 2204 1000 2268 aperte
1024 2199 1155 2269 probetur
1178 2203 1337 2256 testatorem
1357 2202 1484 2256 sensisse.
1521 2200 1550 2256 Si
1568 2202 1630 2270 quis

191 2310 254 2350 cum
272 2294 412 2363 ignoraret
429 2305 459 2346 sc
477 2289 562 2346 lilium
581 2289 684 2346 Titium
703 2289 816 2359 habere,
840 2287 903 2344 filiis
924 2293 1032 2344 tutores
1055 2287 1179 2358 dederit,
1204 2293 1294 2344 utrum
1319 2288 1361 2344 his
1379 2291 1444 2345 solis
1462 2288 1572 2344 dedisse
1590 2289 1629 2344 ui·

191 2383 296 2453 deatur,
315 2397 385 2452 quos
401 2381 430 2436 in
447 2383 586 2449 potestate
604 2379 657 2434 scit
675 2393 711 2433 an
729 2379 755 2434 ei
772 2393 896 2448 quoque,
915 2391 997 2448 quem
1015 2377 1153 2446 ignorauit
1170 2393 1201 2432 ss
1219 2377 1340 2434 habere?
1366 2383 1395 2434 et
1412 2379 1501 2449 magis
1519 2383 1575 2449 est,
1599 2383 1631 2433 ut

191 2470 255 2526 huic
272 2469 382 2524 dedisse
401 2483 456 2524 non
473 2466 613 2536 uideatur,
636 2467 702 2523 licet
719 2481 818 2522 nomen
835 2465 952 2522 filiorum
971 2465 1092 2521 admittit
1114 2472 1143 2520 et
1165 2467 1270 2535 ipsum:
1293 2466 1343 2521 sed
1361 2467 1426 2536 quia
1444 2467 1479 2522 de
1496 2468 1557 2537 ipso
1574 2481 1630 2522 non
1648 2477 1678 2518 aa

157 2559 336 2628 sseusissst,
363 2557 509 2612 dicendum
533 2561 578 2611 est
600 2570 709 2611 cessare
733 2556 761 2612 in
783 2569 929 2626 personam
952 2555 1011 2609 eius
1034 2554 1181 2610 dationem.
1222 2555 1340 2610 Proinde
1364 2561 1392 2610 et
1416 2557 1439 2611 si
1462 2561 1554 2612 certus
1578 2555 1631 2612 fuit

190 2646 275 2702 lilium
294 2646 462 2716 decessisse,
486 2645 533 2716 qui
551 2649 706 2715 supererat,
725 2643 797 2700 idem
816 2645 867 2698 erit
885 2642 1044 2698 dicendum:
1069 2657 1121 2698 nse
1138 2644 1210 2698 enim
1229 2642 1341 2698 uidetur
1358 2645 1384 2699 ei
1401 2644 1524 2714 dedisse,
1548 2659 1630 2714 quem

158 2742 173 2788 t
191 2733 283 2792 obisse
301 2733 439 2790 credebat
477 2733 506 2790 Si
524 2733 659 2804 postumls
677 2732 784 2788 dederit
801 2737 907 2787 tutores
930 2730 1011 2800 hique
1034 2731 1100 2787 uiuo
1120 2736 1282 2802 nascantur,
1307 2747 1342 2787 an
1365 2732 1441 2789 datio
1463 2733 1575 2788 ualmt‘l
1602 2738 1631 2788 et

191 2825 280 2894 magis
298 2827 349 2894 est,
368 2827 399 2878 ut
416 2823 491 2878 utilis
508 2823 584 2878 datio
602 2819 651 2876 dat
668 2821 751 2876 etiam
770 2822 794 2875 si
812 2821 877 2876 uiuo
895 2835 929 2876 eo
947 2825 1102 2874 nascantur.
1649 2831 1678 2872 aa

135 2909 173 2967 17
244 2914 322 2970 Iussa
339 2912 408 2968 libro
425 2911 567 2982 trigesimo
585 2911 680 2981 quinto
693 2909 729 2965 ad
747 2909 875 2964 edictum.
906 2909 1085 2964 Testamenta
1097 2908 1179 2964 datos
1194 2913 1300 2964 tutores
1318 2923 1373 2964 non
1391 2923 1452 2965 esse
1472 2904 1630 2994 Q
1663 2915 1684 2970 8

191 3002 330 3073 cogendos
348 3000 483 3057 satisdare
501 3015 559 3055 rem
578 2999 683 3054 saluam
701 2997 760 3054 lore
778 3003 853 3053 certo
877 2998 978 3052 certium
1002 3003 1059 3052 est:
1083 2996 1133 3052 sed
1157 2997 1240 3052 nihilo
1264 2997 1354 3053 minus
1377 3013 1439 3054 cnm
1464 3001 1526 3069 quis
1549 3000 1631 3055 offert

191 3092 413 3160 satisdationem,
432 3094 463 3144 ut
481 3089 556 3144 solus
579 3087 764 3157 administret,
789 3085 941 3142 audiendus
963 3089 1019 3155 est,
1044 3089 1077 3140 ut
1099 3085 1189 3141 edicto
1211 3091 1332 3142 cauetur.
1361 3087 1410 3142 sed
1429 3093 1503 3143 recte
1521 3093 1631 3159 praetor

191 3181 273 3236 etiam
292 3180 392 3236 ceteris
409 3179 509 3234 detulit
526 3177 596 3232 hanc
614 3176 815 3245 condicionem,
839 3175 863 3231 si
881 3175 980 3245 stipsi
1004 3175 1090 3229 uelint
1112 3174 1261 3230 satisdare:
1285 3191 1348 3230 nam
1367 3181 1396 3230 et
1414 3177 1453 3231 ιιι
1472 3177 1524 3246 ipsi
1541 3177 1631 3245 parati

191 3274 256 3324 sunt
273 3268 421 3337 satisdare,
444 3281 499 3322 non
523 3265 625 3322 debers
648 3265 757 3320 excludi
780 3264 892 3319 alterius
915 3262 1066 3333 oblatione,
1091 3262 1141 3320 sed
1162 3263 1275 3333 impleta
1298 3264 1427 3319 uidelicet
1450 3263 1486 3320 ab
1504 3263 1631 3320 omnibus

192 3356 370 3412 satisdatione
388 3371 484 3412 omnes
502 3359 608 3424 gerent,
626 3359 658 3409 ut
675 3354 722 3423 qni
741 3357 886 3408 contentos
904 3356 948 3406 est
965 3352 1054 3422 magis
1073 3352 1140 3406 satis
1159 3353 1284 3422 accipere
1298 3367 1381 3422 quam
1394 3367 1498 3422 gerere,
1517 3368 1631 3409 securus
1649 3365 1678 3405 ss

161 3453 172 3496 1
192 3451 275 3500 esset.
310 3445 372 3500 Non
390 3443 547 3500 omnimodo
565 3447 657 3498 autem
675 3443 699 3498 is
717 3442 765 3512 qui
783 3439 900 3496 satisdet
916 3438 1112 3510 praeferendus
1130 3445 1187 3495 est:
1212 3440 1278 3510 quid
1297 3441 1369 3496 enim
1388 3427 1414 3496 si
1430 3446 1560 3512 suspecta
1578 3437 1630 3526 Q

192 3547 310 3603 persona
328 3533 425 3588 situel
443 3533 546 3602 turpis,
571 3532 616 3586 cul
633 3532 723 3587 tutela
739 3529 873 3586 committi
896 3545 948 3584 nec
966 3543 1028 3584 cum
1047 3528 1226 3584 satisdatione
1244 3529 1366 3586 debeat?
1387 3531 1432 3586 uel
1449 3530 1516 3601 quid
1533 3532 1558 3586 si
1575 3531 1630 3586 lam

193 3621 279 3676 multa
296 3620 401 3690 flagitia
417 3621 446 3676 in
464 3620 551 3674 tutela
569 3619 699 3675 admisit?
717 3633 807 3674 nonne
825 3619 914 3688 magis
931 3617 1025 3687 repelli
1043 3621 1071 3672 et
1088 3617 1154 3672 reici
1171 3633 1189 3672 a
1206 3619 1301 3688 tutela,
1322 3633 1405 3688 quam
1424 3619 1499 3674 solus
1517 3619 1630 3674 admini-

193 3715 279 3764 strare
297 3707 418 3765 debeat?
440 3723 492 3763 nec
510 3709 578 3764 satis
596 3723 651 3764 non
669 3708 767 3764 dantes
790 3713 894 3762 temere
918 3707 1099 3777 repelluntur,
1123 3705 1188 3775 qnia
1210 3706 1370 3776 plerumque
1387 3705 1458 3761 bene
1475 3706 1585 3776 probati
1602 3713 1631 3763 et

193 3797 284 3854 idonei
302 3802 382 3867 atque
399 3796 505 3853 honesti
523 3802 643 3866 tutores,
662 3796 770 3852 etiamsi
788 3796 856 3851 satis
873 3809 929 3850 uon
947 3795 1026 3864 dent,
1045 3809 1101 3849 non
1118 3793 1222 3849 debent
1239 3794 1318 3850 reici:
1336 3794 1402 3864 quin
1420 3794 1504 3850 immo
1521 3811 1573 3851 nec
1590 3796 1630 3851 iu·
1649 3807 1678 3848 so

160 3895 175 3940 a
192 3885 276 3942 bandi
293 3891 359 3942 sunt
376 3885 519 3942 satisdare.
556 3886 664 3956 Duplex
682 3885 766 3954 igitur
783 3899 884 3941 causae
902 3884 1022 3954 cognitio
1040 3890 1091 3952 est,
1110 3898 1165 3938 una
1178 3897 1213 3938 ex
1224 3897 1343 3952 persona
1359 3883 1420 3938 eius
1437 3883 1484 3953 qui
1503 3885 1631 3955 optulerit

192 3975 413 4044 satisdationem,
432 3975 494 4044 quis
512 3979 541 4029 et
558 3975 646 4044 qualis
664 3979 720 4043 est,
744 3975 799 4030 alia
816 3979 1002 4043 cantatorum,
1027 3972 1123 4041 quales
1141 3975 1220 4041 sunt,
1244 3986 1308 4026 num
1326 3969 1397 4027 forte
1415 3972 1474 4027 eius
1493 3974 1631 4029 existima·

192 4065 274 4120 tionis
292 4066 337 4120 nel
354 4064 414 4120 eius
431 4063 584 4118 honestatis
603 4068 675 4132 sunt,
693 4067 798 4118 utnon
816 4061 1024 4118 debcanthane
1042 4060 1234 4116 contumellam
1253 4057 1440 4116 satisdationis
1459 4059 1559 4118 subire.

136 4150 174 4209 18
246 4153 472 4208 Οιιιιιιιιιιιιι
489 4150 558 4207 111ιιο
576 4152 658 4207 tertio
676 4150 760 4206 edicti
777 4151 922 4207 monitorli.
959 4149 1038 4216 Quod
1057 4150 1081 4205 si
1098 4149 1191 4220 plures
1209 4147 1342 4204 sadsdare
1365 4149 1454 4219 parati
1472 4150 1539 4220 sint,
1564 4155 1631 4206 tunc
1649 4146 1691 4201 'E

192 4241 299 4298 idonior
316 4239 512 4311 praeterendus
530 4240 589 4310 erit,
607 4245 640 4295 ut
657 4245 686 4296 et
702 4239 838 4312 tantorum
855 4253 991 4310 personae
1008 4239 1128 4294 interae
1146 4243 1176 4293 et
1192 4235 1383 4292 fideiussorum
1401 4243 1602 4308 comparentur.
1647 4246 1663 4294 l.
1675 4243 1728 4294 ιιοΙ

136 4329 174 4388 19
245 4329 397 4386 emnam
420 4328 490 4384 libro
512 4329 654 4398 trigesimo
677 4330 774 4399 quinto
798 4329 834 4384 ad
856 4329 985 4384 edictum.
1027 4325 1057 4382 si
1080 4341 1161 4382 nemo
1184 4329 1306 4381 tutorum
1332 4331 1465 4396 prouocet
1490 4325 1527 4383 ad
1550 4328 1629 4384 satis·
1663 4325 1684 4379 S

193 4418 345 4488 dationem,
364 4417 415 4473 sed
432 4417 549 4472 emutat
566 4417 678 4487 quidam
696 4419 743 4487 qui
761 4423 837 4474 tutor
853 4433 908 4474 non
926 4421 970 4473 eat
987 4411 1235 4485 desideraretuuei,
1258 4420 1290 4472 ιιι
1307 4419 1356 4470 aut
1373 4415 1509 4472 satisdent
1525 4419 1631 4472 tutores
1649 4429 1677 4468 ιι

193 4513 250 4578 ant,
269 4509 292 4562 si
310 4522 365 4563 non
383 4505 457 4577 dent,
475 4513 574 4576 parato
591 4505 644 4562 sibi
661 4506 795 4562 satisdare
813 4506 987 4562 committant
1003 4505 1126 4575 tutelam,
1145 4518 1200 4560 uon
1213 4509 1257 4559 est
1271 4502 1437 4559 audiendus:
1456 4505 1630 4575 nequeenim

192 4603 360 4673 mwslo)

195 4748 203 4781 ¹
222 4750 251 4800 st
269 4745 302 4814 sl]
321 4745 345 4799 si
363 4745 411 4799 et?
482 4745 494 4779 ²
512 4743 722 4816 desideratque?

193 4879 228 4935 18
251 4879 396 4934 uideatur
418 4881 455 4933 Ρ
518 4879 553 4935 23
576 4878 703 4935 uideatur
784 4877 819 4931 25
837 4875 883 4930 de·
937 4874 1132 4930 38reici'ti'li‘
1179 4875 1215 4930 40
1228 4875 1340 4944 atuulF
1378 4861 1675 4946 sommam&-

192 4950 266 5006 ditet
285 4951 383 5004 ors-F1
431 4952 466 5008 34
479 4950 672 5010 'a'alteriusli’
718 4951 755 5006 36
774 4949 884 5003 estF‘
939 4967 1026 5002 more
