3608 5302
782 177 946 278 ιιιιιιιι

148 354 215 424 ipsis
232 353 345 424 digestis
362 355 452 410 altero
470 355 531 410 loco
549 356 594 412 uel
611 355 639 410 iu
657 354 789 411 similibus
807 354 1054 426 compilationibus,
1073 355 1190 412 maxime
1208 355 1236 409 in
1248 353 1343 409 codice
1355 351 1578 408 constitutionum
1596 354 1651 399 Loci
1672 353 1755 426 sepiri

148 462 298 517 Iustiniana
315 466 344 517 et
360 461 389 516 in
407 459 569 532 fragmentis
586 462 652 518 iuris
668 463 783 518 Romani
796 462 936 518 Uaticanis
954 477 1025 532 quae
1043 462 1171 518 dicuntur
1188 465 1217 516 et
1234 461 1262 516 in
1279 461 1341 530 lege
1358 459 1404 514 dei
1421 460 1480 514 siue
1498 459 1579 514 coba·
1624 415 1730 524 ucllssltiibr

149 569 223 625 hone
240 569 331 639 legum
349 568 531 624 hlosaioarum
551 573 579 624 et
596 569 788 639 Romanarum,
807 569 872 625 item
891 570 919 625 in
936 568 1061 640 partibus
1078 584 1134 626 non
1152 568 1264 624 Gaianis
1282 566 1483 622 institutionum
1500 565 1580 620 lusti·

149 676 237 744 niani,
259 690 328 746 quas
350 675 398 746 qni
421 681 646 746 composuerunt,
669 675 752 731 modo
775 676 901 746 antiquos
925 681 1051 732 auctores
1074 674 1270 744 adhibuerunt,
1294 673 1376 730 modo
1394 673 1455 744 ipsa
1472 673 1581 742 digesta

150 781 197 850 (cl.
209 783 229 853 1,
242 783 303 852 841,
315 783 371 849 43).
400 783 528 852 itaquae
546 781 691 852 dupliciter
707 782 809 838 tradita
827 783 997 854 accepimus,
1015 799 1070 839 uon
1088 783 1174 838 multa
1191 781 1301 853 quidem
1320 786 1397 851 suut,
1415 780 1465 836 scd
1483 779 1580 836 eadem

149 889 308 945 utilissima:
335 888 399 944 inde
423 889 495 944 culm
517 889 714 960 intellegimus,
742 889 808 959 quid
831 890 919 946 secuti
942 889 997 946 sint
1019 889 1187 960 digestorum
1212 889 1366 945 conditores
1393 893 1422 944 ct
1443 887 1580 957 quomodo

150 996 259 1052 executi
280 995 337 1051 sint
359 996 463 1051 iussum
487 996 659 1066 imperatoris
677 999 715 1066 (p.
728 997 831 1067 XXV',
844 999 871 1064 1)
893 997 1005 1052 inuenta
1027 997 1101 1066 apud
1120 1001 1259 1066 auctores,
1284 995 1332 1052 ubi
1354 1010 1399 1051 res
1421 995 1580 1065 postularet,

149 1109 198 1159 aut
221 1104 249 1158 in
273 1102 466 1173 compendium
488 1103 629 1173 redigendi
650 1109 699 1158 aut
715 1118 765 1174 pro
783 1103 870 1160 lubitu
894 1103 1064 1159 immutandi.
1104 1118 1185 1174 quam
1203 1102 1240 1159 ob
1264 1118 1322 1158 rem
1340 1101 1426 1158 uerba
1442 1103 1582 1172 geminata

149 1211 195 1266 uel
211 1209 330 1280 gemella
347 1209 405 1264 suis
421 1224 547 1279 quaeque
563 1210 631 1266 locis
648 1215 678 1265 et
695 1210 731 1266 ad
749 1211 899 1282 marginem
921 1211 1066 1267 citauimue
1090 1215 1119 1266 ct
1141 1211 1245 1267 uariam
1270 1210 1414 1266 lectionem
1432 1208 1496 1264 inde
1514 1209 1581 1279 peti·

149 1323 207 1372 ιιιιιι
224 1332 280 1372 non
298 1316 326 1370 iu
345 1321 479 1386 apparatu
497 1315 702 1387 abscondimus,
727 1317 777 1372 sed
794 1333 878 1388 super
896 1333 958 1374 eum
981 1318 1123 1388 poardmus
1147 1318 1175 1372 in
1192 1318 1253 1374 loco
1271 1317 1448 1373 euidentiore.
1476 1315 1526 1371 sed
1543 1316 1582 1372 ita

148 1439 205 1480 non
222 1423 403 1479 tractauimus
421 1423 473 1478 nisi
491 1423 566 1478 locos
583 1424 709 1493 geminos
732 1439 793 1494 eos,
816 1424 851 1480 de
874 1439 989 1494 quorum
1015 1424 1119 1494 origine
1142 1439 1197 1504 non
1219 1428 1325 1480 tautum
1347 1423 1504 1478 coniectura
1521 1438 1581 1494 pro

149 1529 265 1601 babilis,
289 1529 339 1586 sed
362 1529 494 1585 disertm
519 1531 703 1586 testimouium
727 1530 906 1602 suppetebat:
929 1536 1025 1588 contra
1048 1531 1170 1601 exceptis
1192 1529 1408 1587 institutionibus
1431 1529 1582 1600 Iushniani,

149 1653 223 1708 quae
248 1637 384 1693 diuersam
407 1637 597 1692 uacationem
618 1636 743 1706 flagitare
761 1637 937 1709 uidebantur,
960 1639 1035 1694 locor
1059 1637 1162 1694 similes
1180 1653 1315 1708 nusquam
1332 1638 1361 1692 in
1378 1637 1502 1707 margine
1519 1637 1582 1692 alle·

148 1745 289 1815 gemimus.
325 1759 388 1798 nam
416 1758 582 1813 quamquam
611 1759 694 1814 saepe
716 1745 822 1816 euenit,
854 1751 886 1800 ιιι
913 1747 1031 1816 exempli
1054 1761 1139 1802 cansa
1163 1745 1304 1816 Papiniani
1326 1759 1488 1814 responsum
1509 1743 1583 1814 quod

148 1857 279 1922 superest
301 1851 342 1906 ita
363 1850 460 1906 redeat
482 1851 510 1906 in
533 1851 593 1906 loco
616 1856 726 1908 seruato
749 1850 827 1908 uerbi
852 1867 936 1909 cansa
957 1869 991 1908 ea
1013 1852 1088 1910 libris
1107 1852 1216 1924 Ulpiani
1239 1852 1284 1908 uel
1302 1851 1528 1922 Hermogeniaui,
1551 1856 1583 1906 ut

148 1959 226 2014 hunc
249 1973 284 2013 er
305 1959 351 2014 illo
374 1957 527 2012 deriuatum
552 1972 614 2014 esse
636 1963 781 2029 appareat,
805 1965 897 2015 tamen
921 1961 1046 2029 quaestio
1069 1959 1138 2016 haec
1159 1963 1271 2030 propter
1293 1958 1359 2014 iuris
1383 1958 1498 2014 Romani
1521 1973 1582 2028 pro-

147 2067 297 2137 prietatem
314 2065 478 2120 tralaticium
495 2065 654 2136 plerumque
672 2081 774 2135 anceps
792 2072 835 2122 cst
852 2071 881 2122 et
898 2082 981 2138 saepe
999 2066 1097 2138 fallax,
1118 2070 1150 2122 ιιι
1171 2067 1199 2122 in
1221 2065 1274 2122 hoo
1291 2079 1388 2136 opere,
1411 2064 1485 2136 quod
1505 2079 1583 2120 enar·

148 2173 286 2229 rationem
304 2187 358 2228 non
377 2171 510 2242 admittit,
529 2172 616 2227 satius
633 2173 723 2228 uisum
742 2173 779 2228 sit
796 2189 830 2230 ea
847 2177 952 2230 tanturn
974 2175 1070 2230 oileus
1088 2189 1123 2230 ex
1140 2173 1277 2245 gemellis,
1300 2187 1371 2242 quac
1389 2175 1505 2242 utroque
1523 2173 1583 2228 loco

149 2280 344 2336 auctoritatem
367 2284 496 2335 ιιιιιιιιιιι
520 2283 549 2334 et
572 2279 741 2336 enuntiatam
764 2279 904 2336 haberent
929 2311 961 2322 -
983 2281 1110 2338 Ceterum
1133 2281 1161 2336 in
1183 2279 1313 2336 subsidiis
1337 2278 1380 2335 his
1403 2295 1485 2350 quam
1510 2279 1583 2336 uiam

148 2387 336 2456 tenuerimus,
360 2401 416 2442 non
438 2401 508 2458 opus
530 2390 574 2441 est
596 2387 747 2456 explicare:
770 2385 853 2444 libros
876 2388 948 2444 euim
972 2389 1088 2460 scriptos
1109 2387 1267 2459 editosque,
1290 2402 1360 2456 quos
1383 2387 1584 2458 usurpabimus,

149 2509 236 2550 nemo
258 2495 375 2563 ignorat
412 2493 447 2548 ad
472 2493 651 2549 collationem
675 2492 859 2565 adhibuimus,
883 2501 915 2550 ιιι
936 2511 987 2566 par
1009 2501 1082 2566 erat,
1108 2495 1198 2566 ipsum
1219 2493 1317 2550 librum
1340 2493 1498 2564 primarium
1519 2494 1584 2550 olim

148 2601 347 2670 Pithocanum,
370 2601 425 2656 iam
443 2601 661 2656 Berolineusem:
679 2601 745 2656 item
763 2602 792 2657 in
809 2602 887 2658 Pauli
904 2603 1047 2659 sententiis
1064 2601 1192 2658 breuiarli
1209 2601 1356 2657 Alariciani
1373 2600 1435 2656 libri
1453 2600 1584 2670 antiquis-

149 2709 226 2778 simi,
244 2722 343 2778 nempe
361 2707 471 2778 septimi
488 2708 599 2778 saeculi,
617 2708 788 2763 Monacensis
807 2709 881 2774 (olim
894 2708 1074 2780 wirceburg,
1092 2724 1165 2764 nunc
1177 2709 1265 2764 cimel.
1278 2709 1323 2776 12)
1341 2707 1512 2764 collationem
1529 2724 1584 2764 non

150 2831 230 2886 ειιιι,
257 2829 328 2884 quae
352 2813 460 2884 publice
482 2819 602 2886 prostat,
629 2815 680 2870 sed
703 2815 898 2871 accuratiorem
925 2815 1026 2872 iactam
1054 2815 1089 2871 ab
1116 2816 1204 2872 amico
1229 2815 1463 2886 praestantissimo
1487 2815 1584 2872 Garolo

149 2923 272 2979 Halmio.
299 2921 434 2991 quaedam
452 2927 595 2992 praeterea
616 2922 694 2978 utilia
711 2922 897 2993 suppeditsuit
914 2923 1073 2994 Kruegcrus
1091 2937 1126 2978 ex
1143 2922 1272 2979 breuiarli
1288 2921 1356 2978 libro
1374 2922 1497 2978 Parisino
1513 2922 1585 2978 4403

151 3032 222 3086 item
240 3029 343 3100 optimo
362 3028 427 3096 (uol.
439 3029 461 3099 I,
479 3029 540 3098 813,
553 3030 597 3084 39.
606 3029 650 3110 710.
674 3029 708 3099 11,
721 3030 782 3099 811,
795 3031 838 3086 23.
857 3031 918 3099 883,
932 3031 968 3099 3).
995 3031 1120 3100 quaestio
1138 3033 1230 3084 antem
1254 3043 1420 3099 magnopere
1438 3029 1584 3100 implicata,

150 3153 220 3192 num
245 3135 360 3192 candem
384 3135 462 3190 Pauli
483 3135 671 3192 recensionem
694 3134 867 3192 adhibuerint
890 3136 1058 3208 digestorum
1080 3136 1271 3207 compilatores
1299 3141 1328 3191 et
1351 3135 1478 3191 breuiarli
1497 3135 1584 3190 Alari-

151 3243 240 3312 ciani,
264 3257 327 3298 cum
344 3241 513 3312 digestorum
531 3243 719 3313 recognitione
737 3257 792 3298 nou
809 3243 848 3298 ita
865 3244 1079 3314 coniunctam,
1097 3247 1129 3299 ut
1146 3243 1174 3299 iu
1192 3242 1243 3299 hac
1260 3241 1429 3314 praelatione
1446 3257 1507 3298 eam
1525 3256 1585 3312 per·

150 3355 273 3406 tractare
290 3364 360 3419 opus
377 3349 422 3405 sit.

210 3561 263 3618 Sed
282 3561 407 3619 subsidia
423 3577 494 3632 quas
511 3562 732 3618 enumerabimus
750 3565 829 3618 extra
845 3563 967 3619 codicem
985 3563 1154 3632 digestorum
1166 3561 1351 3620 Florentinum
1363 3561 1512 3618 constituta
1523 3577 1585 3618 cum
1604 3565 1701 3612 Bmilica

152 3685 253 3741 sparsa
269 3675 298 3724 et
315 3684 378 3724 rara
395 3669 462 3740 sint,
483 3670 564 3739 longe
582 3670 730 3724 uincuntur
747 3669 867 3740 reliquiis
885 3671 1116 3740 interpretationis
1134 3670 1302 3741 digestorum
1321 3667 1451 3739 Graecae,
1469 3683 1540 3738 qnae
1558 3669 1585 3725 in

151 3777 334 3833 Basilicarum
352 3775 428 3832 libris
446 3775 610 3846 scholiisque
628 3791 722 3832 eorum
741 3777 860 3846 antiquis
878 3777 1059 3833 continentur.
1092 3793 1154 3832 nam
1172 3781 1319 3849 postquam
1336 3775 1455 3846 Basilius
1472 3775 1586 3832 blacedo

153 3885 227 3940 inter
244 3899 268 3940 a.
280 3883 348 3954 883,
371 3887 403 3938 ιιι
420 3883 547 3953 credunt,
570 3888 599 3939 et
616 3884 668 3938 886
687 3884 803 3954 primum
822 3883 927 3938 Graece
945 3885 1101 3955 proposuit,
1119 3890 1151 3940 ιιι
1168 3885 1207 3940 ait
1224 3885 1252 3940 in
1269 3881 1438 3954 praefatione
1456 3881 1586 3952 Prochiri,

153 3990 401 4062 iamssaeapaiaoa
420 3990 468 4053 roi
487 3989 570 4054 ιιόιιογ
588 3990 697 4056 culros,
723 3989 812 4046 atilio
830 3990 889 4045 eius
908 3991 1000 4046 Leone
1017 3991 1071 4061 vl,
1095 3991 1142 4062 qui
1160 3991 1270 4062 sapiens
1288 3991 1387 4045 dicitur
1403 3989 1586 4060 (sue-912),

153 4097 246 4154 denuo
270 4097 346 4153 edita
367 4102 411 4152 cet
432 4095 603 4168 iaaaieapnc
627 4099 682 4151 ubo
704 4099 819 4152 ιιιιιιώι
839 4096 929 4152 abaco
948 4099 1007 4154 siue
1025 4098 1144 4153 Rasilica
1165 4113 1236 4168 quac
1253 4096 1334 4153 bodie
1352 4096 1492 4166 dicuntur,
1516 4110 1587 4166 quae

153 4211 292 4276 quatenus
310 4205 346 4260 ad
364 4204 473 4274 digesta
488 4205 615 4275 pertinet,
633 4220 688 4260 uon
706 4209 749 4258 est
766 4203 822 4260 lere
841 4205 893 4259 nisi
910 4204 1001 4260 nereio
1020 4219 1113 4260 eorum
1129 4203 1236 4260 Graeca
1252 4202 1327 4259 lacta
1343 4202 1379 4259 ab
1397 4195 1467 4258 sexti
1485 4203 1587 4258 sacculi

154 4315 269 4369 aucwre
291 4312 439 4384 Anonymc
466 4313 536 4381 (quo
558 4311 692 4368 uocabulo
716 4311 794 4380 quasi
816 4325 867 4381 pro
890 4311 999 4367 nominc
1021 4312 1150 4378 utuntur)
1168 4309 1263 4367 ordine
1285 4316 1391 4367 tantum
1414 4312 1528 4365 mutato.
1561 4309 1587 4364 ei

154 4421 248 4490 legum
266 4418 449 4476 Anacatharsi
472 4433 536 4473 mor
559 4417 669 4473 uidetur
692 4417 815 4473 adiectus
837 4432 899 4472 esse
921 4417 1084 4474 scholiorum
1107 4423 1256 4489 apparatus
1280 4417 1463 4488 amplissimus
1480 4419 1509 4470 ct
1526 4431 1587 4486 per·

152 4533 256 4599 petuas
274 4541 307 4582 er
327 4523 499 4582 uerslonibus
511 4525 570 4579 aliis
582 4525 684 4580 saeculi
697 4525 767 4580 serti
780 4529 808 4579 ct
820 4523 1041 4581 adnotationibus
1053 4525 1226 4594 prudentium
1239 4524 1386 4580 eorundem
1399 4501 1587 4580 concinnatus.

152 4633 204 4690 sed
228 4633 375 4703 hocloco,
401 4631 448 4687 nbi
473 4631 599 4686 editionis
623 4635 785 4702 apparatum
803 4631 969 4702 indicamus,
994 4629 1095 4686 sufficit
1112 4631 1231 4687 Basilica
1254 4632 1446 4687 nominauisse.
1477 4632 1587 4686 namin

151 4741 268 4798 Graecia
284 4739 326 4798 bis
344 4739 505 4811 digerendis
524 4743 552 4792 et
569 4738 765 4794 constituendis
783 4739 842 4809 ipse
860 4737 1000 4794 elaborare
1019 4753 1074 4795 non
1090 4739 1176 4810 potui,
1194 4739 1286 4808 immo,
1304 4737 1587 4809 praeterquamquod

152 4863 227 4921 quae
238 4863 271 4904 er
284 4848 467 4906 Basilioorum
486 4845 504 4900 l.
517 4845 567 4900 LX
584 4846 721 4915 pertinent
739 4845 775 4900 ad
792 4845 882 4902 blattis
900 4845 970 4902 duos
988 4846 1105 4902 maiores
1117 4845 1275 4918 explendos,
1293 4861 1356 4902 mea
1367 4861 1451 4901 cama
1465 4843 1501 4901 ad
1513 4843 1587 4900 codi-

150 4973 214 5016 cem
232 4957 339 5016 unicum
359 4954 518 5012 Parisinum
537 4951 633 5022 relegit
649 4953 814 5024 Krnegerus,
835 4953 964 5011 surdum
983 4951 1034 5012 luit
1052 4954 1139 5030 copiis
1155 4953 1277 5030 priorum
1294 4953 1432 5015 editorum
1449 4949 1595 5029 diligentia
