3570 5362
109 253 156 302 nn
178 253 289 302 annus
312 254 470 305 onnnrms
782 231 868 314 357

582 1001 731 1076 mm
755 1001 1071 1078 nuonmcmue
1560 1025 1622 1086 qma
1637 1024 1711 1073 trae

812 1221 827 1305 1

106 1357 144 1436 dt
182 1355 248 1433 DE
275 1355 428 1436 REBUS
457 1355 673 1436 CREDITIS
707 1357 748 1435 SI
781 1285 973 1435 OIiRTUM
998 1357 1221 1466 PETETUR
1245 1357 1309 1435 ET
1335 1356 1400 1435 DE
1429 1357 1540 1435 dou.
1560 1376 1635 1433 sn?

678 1481 901 1560 DICTIONE
940 1481 979 1562 it
1580 1493 1581 1496 ‘

38 1641 69 1698 1
159 1605 327 1704 Uarenus
344 1645 413 1704 libro
430 1647 581 1704 uicensimo
599 1652 678 1704 sexto
697 1647 732 1703 ad
750 1647 879 1704 edietum.
916 1647 982 1704 Ere
1000 1652 1050 1718 est,
1070 1648 1228 1720 priusquam
1240 1645 1385 1703 ednerbo
1404 1639 1541 1734 Μ
1560 1653 1582 1709 Β

44 1739 68 1785 1
105 1751 166 1790 rum
184 1735 437 1806 interpretationem
455 1737 661 1808 perueniamus,
686 1752 776 1806 pauoa
799 1737 833 1792 de
853 1735 1051 1807 significatione
1068 1738 1155 1808 ipsius
1173 1735 1245 1791 tituli
1262 1733 1372 1792 referre.
1408 1734 1542 1802 Quoniam
1560 1748 1573 1790 s

105 1825 190 1894 igitur
209 1825 296 1880 multa
314 1824 350 1880 ad
368 1829 524 1881 oontraotus
541 1827 634 1882 uarios
651 1827 815 1896 pertinentia
832 1827 893 1882 iura
910 1824 962 1881 sub
980 1824 1032 1880 hoe
1049 1825 1129 1881 titulo
1146 1831 1255 1897 praetor
1273 1825 1402 1895 inseruit,
1420 1823 1482 1880 ideo
1500 1840 1541 1881 re

104 1929 166 1969 ram
184 1913 351 1970 aroditarum
368 1915 476 1969 titulum
495 1915 648 1985 praemisit:
673 1929 768 1976 omnes
786 1915 858 1970 enim
877 1918 1046 1983 eontraotus,
1069 1928 1139 1984 quos
1161 1914 1278 1970 adenem
1295 1911 1378 1969 fidem
1396 1913 1484 1970 renuti
1500 1913 1541 1992 in·

103 2003 261 2072 stitnimus,
286 2003 480 2073 oonpleotitur:
504 2019 580 2074 nam,
604 2009 635 2058 ut
656 2001 725 2058 libro
748 2003 836 2073 primo
854 2003 1043 2073 quaestionum
1063 2001 1159 2058 Celsus
1181 2003 1234 2074 ait,
1259 2001 1389 2059 credendi
1406 2002 1541 2072 generalis

103 2091 253 2164 appellatio
276 2096 334 2146 est:
357 2089 419 2146 ideo
442 2091 494 2146 sub
518 2090 570 2146 boo
593 2091 673 2170 titulo
695 2096 805 2162 praetor
829 2096 858 2147 et
881 2091 916 2147 de
934 2091 1106 2148 commodato
1124 2096 1153 2147 et
1171 2092 1206 2147 de
1223 2091 1338 2164 pignore
1356 2090 1449 2146 edixit.
1476 2107 1540 2146 nam
1559 2102 1588 2144 ro

101 2181 270 2250 mirumque
294 2180 334 2236 rei
356 2179 542 2236 adsentiamur
564 2180 680 2236 alienam
704 2179 787 2238 iidem
810 2181 898 2238 seouti
921 2197 985 2238 mox
1008 2181 1144 2250 recepturi
1166 2179 1246 2252 quid,
1270 2195 1305 2236 ex
1328 2179 1381 2236 boo
1399 2183 1540 2236 eontraotn

100 2269 218 2326 erodere
236 2267 359 2326 dicimur.
386 2269 426 2324 rei
444 2283 553 2339 qnoque
569 2267 685 2324 uerbum
703 2275 734 2324 ut
751 2270 879 2339 generale
895 2273 1005 2341 praetor
1023 2270 1114 2339 elegit.
1167 2265 1168 2269 ’

42 2346 73 2408 2
157 2359 279 2414 Pronus
300 2357 369 2414 libro
393 2357 544 2414 uicensimo
567 2361 667 2414 ostano
690 2357 727 2413 ad
749 2359 878 2414 edietum.
913 2359 1038 2414 llutunm
1059 2359 1157 2414 damus
1173 2356 1310 2428 reeepmri
1326 2371 1382 2413 non
1400 2351 1539 2443 Q
1558 2364 1580 2419 s

99 2447 222 2504 eandem
240 2447 360 2518 speeiem
378 2463 460 2518 quam
473 2447 598 2502 dedimus
611 2447 741 2518 (alioquin
753 2447 955 2503 commodatum
973 2449 1025 2502 erit
1036 2451 1084 2503 ant
1096 2443 1271 2518 depositum),
1290 2444 1340 2501 sed
1351 2445 1424 2501 idem
1435 2461 1538 2518 genus:

58 2540 76 2588 Ι
97 2553 166 2593 nam
186 2536 211 2592 si
228 2535 303 2591 aliud
320 2551 417 2606 genus,
435 2537 521 2591 ueluti
538 2541 569 2591 nt
586 2551 636 2606 pro
654 2537 744 2592 tritioo
762 2536 857 2592 uinum
875 2536 1047 2608 recipiamus,
1065 2552 1120 2592 non
1135 2535 1331 2592 eritmntuum.
1358 2533 1445 2592 llutui
1463 2535 1537 2592 datio
1556 2545 1585 2590 rs

99 2625 232 2682 consistit
248 2625 277 2680 in
294 2625 336 2681 bis
356 2625 446 2695 rebus,
465 2640 536 2695 quae
553 2625 674 2696 pondere
691 2640 804 2682 numero
822 2640 950 2680 mensura
967 2625 1145 2694 oonsistnnt¹‚
1168 2624 1296 2694 quoniam
1315 2638 1408 2679 eorum
1426 2624 1548 2681 datione.

97 2730 252 2786 pommus
270 2713 298 2769 in
315 2714 451 2770 creditum
468 2715 522 2784 ire,
541 2715 623 2785 quia‘
641 2715 668 2770 in
686 2729 786 2785 genere
804 2729 854 2770 sno
872 2713 1038 2772 functionem
1056 2715 1191 2786 reeipiunt
1206 2729 1257 2785 per
1274 2713 1437 2769 solutionem
1454 2729 1537 2786 quam

100 2805 210 2876 speeie:
229 2819 294 2859 nam
311 2803 339 2860 in
358 2804 457 2859 oeteris
474 2801 557 2859 rebus
574 2803 638 2859 ideo
656 2804 684 2859 in
702 2803 835 2859 creditum
853 2805 892 2859 ire
910 2819 965 2859 non
982 2819 1138 2875 possumus,
1157 2803 1222 2874 quia
1234 2802 1308 2858 aliud
1318 2817 1368 2874 pro
1381 2802 1434 2858 alio
1451 2803 1538 2860 inuito

76 2892 233 2948 soreditori
251 2893 320 2948 solni
338 2908 394 2948 non
411 2896 511 2964 potest.
548 2892 694 2964 Appellata
711 2897 756 2947 eet
773 2897 865 2948 autem
883 2894 971 2949 mutui
994 2893 1068 2949 datio
1091 2891 1126 2948 ab
1148 2907 1196 2962 eo,
1219 2891 1294 2962 qnod
1316 2891 1352 2947 de
1374 2905 1436 2948 meo
1458 2896 1537 2948 tunm

79 2980 147 3038 ait:
166 2987 197 3036 et
216 2979 287 3050 ideo,
306 2981 330 3036 si
347 2997 403 3037 non
420 2979 469 3038 fiat
485 2985 578 3052 tuum,
597 2997 652 3036 non
670 2980 791 3037 nascitur
808 2981 947 3052 obligatio.
985 2981 1124 3038 Creditum
1142 2995 1209 3052 ergo
1227 2997 1244 3036 a
1261 2985 1356 3036 mutuo
1374 2981 1466 3036 differt
1482 2995 1538 3051 qua
1556 2991 1585 3034 ao

103 3087 193 3143 genus
213 3087 231 3125 a
248 3070 354 3140 speeie:
372 3087 436 3126 nam
455 3071 588 3126 creditum
607 3071 733 3126 consistit
750 3075 828 3126 extra
845 3085 893 3126 eas
911 3085 963 3141 res,
982 3085 1053 3142 quae
1070 3070 1192 3142 pondere
1209 3083 1322 3126 numero
1334 3085 1462 3125 mensura
1474 3085 1536 3126 oon·

103 3161 227 3216 n’nentru
243 3160 291 3228 sio,
310 3163 349 3229 ut,
368 3161 393 3214 si
411 3159 525 3214 eandem
543 3175 601 3214 rem
619 3157 757 3230 recepturi
775 3175 878 3230 sumus,
900 3160 1032 3216 creditum
1051 3161 1119 3215 est'.
1146 3160 1211 3214 item
1229 3163 1354 3215 mutuum
1372 3174 1428 3214 non
1444 3163 1538 3229 potest

104 3264 173 3318 ease,
192 3247 246 3302 nisi
263 3245 452 3317 proficiscatur
469 3247 593 3320 pecnnia,
612 3247 745 3303 creditum
760 3253 855 3303 autern
873 3247 1009 3304 interdum
1027 3249 1109 3304 etiam
1128 3249 1151 3303 si
1163 3245 1433 3318 nibilprofieisoatur,
1452 3247 1539 3303 ueluti

79 3337 126 3393 tsi
144 3342 210 3408 post
234 3337 345 3406 nuptiae
369 3336 420 3392 dos
442 3338 625 3407 promittatur.
660 3333 692 3391 ln
715 3338 802 3393 mutui
826 3337 935 3393 datione
958 3341 1068 3408 oportet
1090 3337 1230 3393 dominum
1253 3351 1315 3392 esse
1338 3335 1463 3406 dantem,
1486 3349 1538 3392 neo

104 3427 193 3496 obest,
212 3426 288 3496 quod
305 3423 378 3480 lilius
395 3423 511 3480 familias
529 3430 559 3480 et
575 3440 671 3481 seruus
690 3425 787 3481 dantes
804 3426 956 3497 peculiares
974 3441 1100 3482 nummos
1117 3424 1254 3495 obligant:
1276 3423 1305 3480 id
1323 3425 1395 3480 enim
1412 3426 1469 3480 tale
1486 3429 1537 3495 est,
1555 3433 1584 3476 as

100 3517 186 3586 ‚quale
206 3515 231 3570 si
247 3515 389 3570 uoluntate
407 3518 519 3570 meatu
536 3513 586 3568 des
604 3515 762 3584 pecuniam:
780 3529 844 3570 nam
862 3515 929 3570 mibi
946 3515 1018 3570 aotio
1037 3514 1195 3585 adquiritur,
1213 3514 1278 3569 lieet
1294 3513 1349 3569 mei
1361 3513 1466 3569 nummi
1483 3527 1538 3569 non

75 3603 215 3660 tinerint.
252 3602 350 3659 Uerbis
368 3617 477 3674 quoque
495 3601 631 3658 oredimus
649 3603 767 3674 quodam
786 3609 851 3659 aetn
869 3604 905 3659 ad
923 3603 1116 3673 obligationem
1140 3602 1350 3674 eomparandam
1367 3601 1536 3672 interposito,

103 3693 190 3748 ndnti
208 3692 393 3762 stipulatione.
1180 3707 1182 3710 ·

70 3780 87 3840 3
156 3782 331 3838 Pomorms
348 3779 418 3835 libro
435 3780 585 3835 uicensimo
603 3781 719 3850 septimo
737 3779 773 3836 ad
791 3779 932 3836 Sabinum.
969 3779 1038 3836 (lum
1062 3779 1128 3851 quid
1152 3785 1276 3836 mutuum
1299 3779 1380 3837 dede-
1399 3773 1536 3864 Q
1554 3783 1589 3838 S'

102 3872 205 3940 rimus,
225 3869 278 3924 etei
295 3884 350 3926 non
368 3869 506 3939 canimus,
524 3873 556 3924 ut
573 3883 660 3938 aeque
677 3867 780 3925 bonum
797 3868 876 3925 nobis
893 3868 1067 3939 redderetur,
1086 3870 1223 3925 nonlicet
1239 3867 1356 3926 debitori
1373 3868 1536 3926 deteriorem
1555 3879 1584 3920 ao

102 3975 170 4029 rem,
189 3973 262 4029 quae
279 3973 314 4014 er
332 3959 429 4014 eodem
447 3972 548 4028 genere
565 3958 610 4028 sit,
628 3957 750 4028 reddere,
769 3958 855 4013 ueluti
872 3958 966 4014 uinum
983 3973 1086 4014 nonum
1102 3972 1153 4028 pro
1170 3962 1279 4013 uetere:
1302 3974 1365 4014 nam
1383 3958 1412 4014 iu
1429 3963 1536 4015 onnus·

101 4047 194 4105 hendo
212 4046 287 4120 qnod
305 4047 397 4116 agitur
413 4062 463 4117 pro
481 4052 562 4102 oanto
579 4045 735 4102 habendum
754 4049 805 4116 est,
823 4046 851 4101 id
869 4051 962 4102 antem
980 4047 1026 4116 agi
1044 4047 1218 4118 intellegitur,
1238 4050 1271 4102 ut
1287 4045 1410 4102 eiusdem
1428 4046 1536 4118 generis

101 4143 131 4195 et
148 4136 248 4194 adem
266 4135 390 4192 bonitate
408 4135 538 4204 soluatur,
557 4150 612 4205 qna
629 4134 725 4190 datum
743 4135 788 4190 sit.

66 4227 85 4284 4
156 4225 310 4282 [Immune
327 4223 395 4280 llbro
413 4224 574 4294 trigenaimo
592 4229 689 4294 quarto
708 4223 743 4278 ad
755 4222 895 4280 Sabinum.
925 4222 954 4278 Si
972 4223 1033 4294 quis
1051 4239 1103 4280 neo
1120 4239 1232 4280 oausam
1249 4239 1301 4280 neo
1317 4239 1380 4295 pro-
1398 4219 1535 4309 Q
1553 4229 1588 4285 S'

101 4316 225 4388 positum
242 4312 402 4372 foenerandi
419 4311 546 4369 babuerit
567 4317 596 4368 et
617 4316 650 4367 tu
672 4317 813 4382 empturos
835 4313 950 4383 praedia
966 4313 1164 4370 desideraueris
1181 4317 1305 4370 mutuam
1322 4313 1466 4384 pneumam
1483 4329 1535 4370 nee
1553 4324 1583 4366 es

101 4421 223 4494 luffa,
241 4421 285 4476 odi
302 4421 357 4476 a5
434 4421 470 4476 14
486 4419 603 4475 eandem
622 4435 671 4490 spe
688 4427 747 4475 sant
765 4428 792 4474 tn
809 4423 888 4475 lituro
905 4440 923 4475 a
940 4441 973 4474 m.
985 4439 1045 4484 rea,
1066 4421 1113 4492 U)]

100 4587 111 4621 ¹
129 4585 262 4639 oonstant
278 4579 380 4648 (Hatli
449 4580 461 4614 ¹
479 4580 553 4650 quia]
571 4592 643 4650 quae
661 4579 765 4647 (Helii
835 4580 847 4618 ⁸
865 4579 917 4650 est]
936 4579 992 4636 siti

100 4743 118 4798 3
143 4743 168 4797 si
192 4745 297 4796 eertum
321 4738 440 4812 petetur]
466 4749 504 4796 rie
528 4739 621 4795 latim
646 4747 722 4794 etiam
744 4739 794 4794 RS
847 4740 883 4795 20
900 4739 1020 4794 ereditur
1037 4753 1102 4810 ergo
1120 4739 1161 4793 P·
1213 4739 1250 4794 22
1267 4739 1353 4795 simus
1371 4739 1400 4794 P
1442 4739 1477 4796 23
1495 4739 1535 4796 ni·

99 4813 205 4884 (ρ.586
217 4813 264 4878 Η.)
309 4811 382 4882 eii]
401 4813 464 4881 resp
482 4811 510 4866 P
550 4805 705 4880 bereJ'F,
722 4809 794 4866 bene
847 4811 900 4867 obil
914 4811 959 4886 sl
979 4811 1074 4881 ueluti]
1090 4815 1154 4866 ...ut
1171 4810 1219 4878 P·,
1242 4811 1361 4867 ueluti
1414 4812 1449 4867 29
1466 4811 1535 4868 libro

99 4883 180 4940 PLU
222 4881 534 4954 tinterpr'a'etationem
545 4881 586 4936 Ρ
629 4879 795 4937 θοιοᾱοιιᾱιο
847 4881 913 4937 xxui
936 4881 973 4948 P,
998 4882 1067 4938 libro
1093 4881 1188 4937 xxuiiii
1219 4881 1245 4936 U
1302 4883 1339 4938 30
1365 4881 1488 4938 oabimns
1514 4883 1541 4937 F

101 4947 137 5010 Ρ
181 4957 215 5010 12
233 4955 349 5010 dioimns
367 4953 411 5021 ΡΙ
426 4969 541 5014 neruum
558 4953 596 5007 F*
638 4953 671 5008 17
691 4953 794 5022 praeoi·
847 4955 882 5008 31
895 4953 1017 5008 exodem
1026 4953 1080 5009 PU
1119 4953 1400 5025 33qua1qnodPLU
1441 4953 1535 5010 85de·

100 5028 182 5098 pinnt
203 5026 245 5081 P·
303 5027 337 5082 18
359 5026 479 5096 speeiem
502 5025 543 5079 P⁰
562 5025 568 5092 Ι
588 5024 636 5094 qui
657 5023 732 5079 aliud
755 5023 795 5078 pa
847 5023 908 5094 sid}
928 5025 952 5080 si
969 5025 1056 5082 desid.
1075 5025 1115 5080 P·
