3668 5356
145 215 615 266 nanxcnenronnnnxnmm.
813 191 899 272 633
1360 199 1436 268 xxi
1455 203 1475 268 3
1495 208 1573 264 1-3

146 357 250 426 emerit,
269 355 368 412 deinde
386 355 512 412 dominns
530 371 601 425 enm,
620 315 777 425 priusqtram
795 355 988 426 proprietatem
1000 371 1091 411 rerum
1103 357 1313 428 nancisceretur,
1331 363 1497 415 testamento
1508 359 1574 414 libe·

146 461 205 501 rum
224 461 286 501 esse
305 446 414 501 iusserit
431 445 510 515 eique
527 445 662 515 peculium
681 446 881 515 praeiegauerit
898 449 926 500 et
943 444 1069 500 uenditor
1086 461 1104 501 a
1121 462 1201 502 seruo
1218 461 1323 502 merces
1335 453 1428 518 petere
1441 449 1573 519 coeperit:

113 544 128 592 e
147 535 272 605 exceptio
294 536 323 591 in
346 533 448 590 factum
470 535 559 590 locnm
578 532 703 604 habebit,
725 535 790 604 quio
806 535 830 589 ie
848 539 913 589 mne
931 548 1028 589 cornus
1045 532 1143 590 inisset
1160 552 1222 591 cum
1241 539 1431 593 contraxisset.
1467 536 1575 606 Siquis

147 639 204 679 rem
222 625 332 694 emerit,
356 639 411 680 non
429 629 521 679 autem
538 622 621 678 suerit
638 624 663 678 ei
681 623 793 694 tradita,
816 623 865 679 sed
883 605 1084 694 poa'seseionem
1102 624 1161 679 sine
1178 625 1246 680 uitio
1264 624 1346 681 suerit
1362 631 1473 696 nectus,
1492 625 1576 681 habet

147 713 335 784 exceptionem
359 719 454 770 contra
474 713 657 783 uenditorem,
681 713 733 767 nisi
756 711 826 768 forte
843 713 970 768 uenditor
986 713 1087 767 iustam
1106 727 1217 768 causam
1235 713 1350 786 habeat,
1374 731 1422 770 cur
1440 730 1498 770 rem
1515 715 1574 770 uin-
1594 729 1608 772 c

147 802 233 858 dicet:
252 818 315 858 nam
334 803 403 858 etsi
421 801 563 857 tradiderit
580 801 790 873 possessionem,
808 799 891 856 fuerit
908 805 1000 856 autem
1017 801 1090 858 iusta
1108 817 1193 858 causa
1205 803 1356 860 uindicanti
1364 806 1382 875 ¹,
1400 804 1575 875 replicatione

147 891 281 947 adseram
298 892 486 961 exceptionem
505 895 604 950 utetur.

109 981 129 1040 2
201 981 372 1036 Porrronrns
395 979 464 1036 libro
487 980 609 1036 secundo
632 996 667 1036 ex
685 979 800 1035 Plautio.
837 978 867 1035 si
890 980 996 1035 aTitio
1013 978 1127 1035 fundum
1145 979 1244 1036 emeris
1261 981 1308 1050 qui
1326 980 1401 1038 Sem·
1420 975 1576 1066 Q
1595 993 1623 1048 Ε

147 1069 236 1141 pronii
254 1070 409 1139 eratisque
426 1069 477 1125 tibi
494 1069 611 1124 traditus
629 1068 719 1139 suerit,
737 1069 824 1139 pretio
843 1073 935 1124 autem
953 1069 1042 1124 soluto
1054 1069 1160 1124 Titius¹
1173 1068 1333 1140 Sempronio
1351 1070 1430 1126 heres
1442 1072 1577 1127 exstiterit

148 1163 177 1214 et
199 1158 316 1214 eundem
337 1156 451 1214 fundum
469 1159 576 1214 iieeuio
594 1158 749 1213 condiderit
766 1161 795 1212 et
810 1157 968 1213 tradiderit:
992 1158 1111 1214 Iulianos
1129 1159 1169 1213 ait
1186 1160 1300 1228 aequius
1317 1175 1379 1216 csse
1396 1160 1531 1232 priorem¹
1547 1164 1576 1215 te
1597 1177 1625 1218 rc

147 1248 226 1318 tueri,
245 1247 310 1318 quia
327 1251 356 1302 et
373 1247 396 1302 si
414 1248 472 1318 ipse
490 1248 580 1302 Titius
597 1246 711 1304 tirndum
730 1263 748 1302 a
765 1252 793 1302 te
808 1251 922 1318 peteret,
939 1248 1101 1318 exceptione
1112 1253 1330 1306 summoueretur
1341 1253 1370 1306 et
1381 1249 1405 1304 si
1417 1250 1476 1320 ipse
1487 1249 1577 1306 ditius

148 1353 209 1394 eum
228 1337 389 1408 possideret,
407 1336 566 1392 Publiciana
582 1342 699 1406 peteres.

111 1427 130 1487 3
200 1428 459 1483 Hannoonmsnos
480 1425 549 1482 libro
572 1431 650 1482 sexto
672 1425 739 1481 iuris
762 1425 980 1496 epitomatorem.
1015 1425 1150 1497 Exceptio
1172 1425 1212 1482 rei
1229 1425 1358 1482 uenditae
1376 1431 1405 1481 et
1421 1423 1577 1512 W
1596 1439 1622 1494 p

148 1516 264 1572 traditae
282 1532 337 1571 non
355 1519 461 1570 tantum
480 1515 505 1570 ei
523 1514 568 1570 oui
584 1530 629 1569 res
647 1515 748 1569 tradita
766 1518 816 1584 cst,
834 1513 884 1569 sed
896 1514 1101 1570 successoribus
1114 1516 1197 1571 etiam
1209 1515 1268 1570 eins
1280 1520 1309 1571 et
1321 1517 1436 1586 emptori
1449 1517 1577 1588 secundo,

148 1606 201 1661 etsi
225 1621 269 1660 res
291 1606 317 1660 ei
339 1620 394 1660 non
417 1601 500 1658 suerit
521 1603 636 1674 tradita,
659 1603 793 1674 proderit:
815 1604 930 1659 interest
952 1603 1025 1659 enim
1048 1604 1179 1674 emptoris
1202 1604 1283 1674 primi
1305 1604 1427 1661 secundo
1447 1621 1505 1661 rem
1523 1622 1578 1662 non
1597 1623 1625 1668 rc

116 1708 128 1753 1
148 1695 247 1750 eninci.
277 1694 340 1749 Pari
357 1693 463 1749 ratione
480 1692 632 1748 uenditoris
650 1693 733 1748 etiam
751 1693 956 1750 successoribus
973 1692 1096 1764 nocebit,
1114 1694 1174 1750 sine
1191 1694 1220 1751 in
1237 1695 1394 1751 uniuersum
1411 1695 1455 1752 ius
1472 1696 1532 1752 aine
1549 1696 1578 1753 in

96 1773 97 1780 '
148 1799 210 1839 eam
227 1783 371 1838 dumtaxat
388 1797 445 1839 rem
463 1782 653 1839 successerint

148 1899 311 1972 F[P(VU)]

148 2078 337 2218 ἑυὲηῗὲῗξᾱί
355 2077 456 2148 (deuii
514 2076 626 2135 ¹suerit
642 2077 730 2150 pretio
748 2077 846 2149 soluto,
864 2077 954 2134 Titius
971 2057 1063 2134 autem
1083 2077 1118 2146 (a
1131 2077 1181 2146 r.)?
1237 2077 1416 2149 'praetorem
1429 2080 1473 2154 (cs.
1484 2078 1522 2134 D.
1535 2079 1578 2145 44,

150 2319 390 2389 2preeregauerit
403 2318 442 2372 P‘
485 2318 547 2372 tei
565 2337 613 2372 om.
626 2317 744 2372 P⁶V·U⁰
760 2318 764 2385 Ι
780 2317 838 2373 eine
890 2335 920 2372 re
928 2324 1031 2389 pamiae
1042 2317 1086 2384 44,
1094 2318 1120 2383 4,
1128 2317 1154 2382 4,
1164 2315 1213 2371 32:
1230 2314 1276 2372 ἒὶκ
1288 2316 1413 2389 nmtdcpc
1424 2335 1466 2372 tros
1479 2317 1580 2390 aperus

149 2392 218 2446 mitio
282 2389 512 2460 tipoeeeasionem
530 2409 578 2443 om.
588 2391 635 2454 1³⁰,
653 2393 838 2461 supptmmnt.
891 2389 996 2476 Ti'erpor
1018 2389 1056 2444 tsi
1081 2388 1171 2444 Μθὼκ
1194 2387 1226 2444 τὸ
1243 2389 1339 2444 riasue
1361 2389 1519 2460 exposcere
1536 2409 1578 2445 seor

150 2463 168 2518 5
186 2462 312 2518 uenditor
334 2481 383 2516 om.
395 2459 501 2522 P‘VU¹
526 2463 556 2514 de
570 2501 575 2514 .
588 2461 628 2515 P·
681 2462 698 2516 9
721 2459 840 2516 traditus
891 2459 963 2526 ciro,
976 2460 1031 2516 cira
1044 2460 1187 2526 reedaeaoc
1198 2461 1303 2532 Πὲτρογ
1315 2461 1480 2530 erpone-roc
1493 2481 1514 2516 κ.
1523 2481 1547 2516 τ.
1556 2472 1579 2516 t

150 2532 233 2588 suerit
249 2533 337 2604 pretio
350 2535 441 2588 autem
454 2533 543 2588 soluto
571 2532 595 2587 is
614 2547 648 2588 ne
661 2531 710 2587 tibi
722 2532 839 2586 traditus
891 2532 919 2588 B
940 2533 945 2599 Ι
965 2533 1111 2603 sempronii
1129 2531 1201 2588 hires
1217 2532 1254 2586 F¹
1308 2533 1343 2587 10
1361 2531 1485 2589 uendidit
1501 2531 1583 2589 PVU

150 2603 232 2661 suerit
248 2605 337 2704 pretip
353 2605 455 2676 soluto,
474 2603 537 2660 dein
557 2618 574 2660 e
596 2548 722 2676 {liptanas
740 2611 767 2658 ta
783 2606 839 2659 ioco
892 2603 927 2660 14
944 2607 973 2660 et
990 2621 1039 2658 om.
1051 2601 1129 2660 ΡΠ·
1181 2603 1216 2660 16
1233 2603 1344 2660 noceuit
1359 2605 1398 2658 F·
