3510 5332
222 185 236 252 1
259 188 278 251 ι
301 191 415 246 19-30
910 179 966 258 22
1333 204 1379 252 nn
1401 202 1655 252 mornornnns

222 342 318 400 eundis
330 341 430 400 tabulis
442 341 524 398 datae
535 345 608 412 sunt,
620 345 650 397 et
660 341 746 398 multo
757 341 846 412 magis
858 339 1007 398 substituto
1020 355 1108 411 seruo,
1121 341 1186 398 item
1198 341 1344 414 legatariis,
1357 357 1438 400 nemo
1449 342 1567 400 dubitat.
1582 337 1655 426 Q

189 437 202 482 1
223 433 298 499 Quae
316 431 459 487 satisdatio
477 431 501 486 si
518 431 620 487 omissa
637 429 726 500 fuerit,
744 430 819 486 utilis
837 431 909 486 antio
926 431 956 486 lu
972 429 1163 500 adrogatorem
1181 429 1270 486 datur.

165 521 204 580 20
275 521 455 578 umonmns
479 519 548 577 libro
568 520 718 576 uicensimo
736 524 815 574 sexto
832 519 1010 590 digestorum.
1040 519 1117 574 Haeo
1134 523 1226 574 autem
1244 518 1386 576 satisdatio
1403 520 1494 576 looum
1511 517 1609 589 babet,
1632 519 1655 574 si
1674 521 1710 576 'll

222 609 347 680 impubes
365 610 491 666 deoesoit.
519 609 569 665 sed
587 609 639 664 etsi
656 607 691 662 de
708 608 812 678 pupillo
829 609 956 678 loquitur,
974 613 1067 664 tamen
1083 607 1136 664 hoe
1153 613 1183 664 et
1199 609 1228 663 in
1245 609 1348 678 pupilla
1365 607 1569 666 obseruandum
1587 613 1638 662 est.
1673 625 1687 664 s

164 699 201 758 tt
276 699 370 755 Gerus
386 699 455 754 libro
473 697 602 768 singulari
620 697 784 768 regularum.
814 697 884 752 Nam
902 703 932 754 et
947 695 1065 753 feminae
1083 712 1118 752 ex
1135 697 1267 767 rescripto
1284 698 1414 768 principis
1432 697 1480 754 ad-
1499 692 1655 782 Q
1685 708 1739 762 s·

220 788 312 858 rogari
329 791 453 858 possunt.

164 876 203 934 12
276 875 425 933 Uunmnue
442 875 510 932 libro
522 875 671 932 uicensimo
683 879 762 930 sexto
774 873 963 930 udSabinum.
987 872 1017 930 Si
1029 874 1176 945 edrngator
1185 875 1335 932 decesserit
1344 873 1486 946 impubere
1499 869 1655 959 [Q
1685 886 1704 940 s

103 997 110 1010 =
221 966 314 1021 relicto
326 964 381 1022 lilio
394 965 524 1034 adoptiuo
537 969 566 1020 et
576 979 640 1020 mox
651 963 777 1034 impubes
789 963 913 1034 denudat,
925 979 961 1019 an
972 963 1087 1020 heredes
1099 964 1268 1046 adrogatoris
1280 963 1443 1020 teneantur?
1470 969 1498 1020 et
1509 963 1655 1042 dicendum

188 1067 201 1112 1
221 1060 264 1110 est
286 1054 401 1110 heredes
423 1069 532 1124 quoque
555 1053 727 1109 restituturos
751 1057 780 1108 et
802 1051 878 1109 bona
898 1052 1024 1122 adrogati
1047 1058 1076 1110 et
1092 1059 1235 1124 praeterea
1251 1057 1375 1122 quedam
1393 1058 1508 1123 purtem.
1545 1051 1603 1108 Sed
1620 1069 1656 1108 au

221 1142 355 1214 impuberi
372 1142 519 1212 adrogatur
537 1140 701 1198 substituere
719 1141 820 1212 possit,
845 1142 996 1211 quaeritur:
1020 1146 1049 1197 et
1065 1147 1132 1214 puto
1150 1158 1205 1198 uon
1224 1141 1331 1198 admitti
1348 1140 1585 1210 substitutionem,
1604 1141 1656 1196 uisi
1674 1161 1699 1201 ro

221 1231 291 1288 lorte
314 1231 349 1287 od
372 1236 496 1302 quartam
515 1231 600 1286 solam
619 1247 701 1300 quam
720 1245 755 1286 ex
772 1229 852 1286 bonis
870 1231 929 1286 eius
947 1231 1134 1302 eonsequitur,
1158 1236 1188 1287 et
1205 1230 1337 1286 haetenus
1354 1231 1428 1288 otei
1446 1244 1534 1299 ueqne
1551 1228 1590 1284 nd
1606 1246 1655 1299 pn·

220 1320 354 1376 bertatem
372 1318 529 1376 substituat.
562 1324 683 1375 netarum
701 1320 725 1375 si
742 1317 807 1376 fidei
824 1320 884 1374 eins
902 1319 1062 1390 committat,
1081 1325 1113 1376 ut
1130 1319 1293 1390 quandoque
1310 1319 1450 1389 restituat,
1474 1333 1530 1375 non
1547 1324 1657 1390 oportet

221 1410 329 1465 admitti
346 1408 601 1479 fideicommissum,
624 1409 690 1478 quia
706 1408 759 1464 boo
776 1422 832 1466 nou
849 1407 950 1464 iudioio
968 1408 1028 1463 eius
1046 1408 1082 1463 nd
1100 1423 1163 1464 eum
1180 1409 1318 1479 peruenit,
1339 1406 1388 1464 sed
1405 1409 1549 1478 principali
1565 1408 1656 1478 proui-

187 1509 202 1554 ι
221 1498 322 1554 dentia
349 1499 426 1556 Haeo
443 1498 535 1558 omnin
553 1497 669 1554 dioenda
687 1503 759 1568 sunt,
777 1498 837 1554 siue
855 1497 883 1552 in
901 1497 990 1552 lenum
1008 1495 1057 1552 filii
1074 1497 1134 1552 siue
1151 1497 1180 1552 in
1197 1499 1286 1554 looum
1304 1497 1413 1567 nepotis
1427 1497 1527 1567 aliquis
1536 1497 1586 1552 im·
1605 1492 1656 1580 [sol

220 1587 350 1658 puberem
368 1587 551 1656 adrogauerit.
1673 1604 1701 1646 ιι

163 1673 202 1734 23
273 1678 393 1733 Psuuue
419 1675 487 1732 libro
513 1675 672 1746 trigensimo
700 1676 795 1745 quinto
821 1675 858 1731 nd
884 1675 1014 1732 edictum.
1051 1675 1103 1740 Qui
1125 1675 1155 1732 iu
1176 1675 1350 1746 adoptionem
1387 1685 1656 1746 B.ee,1,1e.1tp.t‚to
1684 1685 1712 1741 s

221 1766 314 1835 datur,
339 1765 382 1820 bie
400 1754 694 1834 quibus'adgnasoitur
711 1769 740 1819 et
757 1769 890 1834 cognatus
908 1763 952 1836 fit,
971 1763 1071 1834 qubus
1087 1779 1154 1820 uero
1172 1779 1226 1822 nou
1248 1763 1425 1834 adgnoscitur
1446 1779 1497 1818 neo
1521 1769 1656 1833 eoguaurs

221 1853 264 1910 fit:
283 1854 393 1924 adoptio
412 1854 483 1908 enim
503 1868 558 1909 non
575 1854 618 1908 ius
635 1853 785 1923 sanguinis,
803 1853 854 1908 sed
870 1854 913 1909 ius
925 1853 1098 1924 sdmtionis
1109 1851 1207 1908 adfert.
1235 1858 1264 1908 et
1274 1853 1336 1909 ideo
1349 1853 1372 1908 si
1383 1851 1468 1908 filium
1480 1851 1655 1922 ednptnuero,

220 1959 289 2000 uxor
313 1958 375 1998 mea
397 1942 436 1998 illi
453 1942 547 1996 matris
565 1943 625 1998 loeo
643 1957 697 1996 non
715 1946 770 2011 est,
794 1957 883 2012 neque
901 1943 973 1998 enim
991 1942 1168 2012 udgussoitur
1184 1942 1224 2012 ei,
1247 1941 1450 2012 propterquod
1468 1956 1519 1998 neo
1536 1947 1656 2012 eognata

220 2033 279 2088 eius
303 2031 347 2087 fit:
369 2031 435 2086 item
459 2046 510 2086 nee
533 2035 621 2086 meter
643 2045 705 2086 mea
722 2031 1009 2101 ammonitrum,
1033 2021 1160 2101 quoniam
1178 2030 1234 2100 bis,
1258 2033 1305 2102 qui
1322 2037 1401 2088 extra
1416 2029 1547 2088 familiam
1566 2047 1655 2086 meam
1671 2047 1696 2089 ιι

220 2125 295 2191 sunt,
319 2136 374 2176 non
395 2119 585 2189 adgnasoitus:
609 2119 659 2174 sed
672 2117 749 2174 vlilino
773 2119 896 2176 meaeie
919 2134 1000 2189 quem
1025 2119 1157 2190 adoptaui
1179 2117 1264 2176 irater
1285 2118 1329 2190 lit,
1352 2121 1479 2189 quoniam
1501 2120 1531 2176 iu
1553 2118 1656 2176 familis

220 2225 282 2265 mea
299 2213 342 2264 est
358 2207 427 2264 filiu:
447 2209 550 2278 nuptiis
567 2213 661 2263 tamen
677 2208 760 2264 etium
778 2223 873 2264 eornm
890 2207 1042 2278 prohibitis.
1359 2259 1362 2274 ,

163 2296 202 2354 24
273 2297 424 2354 Unmmeus
446 2295 515 2352 lrbro
537 2297 626 2367 primo
649 2295 874 2367 disputationum.
910 2297 1006 2367 Neque
1024 2296 1124 2366 absens
1142 2313 1231 2368 neque
1249 2297 1413 2354 dissentiens
1431 2297 1478 2353 ad·
1497 2292 1654 2381 Qu
1683 2307 1700 2362 s

219 2388 310 2458 rogari
326 2392 427 2457 potest.
1074 2433 1076 2442 ,
1376 2397 1378 2402 ’
1670 2403 1696 2446 ιι

163 2472 201 2534 db
272 2477 351 2532 Innu
368 2475 437 2532 libro
454 2477 549 2546 quinto
562 2473 729 2544 opinionum.
756 2473 823 2530 Post
834 2479 949 2532 mortem
961 2473 1034 2530 tiliae
1045 2490 1120 2544 suae,
1139 2490 1210 2546 quae
1222 2479 1254 2530 ut
1265 2479 1352 2530 muter
1362 2473 1479 2530 familias
1497 2471 1654 2560 Q
1682 2486 1699 2541 s

220 2565 298 2635 quasi
320 2566 379 2620 iure
402 2565 574 2635 emancipata
598 2565 705 2620 uixerat
728 2569 757 2619 et
773 2568 937 2620 testamento
955 2564 1065 2636 seriptis
1082 2563 1229 2620 heredibus
1246 2564 1378 2634 decessit,
1401 2564 1534 2620 aduemus
1551 2563 1654 2620 iseum

220 2669 313 2724 suum,
337 2654 416 2724 quusi
439 2665 493 2709 nou
516 2655 574 2709 iure
595 2669 656 2710 eam
674 2668 725 2708 neo
742 2651 934 2723 praesentibus
951 2651 1069 2712 testibus
1087 2652 1299 2724 emancipasset,
1322 2658 1401 2723 peter
1418 2668 1529 2710 monere
1548 2659 1654 2710 nonno

187 2751 200 2797 1
219 2743 337 2798 noreiam
361 2741 527 2814 prohibetur.
559 2743 654 2812 Neque
678 2741 810 2812 adoptare
831 2755 920 2811 neque
938 2741 1071 2812 aurosum
1089 2741 1150 2810 quis
1168 2741 1268 2797 absens
1285 2757 1336 2796 neo
1353 2739 1503 2812 paralium
1521 2742 1655 2798 eiusmodi

219 2831 427 2887 sollemnitatem
445 2819 578 2902 peragere
595 2835 696 2901 potest.
1671 2846 1696 2888 te

162 2918 201 2977 26
272 2919 415 2976 Iunmnue
437 2919 506 2980 libro
528 2920 752 2990 septuagensimo
774 2919 952 2988 digestorum.
988 2917 1075 2984 Quem
1097 2915 1169 2974 filius
1193 2933 1270 2974 meus
1291 2919 1479 2989 emanoipatne
1511 2915 1654 2988 been—un
1683 2929 1701 2984 s

220 3009 401 3080 adoptauerit,
419 3010 444 3064 is
461 3023 548 3078 nepos
566 3023 643 3064 mens
660 3023 716 3064 non
733 3007 794 3062 erit.

162 3095 201 3154 b'l
272 3099 350 3155 luem
367 3098 436 3154 labro
452 3097 640 3167 octogensimo
652 3096 748 3167 quinto
760 3095 937 3166 digestorum.
964 3095 1007 3151 llx
1019 3095 1149 3166 ndoptiuo
1161 3099 1242 3152 natus
1253 3095 1376 3166 adoptiui
1388 3097 1477 3152 looum
1497 3091 1653 3180 [nsso‘ffl‘s
1682 3108 1701 3162 s

219 3187 325 3259 optinet
341 3188 369 3243 in
386 3188 445 3242 iure
462 3187 544 3241 oiulli.
1510 3174 1653 3182 *-

162 3271 201 3332 28
273 3275 366 3332 Gerus
383 3274 451 3330 libro
468 3275 556 3346 primo
573 3273 937 3339 institutionum.'Libernm
949 3273 1089 3330 arbitrium
1123 3286 1172 3333 nau
1184 3288 1206 3343 1,
1218 3288 1327 3333 rnorem
1349 3285 1366 3332 1.
1377 3287 1399 3342 1,
1411 3287 1448 3340 ιι,
1460 3287 1482 3332 ι.
1503 3287 1528 3332 u.
1540 3289 1578 3343 ιι,
1590 3290 1612 3344 1,
1624 3289 1654 3336 ιι
1683 3285 1701 3338 s

220 3371 263 3421 est
280 3366 314 3434 ei,
334 3365 381 3434 qui
398 3362 484 3420 filium
502 3369 532 3420 et
549 3379 584 3420 ex
601 3377 635 3419 en
654 3367 782 3433 nepotem
800 3363 828 3418 in
846 3368 983 3434 potestate
996 3362 1115 3432 babebit,
1133 3361 1218 3418 filium
1230 3363 1340 3432 quidem
1351 3369 1488 3434 potestate
1500 3365 1653 3436 demittere,
1671 3380 1697 3422 ιι

220 3459 348 3525 nepotem
366 3467 433 3508 uero
450 3453 479 3508 in
496 3457 634 3524 potestate
652 3453 782 3508 retinere:
800 3453 846 3508 uel
863 3467 898 3506 ex
916 3452 1025 3508 diuerso
1042 3451 1127 3508 filium
1145 3451 1255 3521 quidem
1274 3453 1301 3508 iu
1313 3457 1450 3522 potestate
1462 3454 1589 3525 retinere,
1607 3471 1653 3510 ne·

219 3549 312 3615 potem
331 3557 397 3598 nero
416 3542 620 3598 manumittere:
638 3529 795 3598 uel'omnes
814 3541 857 3596 sni
874 3541 940 3597 iuris
958 3539 1074 3598 effluere.
1102 3541 1198 3598 eudem
1216 3547 1246 3596 et
1262 3541 1297 3596 de
1315 3547 1465 3612 pronepote
1477 3541 1487 3614 ΙΙ
1501 3543 1577 3599 diota
1592 3559 1654 3600 esse
1669 3551 1724 3602 tre

219 3632 416 3702 intellegemus.

163 3716 201 3776 te
273 3719 498 3776 Ommsnnsnus
515 3717 583 3774 libro
602 3717 723 3774 seeundo
740 3718 949 3774 institutionum.
982 3717 1014 3774 Si
1032 3724 1112 3790 pater
1128 3719 1258 3774 naturalis
1276 3719 1350 3789 loqui
1367 3719 1477 3790 quidem
1497 3716 1652 3805 Q
1681 3731 1700 3784 s

220 3825 275 3864 non
294 3809 389 3878 possit,
407 3809 461 3864 alio
478 3813 571 3863 temen
589 3807 671 3863 modo
689 3821 770 3878 quam
789 3823 914 3863 sermone
932 3807 1105 3864 manifestum
1123 3807 1214 3864 faeere
1231 3809 1320 3878 possit
1336 3809 1406 3864 uelle
1423 3824 1454 3864 se
1470 3807 1557 3866 filium
1573 3827 1653 3866 snum
1670 3825 1695 3866 so

219 3899 247 3953 in
266 3897 441 3968 adoptionem
460 3898 539 3952 dare:
558 3896 671 3968 perinde
690 3895 862 3952 confirmatur
880 3896 1000 3968 adoptio,
1019 3913 1052 3952 ao
1070 3898 1093 3952 si
1111 3897 1169 3953 iure
1187 3895 1260 3952 saeta
1277 3901 1359 3952 esset.

162 3983 202 4042 30
274 3987 392 4044 Psunus
414 3985 484 4042 libro
506 3986 595 4056 primo
617 3986 781 4055 regularum.
817 3985 853 4040 Et
876 3987 922 4055 qui
945 4001 1043 4044 uxores
1066 4001 1120 4042 non
1139 3985 1241 4042 babent
1257 3984 1327 4042 filios
1346 3985 1477 4057 adoptare
1509 3999 1652 4058 bennae
1682 3996 1700 4050 S

219 4081 343 4146 possunt.

218 4199 344 4270 mvii)

221 4393 443 4451 ldubitabutP⁶
494 4392 766 4449 dobsorbandan
812 4392 909 4450 5fimi-
961 4394 1020 4450 nitu
1031 4395 1068 4448 F¹
1112 4393 1217 4464 teneo]
1232 4395 1317 4449 neP⁵
1332 4395 1337 4462 Ι
1353 4393 1512 4450 extra'm'F
1553 4395 1651 4452 bifro-

219 4482 271 4522 nae
298 4467 334 4519 Ρ
354 4467 359 4534 Ι
380 4466 513 4535 adrogare
540 4465 586 4531 P·,
614 4465 790 4528 γῑοθετοῨιτιι
821 4467 909 4603 TWi
962 4463 1047 4522 terit
1058 4465 1341 4534 (estPlUlquoniam
1352 4466 1380 4520 in
1391 4465 1495 4522 familia
1506 4482 1569 4522 mea
1580 4471 1653 4532 (mae

219 4537 313 4594 Se's't
331 4537 383 4592 die.
401 4537 428 4589 F
475 4537 652 4592 breetituere
670 4552 701 4592 se
718 4537 791 4592 bona
806 4537 833 4590 P
963 4537 1010 4602 po)
1025 4542 1068 4592 est
1081 4535 1240 4600 fiuafftu,
1251 4535 1651 4593 ιιιιιιιιίιιιἰιίιιιιιοιι.1111οΡΙ

219 4615 363 4680 propterea
376 4609 414 4662 P·
463 4607 667 4678 nusquitan
709 4609 908 4678 lisiom.P·l
962 4610 997 4663 28
1008 4607 1105 4662 absem
1113 4608 1150 4660 ΓΙ
1162 4607 1265 4678 lneque
1276 4607 1533 4677 P·lbuiusmodiP
1561 4609 1594 4664 31
1605 4625 1649 4664 ne

219 4681 258 4750 ut]
272 4680 348 4734 atF¹
404 4680 437 4734 13
450 4677 744 4744 fideioom'm'ieeumd}
761 4677 908 4734 fideicom-
962 4695 1013 4764 pos
1025 4677 1111 4748 meus]
1124 4695 1201 4734 meus
1213 4680 1259 4742 P·,
1275 4695 1351 4734 meus
1363 4695 1451 4750 nepos
1462 4679 1533 4734 Plu
1577 4681 1649 4735 33in

220 4753 319 4807 missus
342 4752 381 4806 1²⁶
402 4753 407 4818 Ι
427 4750 488 4820 bon]
516 4749 584 4806 haee
608 4751 656 4814 P·¹,
678 4769 726 4804 om.
743 4751 789 4816 Ul
808 4749 909 4805 indioio
962 4749 1029 4834 rure]
1047 4765 1096 4804 ure
1115 4751 1153 4804 P·
1214 4751 1250 4806 35
1268 4757 1311 4805 est
1329 4751 1363 4821 ei]
1382 4751 1408 4806 ei
1426 4752 1473 4816 1²⁶,
1492 4751 1516 4805 ei
1535 4756 1579 4806 est
1601 4750 1649 4822 Vl

219 4823 287 4892 eius]
306 4821 368 4878 dieo
386 4823 426 4876 Ρ·
480 4823 513 4876 16
532 4821 677 4891 adoptione
696 4823 724 4874 P
773 4823 806 4876 ll
820 4827 908 4876 eterra.
962 4821 1098 4876 dimittere
1117 4821 1199 4874 PVU
1252 4823 1286 4876 37
1311 4827 1340 4876 et
1356 4821 1408 4878 *de
1425 4821 1464 4875 Ρ
1515 4823 1551 4886 38
1574 4823 1649 4877 intel·

220 4893 301 4948 PVU
350 4895 383 4950 18
394 4893 475 4949 offert
487 4893 556 4961 PUl
572 4891 747 4962 adoptauero]
761 4891 909 4962 adoptaue·
961 4893 1070 4962 ligimus
1078 4891 1160 4945 PVU
1191 4890 1424 4962 40laopotestP
1448 4892 1556 4960 se's'Fl
1571 4909 1648 4949 suum

219 4965 254 5024 rit
270 4965 298 5030 E
317 4964 504 5036 adoptauerim
518 4963 596 5019 Your.
652 4964 684 5020 19
704 4962 775 5034 'p'illi
788 4963 829 5032 F!
845 4977 908 5033 eog-
962 4983 1011 5018 om.
1024 4963 1078 5018 PU
1126 4963 1159 5017 41
1179 4961 1380 5036 eonfirslmutur
1396 4965 1424 5017 F
1453 4965 1513 5019 iura
1531 4965 1571 5018 P·
