3584 5356
275 191 305 258 V
325 193 345 258 2
363 197 381 252 8
951 180 1036 261 176
1428 206 1474 253 ou
1496 205 1713 254 morrroroso

277 361 324 404 eo:
347 347 433 416 ipsius
451 344 523 400 enim
541 343 639 399 iniuria
661 348 713 399 est.
741 343 866 413 sequenti
883 342 944 398 loeo
962 341 1069 412 seribit,
1092 342 1117 398 si
1139 339 1211 398 lilius
1233 346 1298 412 post
1314 343 1455 413 ιᾱςιίιιιι
1473 343 1530 400 litis
1546 342 1714 399 ordinandae

276 435 366 506 gratia
384 433 515 489 benonim
533 431 735 502 possessiouem
753 431 911 502 deoesaerit,
929 429 1035 486 linitam
1053 445 1116 486 esse
1134 429 1278 486 inofficiosi
1295 430 1452 501 querellam,
1471 445 1543 500 quae
1560 447 1615 486 uon
1632 431 1713 502 patri,

245 535 257 581 1
277 523 326 578 aed
344 523 453 577 nomine
471 513 591 576 dabatur
605 519 678 574 iilii1.
706 519 736 575 Si
754 521 816 589 quis
833 524 898 590 post
914 533 972 573 reru
990 516 1134 574 iuoffieiosi
1152 519 1305 574 ordinatam
1322 520 1397 575 litem
1417 519 1598 590 dereliquerit,
1616 525 1715 589 postea

244 623 334 668 suen
350 609 484 665 audietur.
512 607 541 664 Si
559 609 706 678 imperator
729 609 766 663 sit
782 607 862 664 heres
879 607 1032 677 institutus,
1056 621 1139 678 posse
1161 605 1343 663 iuoffieiosum
1366 607 1421 662 dioi
1442 612 1637 666 testamentum
1655 622 1713 662 sae·

244 700 388 770 spissime
405 697 566 768 rescriptum
584 702 634 752 est
671 697 837 766 Papinianus
860 695 930 751 libro
953 695 1074 750 meando
1097 710 1290 764 responsorum
1312 697 1352 752 ait
1374 700 1470 752 ooutra
1486 696 1610 751 ueterani
1627 696 1745 766 patrias

275 786 393 842 familias
409 789 605 841 testamentum
623 799 684 840 esse
701 783 845 840 iuoffioiosi
862 784 1023 853 querellam,
1048 784 1101 839 etsi
1123 798 1158 838 ea
1179 784 1239 839 sola
1261 784 1335 840 bona
1356 783 1453 840 babuit
1475 799 1547 854 quae
1569 785 1599 840 in
1617 784 1713 838 ommis

243 887 259 933 4
276 876 440 946 quaesierat
476 871 506 928 Si
523 874 584 943 quis
601 873 630 928 iu
649 873 745 928 militia
762 871 858 928 feeerit
873 877 1069 928 testamentum
1087 877 1116 926 et
1133 872 1204 926 intra
1222 889 1323 928 annum
1340 878 1405 942 post
1419 873 1542 928 militiam
1554 872 1712 941 deoessorit,

276 963 372 1019 dubito
390 979 439 1032 an,
463 962 528 1032 quia
546 961 581 1016 ad
599 961 651 1017 hoe
668 977 755 1031 usque
772 961 904 1031 temporis
926 962 985 1018 iure
1006 961 1116 1016 militari
1132 965 1328 1020 testameumm
1345 962 1404 1016 eius
1422 962 1509 1030 ualet,
1534 961 1656 1030 querella
1673 961 1712 1015 iu·

243 1063 258 1112 s
276 1051 391 1108 offieiosi
409 1056 512 1106 oesset:
536 1055 565 1104 et
581 1054 674 1118 potest
691 1049 752 1104 diei,
763 1050 911 1119 querellam
928 1047 1072 1104 iuoifioiosi
1089 1063 1207 1104 oessare.
1245 1047 1301 1104 Sed
1325 1064 1376 1104 ιιι
1393 1048 1542 1120 impuberis
1559 1047 1609 1104 lilii
1627 1053 1714 1104 mater

275 1137 457 1195 iuoifioiosum
474 1143 669 1194 testamentum
680 1128 767 1207 dioit,
790 1139 855 1206 quia
872 1143 952 1206 pater
969 1138 995 1193 ei
1012 1138 1064 1193 hoo
1088 1135 1153 1192 ieoit
1175 1139 1215 1200 (et
1231 1138 1270 1192 ita
1287 1138 1454 1208 Papinianus
1471 1137 1638 1208 respouditl:
1661 1151 1712 1192 neo
1731 1151 1758 1192 ro

275 1228 361 1299 patris
379 1226 469 1296 irater,
488 1226 552 1295 quia
569 1223 617 1280 filii
635 1229 830 1281 testamentum
848 1231 905 1281 est:
924 1241 990 1296 ergo
1008 1241 1060 1282 neo
1077 1223 1162 1281 frater
1180 1225 1336 1296 impuberis,
1356 1226 1379 1280 si
1391 1226 1478 1296 patris
1489 1241 1545 1281 nou
1557 1225 1635 1282 dixit
1662 1224 1712 1280 sed

276 1317 299 1372 si
317 1317 346 1371 iu
362 1315 449 1384 patris
465 1313 607 1369 obtentum
625 1318 676 1383 est,
694 1329 746 1370 neo
763 1313 815 1368 hoo
833 1313 949 1369 ualebit:
968 1315 1020 1369 nisi
1037 1315 1061 1369 si
1073 1329 1123 1382 pro
1134 1319 1211 1384 parte
1223 1315 1309 1384 patris
1321 1315 1467 1370 reseissum
1480 1319 1537 1370 est:
1555 1319 1622 1370 tuuo
1639 1313 1710 1368 euim

243 1405 408 1475 spupillare
425 1403 508 1458 ualet
544 1401 653 1472 Siquis
672 1403 767 1458 mortis
785 1417 870 1457 oausa
887 1399 942 1456 lilio
961 1401 1105 1457 donauerit
1128 1407 1253 1472 quartam
1276 1407 1383 1472 partem
1407 1404 1466 1458 eius
1490 1402 1565 1472 quod
1589 1402 1626 1456 ad
1649 1417 1711 1456 eum

243 1505 257 1551 7
275 1498 350 1549 esset
366 1497 575 1562 pemeuturum,
599 1491 624 1546 ai
645 1491 792 1546 intestatus
815 1495 894 1560 pater
911 1488 1028 1546 familias
1051 1491 1229 1562 deoessisset,
1253 1495 1321 1562 puto
1345 1507 1442 1547 seoure
1460 1507 1522 1546 eum
1541 1490 1646 1546 testari.
1683 1487 1713 1544 Si

275 1582 337 1651 quis
354 1579 489 1650 impuberi
506 1577 562 1634 lilio
580 1578 722 1634 substituit
740 1579 876 1634 secundas
893 1578 1002 1634 tabulas
1020 1577 1156 1650 faciendo,
1175 1595 1229 1635 non
1248 1579 1283 1636 ob
1302 1580 1355 1636 hoo
1366 1580 1543 1635 admittemus
1555 1580 1646 1648 ipsum
1663 1579 1712 1632 im·
1731 1591 1759 1632 rs

243 1683 257 1729 s
275 1669 406 1740 puberem
424 1668 460 1723 ad
477 1666 622 1724 iuoffioiosi
638 1669 795 1738 querellam.
832 1667 966 1733 Quoniam
987 1673 1079 1723 autem
1098 1673 1197 1738 quarta
1214 1668 1324 1724 debitae
1341 1668 1475 1739 portionis
1492 1665 1595 1722 suffieit
1612 1666 1649 1722 ad
1667 1681 1712 1722 ex-

275 1756 438 1813 eludendam
461 1757 624 1826 querellam,
648 1755 798 1812 uidendum
821 1756 873 1810 erit
896 1771 931 1811 an
954 1755 1137 1812 exheredatus
1160 1763 1266 1828 partem
1283 1755 1367 1812 faeiat
1383 1757 1433 1826 qui
1450 1771 1506 1812 uon
1522 1757 1658 1826 queritur:
1682 1761 1713 1811 ut

275 1851 343 1917 puta
361 1861 455 1900 summ
474 1844 529 1900 duo
546 1843 597 1899 lilii
612 1843 779 1900 exheredati.
807 1848 836 1899 et
853 1845 946 1914 utique
965 1843 1060 1914 laeiet,
1078 1851 1110 1900 ut
1126 1846 1293 1916 Papinianus
1310 1844 1459 1915 respoudit,
1478 1849 1506 1899 et
1523 1845 1548 1899 si
1565 1843 1656 1900 dioam
1673 1845 1712 1900 in·

275 1934 436 2004 oideiosum,
454 1949 509 1989 uon
526 1937 614 1988 totam
631 1931 810 1988 hereditatem
828 1931 925 2002 debeo,
943 1933 993 1988 sed
1011 1933 1152 1988 dimidiam
1169 1939 1272 2004 petere.
1306 1933 1419 2004 proinde
1437 1933 1462 1988 si
1479 1933 1534 1988 siut
1551 1947 1587 1988 ex
1605 1931 1713 1988 duobus

274 2021 337 2079 liliis
354 2026 485 2092 nepotes,
506 2035 541 2076 ex
559 2036 614 2076 uno
631 2021 736 2090 plures,
759 2025 816 2075 tres
831 2025 915 2090 puta,
943 2035 978 2076 ex
998 2037 1053 2076 uuo
1070 2037 1155 2078 unus:
1178 2015 1289 2078 umorum
1313 2023 1468 2092 ιιιιιιιίι,
1493 2037 1587 2076 ιιιιι
1603 2036 1638 2076 ex
1659 2021 1712 2076 illis
1731 2033 1758 2074 ao

242 2111 416 2168 esemuneia
433 2109 553 2180 querella
570 2109 699 2164 excludit
729 2109 832 2175 Quarta
849 2113 942 2164 autem
960 2109 1109 2180 aooipietur
1126 2111 1231 2166 seilioet
1248 2111 1367 2167 dedueto
1386 2125 1449 2166 aere
1461 2110 1550 2165 alieno
1562 2113 1590 2164 et
1608 2107 1711 2164 funeris

274 2201 412 2270 impensa:
431 2197 481 2252 sed
499 2213 535 2252 au
553 2202 581 2252 et
597 2196 738 2252 libertates
756 2201 881 2266 quartam
896 2197 1028 2268 minuunt,
1045 2198 1194 2254 uidendum
1208 2204 1259 2255 est
1288 2205 1317 2255 et
1328 2199 1466 2284 pemquid
1483 2198 1627 2252 minuant?
1648 2213 1712 2252 uam

274 2289 307 2358 si,
326 2303 388 2343 eum
407 2287 468 2356 quis
486 2301 522 2341 ex
540 2299 607 2367 assei
620 2285 700 2340 heres
718 2285 860 2341 institutus
878 2291 935 2357 est,
957 2287 1020 2343 ideo
1039 2303 1094 2343 non
1111 2292 1203 2358 potest
1220 2287 1311 2342 dioere
1329 2285 1523 2356 inofficiosum,
1543 2286 1612 2356 quia
1628 2285 1713 2342 habet

274 2376 436 2444 Faloidiam,
454 2373 578 2428 Paloidia
594 2379 687 2428 autem
705 2373 846 2429 libertates
864 2389 919 2431 nou
937 2376 1047 2431 minuit:
1070 2381 1163 2446 potest
1182 2375 1237 2430 dioi
1254 2375 1379 2432 deductis
1396 2375 1569 2432 libertatibus
1586 2379 1711 2444 quartam

274 2464 429 2520 ineundam.
466 2477 529 2517 oum
547 2461 630 2531 igitur
647 2462 738 2532 plaoet
755 2467 880 2531 quartam
898 2464 983 2518 minui
1000 2479 1050 2534 per
1067 2465 1221 2533 libertates,
1240 2464 1351 2519 eueniet
1368 2469 1407 2534 ut,
1426 2465 1473 2534 qui
1491 2477 1587 2520 seruos
1604 2467 1712 2518 tautum
1731 2476 1758 2516 re

275 2553 358 2609 habet
375 2554 403 2608 in
420 2549 583 2622 patrimonio
602 2564 660 2619 suo,
679 2549 771 2606 dando
789 2551 830 2605 eis
847 2551 1001 2608 libertatem
1018 2550 1163 2607 iuoffioiosi
1181 2553 1329 2622 querellam
1347 2553 1490 2608 excludat:
1509 2553 1561 2608 uisi
1579 2549 1650 2607 sorte
1668 2551 1713 2606 bio

273 2640 358 2711 dliua,
382 2641 406 2696 si
423 2655 479 2696 uon
496 2637 548 2694 luit
564 2637 594 2692 iu
611 2641 761 2708 potestate,
785 2645 898 2708 epatre
917 2638 995 2694 heres
1013 2641 1154 2695 institutus
1179 2641 1275 2696 merito
1297 2642 1399 2697 omittit
1421 2641 1600 2696 hereditatem
1624 2645 1654 2694 st
1676 2639 1712 2695 ad

274 2729 453 2786 substitutum
470 2727 658 2782 trasmittere
675 2726 823 2795 querellam
841 2721 986 2784 inofliciosi
1003 2729 1136 2798 instituet,
1154 2729 1216 2784 uel¹
1228 2727 1264 2784 ab
1277 2729 1407 2785 intestato
1420 2730 1488 2784 eitra
1499 2729 1582 2784 edisti
1594 2743 1712 2798 poenam

226 2829 256 2874 ιο
273 2817 376 2873 habeat
391 2814 580 2871 hereditatem.
616 2813 646 2869 Si
665 2814 816 2870 oondioioni
833 2830 930 2884 parere
948 2821 1064 2872 testator
1080 2816 1209 2872 heredem
1231 2817 1312 2872 iussit
1334 2817 1362 2872 in
1382 2833 1499 2888 persona
1516 2816 1565 2872 iiiii
1583 2817 1627 2872 uel
1645 2817 1711 2872 alte·

273 2905 330 2961 rius
348 2905 395 2974 qui
413 2903 528 2960 eandem
547 2903 694 2972 querellam
713 2918 824 2960 mouere
841 2909 934 2974 potest
951 2909 980 2960 et
997 2906 1129 2988 soiens‘is
1147 2906 1265 2975 aooepit,
1284 2905 1441 2975 uidendum,
1459 2921 1496 2960 ne
1514 2903 1549 2960 ab
1567 2903 1713 2962 inofficiosi
1731 2917 1759 2959 ιι

274 2993 394 3064 querella
417 2991 589 3048 exoludatur:
613 2991 747 3060 adgnouit
769 2992 841 3047 enim
865 2992 1004 3048 iudicium.
1040 2993 1113 3049 idem
1137 2999 1180 3050 est
1203 2998 1232 3048 et
1254 2994 1277 3048 si
1295 2994 1444 3064 legatarius
1462 2994 1549 3052 eiusl
1568 2993 1713 3052 statuliber

273 3082 359 3137 dedit.
386 3085 415 3136 et
431 3085 524 3151 potest
540 3079 594 3135 dioi
612 3079 720 3135 excludi
738 3095 810 3151 eum,
829 3081 947 3136 maxima
965 3081 989 3136 si
1007 3081 1134 3136 heredem
1154 3083 1180 3136 ei
1197 3083 1315 3138 iusserat
1331 3083 1411 3138 dare:
1430 3087 1552 3138 ueterum
1570 3083 1594 3138 si
1608 3083 1712 3152 legata-

274 3171 352 3240 rium,
371 3169 503 3238 numquid
521 3169 605 3224 semel
623 3173 717 3224 natam
735 3167 878 3226 iuoffioiosi
896 3169 1044 3238 querellam
1063 3185 1119 3225 uon
1135 3176 1259 3240 peremat
1275 3172 1399 3241 legatarii
1412 3170 1533 3226 oblatio?
1559 3187 1608 3226 our
1621 3168 1631 3240 ΙΙ
1645 3185 1711 3240 ergo
1728 3178 1746 3226 l.
1756 3179 1775 3224 lt

273 3259 303 3314 iu
320 3258 420 3314 herede
438 3257 563 3312 absolute
581 3256 720 3312 diximus?
741 3259 870 3327 quoniam
892 3262 956 3312 ante
974 3257 1076 3312 aditam
1095 3257 1275 3314 hereditatem
1293 3274 1344 3316 neo
1361 3260 1483 3316 naseitur
1500 3259 1628 3329 querella.
1659 3273 1712 3328 ego

274 3351 404 3403 euentum
421 3350 489 3416 puto
507 3345 676 3414 sequendum
694 3345 723 3400 in
737 3345 788 3401 hao
800 3361 838 3415 re,
856 3352 896 3414 ut,
913 3345 937 3400 si
955 3343 1025 3400 sorte
1043 3350 1191 3416 antequam
1209 3347 1340 3402 iudioium
1357 3353 1500 3404 moueatur
1511 3347 1613 3403 oblatio
1626 3348 1652 3402 ei
1664 3345 1712 3404 fiat
1730 3357 1758 3398 as

275 3435 335 3490 eius
353 3433 427 3504 quod
444 3434 568 3490 relietum
586 3439 641 3504 est,
665 3433 744 3504 quasi
767 3447 802 3489 ea
825 3434 966 3489 uoluntate
990 3435 1129 3490 testatoris
1152 3434 1244 3492 oblato
1268 3451 1301 3492 eo
1324 3437 1392 3492 setis
1410 3437 1436 3492 ai
1453 3434 1557 3492 laetum
1574 3435 1710 3491 uideatru.

274 3539 453 3609 111²(me

265 3683 448 3822 thwutlgn
465 3681 551 3750 patris
569 3681 678 3738 nomine
697 3679 821 3750 dabatur,
840 3680 890 3736 sed
908 3679 977 3736 filii?
1048 3682 1060 3717 ¹
1079 3680 1132 3750 uel]
1143 3685 1256 3754 fimenat
1273 3682 1336 3736 BS:
1356 3681 1370 3734 ie
1390 3681 1428 3735 aei
1448 3681 1572 3737 ismaroc
1592 3682 1710 3754 spuerio:

275 3871 328 3926 isi
339 3868 627 3929 filius...3dabatur
636 3871 693 3942 dhi}
709 3873 731 3928 εἰ
743 3875 781 3928 sai
795 3873 860 3929 aeri
872 3873 904 3929 τὸ
916 3875 964 3930 rias
1018 3873 1296 3944 t.s§15st.lad
1315 3893 1364 3930 om.
1377 3876 1416 3929 P·
1471 3877 1504 3931 15
1524 3875 1656 3930 sustinuit
1671 3875 1711 3930 P·

273 3943 347 3996 alasa
360 3944 554 4015 upoerrpsuicat
568 3944 714 4006 τελεγτὴιει
729 3944 744 3999 ὁ
758 3944 822 4010 siric,
842 3947 906 4001 ιιιεῑ
916 3945 964 4000 ries
1019 3945 1054 4000 16
1072 3951 1197 4014 quartam
1209 3945 1347 4001 indebitae
1359 3947 1408 4011 P‘,
1426 3951 1551 4016 quartam
1563 3945 1674 4002 debitas
1686 3946 1710 4000 L

272 4013 436 4084 ipuozorcas
455 4013 527 4080 ιῩτῷ
547 4013 610 4069 aar&
627 4015 675 4070 usic
692 4017 818 4070 Διιθὴκιε
836 4013 965 4079 staurari
1020 4016 1053 4069 18
1065 4015 1222 4071 exheredati
1233 4036 1282 4071 om.
1291 4017 1364 4070 ΡΨ
1398 4016 1710 4087 19peter01partemP⁰

272 4081 512 4155 uaripB(Auoa.),
521 4094 597 4157 quasi
604 4087 811 4159 spararemus
819 4086 965 4160 nisi-filius:
1018 4086 1054 4141 20
1065 4087 1185 4156 unicum]
1198 4087 1303 4151 ΕΡΨ,
1316 4088 1396 4142 unius
1405 4086 1517 4152 P‘L‘U,
1530 4089 1577 4143 uui
1590 4089 1635 4156 Vl
1650 4103 1709 4143 aex·

272 4156 319 4210 sed
335 4162 475 4227 mopsuest
492 4163 521 4210 at
537 4155 688 4229 anonym
707 4163 744 4211 itu
761 4161 842 4212 locam
859 4164 967 4212 armarit
1019 4161 1118 4212 ouuota
1141 4159 1187 4221 P·,
1211 4163 1341 4212 seounota
1363 4159 1399 4212 L·
1422 4160 1427 4226 Ι
1451 4159 1544 4228 unum]
1568 4173 1641 4214 uuus
1662 4159 1709 4222 1²⁶,

272 4232 418 4280 coarmata
433 4244 490 4291 erm,
512 4245 568 4280 eum
584 4235 735 4299 promotior
753 4225 898 4299 Stephanus
915 4229 963 4282 od-
1017 4227 1098 4283 unius
1116 4227 1239 4282 P³VLU
1285 4230 1319 4283 21
1339 4229 1488 4284 semiunois
1505 4229 1630 4298 PVLUl
1645 4243 1709 4298 qus-

272 4302 342 4350 notat
358 4299 436 4367 lepem
454 4295 521 4352 hano
537 4315 588 4350 non
604 4317 721 4370 paquara
739 4317 794 4354 oum
845 4299 964 4353 resedea-
1017 4298 1102 4353 selam
1115 4299 1193 4354 PLU
1233 4299 1268 4353 22
1286 4300 1411 4368 impensa
1422 4319 1471 4353 om,
1483 4299 1523 4354 P·
1539 4300 1544 4368 Ι
1559 4299 1671 4355 liburias
1682 4315 1709 4370 q.

272 4365 347 4430 iilia,
362 4372 463 4435 peiren
475 4369 786 4440 autmuoaeasejitisder
899 4368 966 4422 dsit
1018 4369 1124 4424 minuat
1141 4369 1289 4435 (minuatur
1300 4369 1352 4436 Ρ·)
1369 4369 1461 4435 PVU,
1485 4369 1596 4425 libertas
1619 4387 1645 4440 q.
1661 4371 1709 4424 mi·

273 4452 322 4488 om.
334 4436 374 4488 Ρ·
429 4435 507 4505 lisa]
526 4451 586 4492 eam
604 4439 644 4491 Ρ·1
698 4439 796 4508 lpost
813 4439 909 4494 mssitia
925 4439 965 4493 P·
1018 4444 1105 4494 uuaut
1121 4440 1146 4492 L
1162 4441 1166 4506 Ι
1183 4455 1256 4495 ιιιι
1273 4440 1339 4510 quid
1352 4441 1390 4494 P⁶
1406 4441 1411 4508 Ι
1426 4440 1559 4510 minuant]
1574 4441 1642 4506 FP·,
1661 4441 1708 4496 mi·

272 4504 290 4558 8
307 4504 391 4573 quia
408 4508 446 4558 Ρ)
498 4509 515 4561 9
533 4507 676 4563 iuoffioiosi
694 4523 717 4564 o.
736 4514 766 4564 et
782 4525 808 4578 p.
828 4509 882 4564 dioi
900 4517 965 4580 que·
1018 4514 1087 4563 nuat
1107 4507 1252 4579 P¹VLU1
1273 4527 1337 4566 nam
1360 4529 1408 4564 om.
1425 4509 1534 4565 PVLU
1588 4513 1623 4566 23
1646 4512 1711 4580 quia

271 4574 366 4629 rellaur
379 4577 545 4631 em.PVLU
577 4581 611 4633 10
623 4579 690 4634 dioit
701 4597 750 4634 om.
759 4579 800 4634 P·
837 4581 869 4635 ll
882 4577 966 4634 frater
1017 4577 1101 4634 habet
1122 4577 1258 4636 falcidiam
1282 4579 1391 4636 faloidia
1414 4581 1516 4650 autem]
1541 4581 1588 4650 qui
1608 4581 1710 4637 babent

272 4645 347 4729 imp]
367 4651 446 4714 pater
462 4647 527 4716 imp.
546 4649 586 4702 P·
623 4651 656 4704 12
674 4649 726 4704 uisi
745 4649 777 4718 si]
796 4650 849 4704 nisi
866 4650 962 4716 PLUl
1017 4655 1110 4704 autem
1136 4647 1246 4706 foloidia
1272 4652 1312 4706 P·
1374 4653 1409 4706 24
1435 4652 1537 4722 potest]
1564 4657 1643 4721 potas
1673 4653 1709 4706 P·

272 4714 368 4784 patrus]
391 4717 477 4784 partis
495 4719 537 4772 Ρ’Ι
591 4719 624 4774 13
642 4717 706 4789 lilio]
723 4718 783 4776 ‘filia
800 4721 840 4774 P·
859 4721 864 4788 Ι
885 4735 964 4789 quar·
1017 4719 1223 4776 261ibertatem
1242 4741 1290 4776 ora
1302 4723 1363 4790 P⁰l
1382 4721 1517 4792 exoludat]
1538 4723 1643 4778 erolusi
1660 4723 1707 4786 P‘,

272 4789 329 4870 tam
346 4787 461 4856 partem]
483 4789 608 4860 rtrapros
626 4797 703 4845 dium
720 4791 768 4847 BP
785 4791 909 4861 (steph),
933 4789 965 4844 τὸ
1017 4790 1179 4846 exoludendi
1196 4792 1223 4846 V
1260 4793 1295 4847 30
1312 4791 1349 4846 ab
1367 4791 1482 4848 offieiosi
1500 4793 1541 4848 P·
1585 4795 1621 4849 ³3
1638 4793 1708 4896 proi·

271 4873 359 4926 rprros
374 4865 483 4929 propter
499 4877 557 4914 noo.
571 4861 605 4914 18
624 4862 649 4914 Β
667 4861 776 4927 (Aaou.)
795 4868 819 4916 et
836 4868 875 4916 sie
892 4862 963 4915 dein·
1016 4864 1075 4914 mat
1091 4861 1133 4916 P·
1186 4863 1222 4918 34
1237 4861 1268 4917 iu
1286 4861 1394 4931 herede]
1413 4864 1442 4919 iu
1460 4863 1590 4919 heredem
1608 4863 1636 4918 P
1649 4863 1707 4927 sti,

272 4945 343 4998 espa,
367 4935 444 4983 eiiam
467 4930 513 4985 aba·
534 4930 642 4994 oou.18
658 4933 740 4987 losum
757 4949 808 4986 ooo
826 4931 914 4995 lobea
937 4937 965 4986 ut
1016 4929 1144 4988 heredum
1162 4932 1203 4986 P·
1218 4935 1223 5001 Ι
1238 4931 1373 4990 absoluite
1391 4934 1431 4988 Ρ·
