3652 5362
147 205 194 254 os
209 204 490 256 smmuseonnsus
505 206 550 254 sn
564 205 732 255 acumen.
826 179 914 263 805
1326 191 1446 260 XXVII
1468 195 1485 260 7
1507 201 1587 256 1-8

823 374 904 460 vll.

147 511 185 589 lt
223 510 288 587 DE
315 509 700 588 FIDEIUSSORIBUS
726 509 790 588 ET
817 487 1204 592 NOMINATORIBUS
1231 513 1294 591 ET
1318 515 1587 595 HEREDIBUS
1607 540 1656 594 ee

509 635 740 714 TUTORUM
766 633 830 712 ET
859 635 1152 714 CURATORUM
1192 639 1230 718 tt

113 795 128 851 1
201 793 373 849 Pormoruus
397 791 466 848 libro
490 792 607 862 septimo
631 792 738 848 decimo
762 791 798 847 ad
817 790 957 848 Sabinum.
994 793 1125 859 Quamuis
1142 793 1222 850 heres
1239 796 1339 850 tutoris
1356 799 1432 852 tutor
1448 793 1628 882 Qu

148 895 203 938 nou
221 886 272 951 cst,
291 887 383 936 tamen
401 897 436 936 es
454 897 525 951 quae
543 897 593 952 per
610 879 770 936 defunctum
788 880 917 936 inchoata
935 885 1000 936 sunt
1016 897 1066 952 per
1083 882 1226 954 heredem,
1244 884 1269 939 si
1286 885 1424 954 legitimae
1442 889 1541 942 aetatis
1559 893 1588 944 et
1606 900 1620 942 e

118 979 130 1024 1
148 972 287 1027 masculus
305 972 356 1040 sit,
374 971 504 1041 explicari
523 971 638 1026 debent:
662 971 690 1025 in
708 969 808 1040 quibus
829 971 909 1026 dolus
926 970 986 1026 eius
1005 971 1113 1028 admitti
1130 977 1231 1042 potest.
1269 973 1347 1040 Quod
1365 989 1450 1045 penes
1468 980 1587 1031 tutorem

134 1057 213 1130 rue,
235 1059 315 1116 heres
332 1074 442 1130 quoque
460 1060 521 1115 eius
539 1059 655 1115 reddere
673 1058 770 1114 debet:
796 1059 871 1129 quod
893 1059 968 1130 apud
990 1061 1124 1130 pupillum
1143 1063 1168 1117 is
1191 1063 1331 1133 reliquerit
1354 1064 1377 1118 si
1401 1063 1481 1120 heres
1504 1065 1586 1136 capit,

148 1164 202 1206 non
220 1149 331 1219 quidem
350 1149 462 1204 cdmine
480 1153 570 1218 caret,
595 1149 645 1204 sed
662 1153 741 1204 extra
758 1149 872 1203 tutelam
892 1153 936 1204 est
953 1151 982 1203 et
999 1149 1059 1204 utili
1076 1151 1185 1206 actione
1203 1150 1256 1207 hoc
1273 1152 1388 1208 reddere
1407 1153 1586 1222 compellitur.

110 1235 129 1294 2
201 1237 353 1294 Uarrauus
376 1237 445 1293 libro
467 1238 610 1308 trigesimo
633 1251 705 1293 nono
729 1236 764 1292 ad
783 1235 924 1292 Sabinum.
961 1238 1104 1293 Postulare
1128 1244 1245 1295 tutorem
1271 1240 1380 1296 uidetur
1401 1245 1430 1296 et
1448 1238 1627 1328 [με

147 1327 194 1397 qui
212 1341 261 1398 per
279 1328 362 1382 alium
380 1327 516 1396 postulat:
534 1328 601 1382 item
618 1327 760 1382 nominare
778 1331 807 1382 et
824 1326 873 1396 qni
889 1341 939 1397 per
957 1327 1039 1382 alium
1059 1325 1111 1382 hoc
1128 1327 1201 1382 idem
1220 1326 1296 1384 iacit.
1606 1343 1634 1384 ro

110 1413 129 1473 3
200 1417 278 1472 luera
296 1415 365 1471 libro
382 1416 525 1485 trigesimo
543 1415 639 1485 quinto
658 1416 693 1471 ad
706 1415 835 1472 edictum.
866 1415 957 1470 Etiam
975 1413 1165 1472 fldeinmorem
1183 1422 1212 1472 et
1229 1416 1344 1474 heredes
1362 1417 1428 1474 iide-
1447 1413 1585 1503 [Harsa
1604 1426 1625 1482 s

147 1505 261 1561 iusseris
279 1505 315 1560 ad
333 1505 466 1560 rationem
480 1505 594 1560 eandem
607 1521 752 1561 usurarum
764 1504 936 1561 reuocandos
951 1518 1014 1560 esse
1026 1509 1143 1576 constat,
1161 1505 1198 1561 ad
1210 1522 1293 1576 quam
1305 1511 1334 1562 et
1345 1511 1421 1564 tutor
1432 1498 1585 1565 reuocatus.

109 1591 130 1649 4
201 1594 279 1649 lunae
300 1593 370 1649 libro
392 1594 533 1663 trigesimo
557 1598 637 1649 sexto
661 1593 697 1649 ad
715 1593 845 1648 edictum.
883 1592 952 1648 Cum
975 1593 1146 1650 ostendimus
1168 1593 1298 1650 heredem
1321 1611 1430 1666 quoque
1462 1607 1532 1666 lass,
1541 1611 1587 1666 ⁷.4
1606 1604 1627 1658 S

147 1683 251 1738 tutelae
268 1681 369 1738 indicio
387 1697 469 1752 possa
488 1683 636 1754 conueniri,
653 1681 817 1753 uidendum,
835 1698 872 1738 an
890 1684 973 1738 etiam
991 1683 1118 1754 proprius
1136 1683 1195 1738 eius
1214 1683 1293 1740 dolus
1311 1686 1355 1740 uel
1373 1674 1587 1756 propria—admi-

148 1771 274 1827 nistratio
292 1771 386 1826 ueniat
401 1771 430 1826 in
448 1771 587 1827 indicium.
615 1775 644 1826 et
662 1775 754 1826 exstat
772 1769 861 1828 Seruii
879 1772 1017 1827 sententia
1034 1772 1224 1843 existimantis,
1243 1773 1266 1828 si
1284 1779 1475 1844 postmortem
1488 1778 1587 1832 tutoris
1607 1783 1635 1826 ¹⁶

149 1860 228 1916 heres
246 1861 305 1916 eins
323 1860 435 1930 negem
451 1861 547 1931 pupilli
564 1875 660 1931 gerere
679 1861 899 1931 perseuerauerit
921 1867 970 1916 ant
991 1861 1019 1916 in
1037 1875 1101 1916 arua
1118 1861 1217 1916 tutoris
1235 1863 1331 1933 pupilli
1348 1865 1492 1933 pecuniam
1511 1865 1587 1921 inue-

148 1950 219 2006 nerit
241 1955 270 2006 et
293 1950 493 2021 consumpserit
516 1951 560 2004 uel
583 1964 644 2004 eam
667 1949 813 2020 pecuniam
838 1963 919 2019 quam
942 1953 1019 2004 tutor
1039 1949 1186 2020 stipulatus
1210 1948 1300 2005 iuerat
1324 1953 1461 2022 exegerit,
1484 1955 1587 2009 tutelae

148 2039 249 2094 iudicio
267 2053 328 2094 eum
347 2039 436 2094 teneri
453 2053 504 2094 suo
522 2039 646 2094 nomine:
669 2054 734 2093 nam
757 2053 818 2092 cum
843 2038 1017 2108 permittetur
1040 2038 1173 2093 aduersus
1197 2038 1325 2095 heredem
1344 2055 1378 2096 ex
1396 2042 1507 2112 propn'o
1525 2042 1587 2098 dolo

116 2137 128 2182 1
148 2129 232 2184 iurari
249 2128 379 2197 inlitam,
397 2132 514 2198 apparet
531 2142 592 2182 enm
612 2125 714 2182 iudicio
732 2127 836 2182 tutelae
854 2127 941 2182 teneri
959 2142 993 2182 ex
1012 2126 1076 2184 dolo
1092 2127 1211 2198 proprio.
1240 2127 1514 2202 Neglegentiaplane
1525 2147 1587 2202 pro

115 2226 131 2272 a
148 2220 208 2290 pria
225 2217 318 2274 heredi
337 2233 391 2272 non
409 2216 596 2287 imputabitur.
626 2215 729 2272 [lauras
741 2230 850 2286 quoque
867 2216 927 2271 eius
938 2216 1080 2286 pecuniae,
1099 2231 1181 2286 quam
1193 2217 1353 2286 pupillarem
1366 2220 1491 2290 agitauit,
1508 2236 1586 2290 prae·
1607 2228 1636 2268 ¹0

148 2313 222 2364 stare
240 2307 323 2362 debet
339 2305 419 2362 heres
437 2307 549 2362 tutoris:
570 2309 688 2375 quantas
712 2308 804 2360 autem
829 2309 858 2360 et
881 2305 960 2360 culus
977 2305 1110 2375 temporie
1133 2321 1232 2362 usuras
1254 2311 1396 2377 praestare
1413 2307 1527 2379 debeat,
1552 2325 1587 2364 ex

31 2429 33 2434 -
116 2397 221 2454 abono
240 2403 268 2452 et
286 2411 374 2466 aequo
393 2395 522 2451 constitui
540 2393 576 2450 ab
593 2393 684 2449 iudice
702 2397 819 2464 oportet.
850 2393 1039 2450 Fideiussores
1058 2410 1076 2449 a
1093 2393 1232 2450 tutoribus
1243 2395 1375 2451 nominati
1391 2397 1416 2451 si
1426 2403 1587 2467 praesentes

148 2483 260 2540 inerunt
276 2490 305 2539 et
321 2500 377 2542 uon
395 2483 618 2540 mntradixerunt
641 2487 670 2539 et
692 2483 804 2538 nomina
826 2498 877 2538 sua
899 2481 994 2540 reterri
1017 2483 1046 2538 in
1064 2488 1127 2538 acta
1144 2483 1256 2554 publica
1273 2485 1349 2555 passi
1366 2489 1444 2555 sunt,
1468 2473 1586 2556 aequum

149 2579 193 2630 est
210 2573 323 2644 perinde
340 2574 435 2644 teneri,
455 2577 537 2642 atque
555 2573 579 2628 sl
597 2572 656 2627 lure
672 2571 797 2641 legitimo
812 2572 954 2643 stipulatio
966 2573 1128 2644 interposita
1139 2571 1245 2628 inisset.
1273 2572 1370 2628 eadem
1382 2589 1467 2629 causa
1477 2575 1588 2630 uidetur

149 2661 363 2732 adfirmatorum,
372 2663 419 2733 qui
428 2663 533 2718 scilicet
541 2677 602 2716 cum
612 2660 727 2715 idoneos
737 2675 799 2715 ease
807 2665 913 2717 tutores
923 2660 1135 2732 adfirmauerint,
1144 2659 1334 2718 fideiussorum
1345 2662 1433 2717 uicem
1443 2663 1587 2718 sustinent.
1606 2673 1636 2714 ae

112 2749 131 2808 5
201 2753 321 2808 Paunue
338 2751 408 2807 libro
425 2752 567 2822 trigesimo
585 2754 685 2805 octauo
703 2749 740 2804 sd
758 2749 886 2806 edictum.
924 2749 952 2806 Si
971 2767 1032 2806 cum
1051 2749 1259 2806 fideiussoribus
1280 2751 1378 2807 tutoris
1396 2765 1432 2806 ex
1450 2747 1588 2836 Q
1606 2755 1646 2828 Ss

148 2841 324 2913 stipulatione
342 2856 399 2896 rem
418 2841 522 2895 aduam
542 2837 600 2894 iore
619 2843 729 2908 agetur,
749 2837 860 2894 easdem
879 2840 1066 2909 reputationes
1083 2838 1239 2910 habebunt,
1257 2855 1326 2910 quas
1344 2845 1427 2896 tutor.

111 2925 131 2985 6
202 2931 383 2986 Parmrareus
407 2928 475 2984 libro
499 2927 621 2984 meando
644 2941 846 2999 responsorum.
888 2928 1010 2998 Pupillus
1033 2933 1128 2985 contre
1151 2932 1258 2984 tutores
1281 2943 1429 3000 eorumque
1462 2940 1586 2996 utute
1605 2933 1633 2987 P

147 3019 323 3076 fideiussores
341 3017 458 3074 iudicem
478 3017 599 3087 accepit:
617 3017 707 3072 iudice
726 3015 870 3087 defuncto,
888 3017 1047 3087 priusquam
1065 3017 1101 3072 ad
1120 3032 1181 3072 eum
1200 3018 1299 3088 iretur,
1317 3023 1413 3073 contra
1429 3020 1503 3074 solor
1520 3017 1587 3075 fide·

148 3111 269 3166 iussores
287 3109 356 3164 alter
372 3107 456 3163 index
474 3107 557 3162 datus
574 3112 626 3162 est.
653 3103 744 3162 officio
762 3105 954 3176 cognoscentis
979 3107 1136 3176 conueniet,
1161 3105 1185 3161 si
1208 3110 1314 3162 tutores
1335 3105 1467 3162 soluendo
1485 3107 1541 3162 sint
1558 3112 1586 3162 et
1605 3117 1633 3158 aa

149 3197 362 3271 adminislltratio
381 3213 435 3252 non
453 3195 561 3267 dispar,
586 3195 636 3252 sed
659 3195 810 3250 communis
832 3193 898 3264 iuit,
922 3195 1077 3265 portionum
1100 3195 1218 3251 uirilium
1235 3195 1381 3251 admittere
1399 3196 1533 3252 rationem
1551 3211 1586 3252 ex
1603 3204 1620 3251 l.
1631 3205 1675 3252 ter

112 3374 131 3432 7
148 3293 466 3433 ρθᾞῑιῒὲζῒῖτᾱο
484 3389 686 3446 responsorum.
723 3371 753 3428 Si
771 3370 958 3442 fideiussores,
983 3373 1030 3443 qui
1048 3388 1106 3429 rem
1125 3373 1230 3428 saluam
1248 3371 1308 3428 iore
1324 3374 1428 3444 pupillo
1447 3369 1585 3458 [Q
1605 3379 1632 3434 P

149 3471 288 3534 caruerant,
306 3471 425 3520 tutorem
444 3463 606 3520 adulescens
624 3467 655 3518 ut
672 3467 736 3517 ante
755 3461 915 3516 conueniret
931 3462 1069 3532 petierant
1080 3467 1162 3532 atque
1174 3461 1237 3517 ideo
1250 3461 1392 3532 stipulanti
1403 3464 1587 3534 promiserunt

149 3569 180 3610 se
197 3554 352 3609 reddituros
370 3553 444 3622 quod
462 3552 497 3608 ab
515 3567 549 3608 eo
570 3553 675 3608 seruari
699 3567 755 3608 non
777 3549 927 3620 potuisset:
951 3551 1055 3620 placuit
1078 3551 1149 3607 inter
1171 3565 1233 3620 eos,
1259 3551 1305 3621 qui
1328 3551 1460 3608 soluendo
1484 3557 1585 3623 essent,
1605 3561 1633 3603 aa

149 3643 284 3698 aeticmm
303 3642 405 3697 residui
423 3641 523 3710 diuidi,
548 3640 622 3710 quod
640 3655 710 3696 onus
728 3637 919 3696 fideiussorum
942 3643 1101 3710 susceptum
1120 3639 1273 3696 uideretur:
1292 3655 1355 3695 nam
1374 3645 1403 3695 et
1419 3641 1443 3695 si
1454 3641 1585 3696 mandato

149 3731 265 3802 plurium
283 3731 401 3801 pecunia
418 3729 561 3798 credatur,
585 3744 672 3798 aeque
696 3727 828 3784 diuiditur
851 3729 936 3784 actio:
962 3729 986 3784 si
1009 3729 1080 3783 eninr
1100 3727 1174 3798 quod
1192 3727 1302 3783 datum¹
1321 3744 1371 3799 pro
1389 3729 1443 3783 alio
1461 3730 1585 3800 soluitur,

149 3835 199 3876 eur
216 3821 322 3890 speeies
341 3819 457 3874 actionis
475 3819 641 3888 aequitatem
659 3817 801 3873 diuisionis
820 3816 960 3873 excludit?

113 3907 133 3966 8
203 3910 322 3964 Paucos
340 3907 409 3963 libre
427 3922 499 3962 nono
517 3921 719 3976 responsorum.
748 3906 870 3962 Heredes
889 3906 957 3975 eius,
976 3905 1022 3975 qui
1039 3920 1094 3961 nou
1105 3905 1164 3960 iure
1176 3909 1250 3960 tutor
1262 3905 1307 3960 nel
1319 3910 1428 3960 curator
1446 3901 1585 3990 Q
1603 3915 1630 3968 P

118 3999 232 4055 udatus
250 3997 478 4052 administrationi
496 4010 526 4050 se
544 4010 598 4050 non
617 3995 778 4065 immiscuit,
803 3994 894 4051 dolum
919 3997 949 4050 et
970 3994 1077 4063 eulpam
1099 3999 1242 4064 praestare
1263 4008 1318 4049 non
1339 3992 1448 4049 debere.
1484 3995 1585 4050 Paulus
1604 4008 1633 4048 ao

149 4086 292 4158 respondit
308 4087 363 4140 tale
381 4085 511 4140 iudicium
535 4085 564 4139 in
587 4083 715 4139 heredem
738 4084 838 4140 tatoris
854 4081 996 4139 ususierri
1019 4087 1159 4154 oportere,
1182 4083 1261 4152 quale
1286 4080 1432 4138 defunctus
1454 4085 1585 4153 suscepit.

149 4175 201 4232 hoc
219 4191 253 4230 ec
269 4175 401 4246 pertinet,
424 4179 528 4229 utnon
546 4177 693 4228 excusetur
710 4172 803 4243 heres,
825 4171 849 4226 si
867 4172 942 4227 dicat
959 4187 989 4227 se
1007 4171 1187 4226 instrumenta
1210 4171 1337 4227 tutelaria
1360 4187 1415 4228 non
1433 4173 1584 4228 inuenisse:

149 4261 491 4321 namcumex²omnibus
508 4259 654 4318 bonafide
672 4261 779 4317 iudiciis
798 4267 909 4332 propter
926 4259 1018 4316 dolum
1037 4258 1158 4316 defuncti
1176 4260 1256 4316 heres
1274 4265 1408 4330 teneatur,
1426 4261 1500 4316 idem
1517 4267 1586 4332 puto

149 4352 351 4410 obseruandum
370 4356 399 4410 et
416 4353 444 4406 in
455 4351 558 4407 tutelae
571 4351 687 4406 actione.
715 4349 765 4405 sed
778 4349 1018 4406 constitutionibus
1031 4348 1196 4406 subnectam
1211 4355 1254 4405 est
1264 4350 1433 4420 ignorantiae
1445 4349 1585 4406 heredum.

149 4443 201 4498 hoc
219 4449 311 4498 tamen
329 4447 396 4496 tune
414 4438 616 4496 obseruandum
634 4442 685 4509 est,
704 4453 766 4494 cum
784 4444 848 4510 post
866 4442 982 4496 mortem
1000 4439 1098 4495 tutoris
1116 4438 1196 4494 heres
1214 4439 1405 4508 conueniatur,
1424 4454 1479 4494 non
1497 4439 1521 4494 si
1538 4439 1585 4494 lite
1605 4453 1633 4496 aa

149 4537 305 4588 contestata
322 4535 397 4586 tutor
415 4529 577 4585 decesserit:
602 4545 665 4584 nam
683 4529 739 4584 litis
757 4529 958 4586 contestatione
976 4533 1004 4584 et
1021 4528 1152 4598 poenam
1170 4529 1293 4584 actiones
1311 4529 1533 4584 transmittuntur
1549 4528 1585 4584 ab

149 4625 265 4690 unaque
283 4623 363 4690 parte
381 4624 410 4674 et
426 4618 593 4690 temporales
610 4622 815 4688 perpetuantur.

152 4725 267 4794 F(WD,
286 4727 430 4799 quidenna
449 4731 539 4796 incipit
556 4725 610 4779 u.9
630 4733 656 4778 ia
675 4739 803 4779 ...orem
822 4723 939 4794 uidetur,
959 4723 1061 4792 QllIO)

151 4853 160 4888 ¹
179 4849 253 4920 quod
270 4849 376 4920 datum]
394 4849 514 4919 quodam
532 4847 615 4904 modo
633 4847 762 4917 (quodam
775 4833 833 4916 rial?
903 4847 976 4918 ’cxl
996 4847 1045 4902 in?

150 4973 185 5028 13
202 4971 342 5044 quo's'qne
361 4971 397 5026 p
452 4973 486 5027 15
503 4975 613 5028 exstat
630 4972 670 5026 l*
722 4973 757 5027 86
775 4970 880 5026 diuidi⁴
896 4971 937 5026 F’
988 4969 1024 5027 46
1042 4969 1272 5028 contestatione‘s'
1289 4970 1325 5030 F*

1266 4815 1586 4828 -ι-ι--ι-ι
