3652 5362
206 179 341 248 XXVIII
362 180 382 246 5
403 185 519 242 ιιι-ιθ
886 171 986 274 838-
1373 197 1422 244 nm
1444 194 1662 244 mensuruus

207 339 322 394 alterum
341 353 431 392 essem
449 335 605 392 habiturum
623 334 739 392 etheum
757 341 875 392 mentem
893 351 955 392 esse
972 335 1112 392 testantis:
1131 335 1205 407 quod
1223 335 1383 392 etIuIisnns
1395 323 1501 406 probat
1513 339 1659 391 etuernm

173 436 188 482 u
206 435 258 483 est.
294 426 372 494 Quod
391 427 414 481 si
432 427 514 482 uiuus
532 432 561 482 et
578 432 702 482 mortuus
720 440 754 480 ex
771 431 849 495 parts
861 425 974 480 dimidia
985 426 1150 480 coniunctim
1163 425 1278 481 herodes
1290 425 1407 480 instituti
1419 427 1496 494 sunt,
1515 439 1556 480 ex
1569 425 1660 480 altera

207 517 285 586 atius,
304 531 406 585 aequas
424 521 518 586 partes
536 531 584 570 eos
602 514 743 570 habituros
761 515 808 584 ait,
827 515 892 585 quia
910 515 1010 570 mamni
1027 531 1091 584 pars
1104 530 1158 585 ,pro
1176 529 1231 570 non
1249 515 1351 585 scripto
1368 513 1498 570 habetur.

149 605 186 662 21
259 607 431 662 Pourourus
448 603 516 660 libro
534 604 621 674 primo
639 603 675 658 ad
688 602 828 658 Sabinum.
858 603 1004 659 Trebatius
1021 603 1264 660 aitsionourccte
1277 603 1373 660 scribi:
1386 603 1470 674 'quis
1488 597 1659 685 ,hus-H
1690 615 1711 668 s

207 695 276 765 'quis
293 694 358 750 mihi
376 695 456 750 heres
474 693 533 763 erit,
555 691 665 748 Stichus
682 691 751 748 iiber
769 697 797 747 et
815 691 894 747 heres
912 691 988 764 esto',
1006 691 1121 748 liberum
1140 698 1232 748 tamen
1249 691 1379 748 futurum.
1407 691 1504 748 habeo
1524 696 1558 748 et
1577 692 1657 747 here
1676 709 1691 750 s

174 789 187 834 1
207 783 269 840 dem
293 799 354 839 eum
379 782 499 838 futurum
522 787 596 838 recte
619 784 707 851 putat.
744 779 829 838 Seruo
852 781 1005 837 libertatem
1027 797 1110 852 pure,
1135 781 1313 838 hereditatem
1334 780 1386 838 suh
1404 781 1576 838 condicione
1594 782 1657 836 dari

206 887 288 944 posse
307 873 478 928 uenssimum
497 875 573 940 puto,
591 875 622 924 ut
639 875 731 925 tamen
749 873 895 942 utrumque
914 885 949 926 ex
967 870 1126 927 condicione
1143 871 1277 942 pendeat:

150 956 188 1014 22
260 962 401 1016 Ιιιιιιιιιιι
423 960 491 1016 libro
516 959 656 1029 trigesimo
680 959 856 1029 digestorum.
893 964 922 1013 et
944 960 1053 1029 expieta
1075 960 1185 1030 quidem
1206 959 1366 1016 condicione
1383 958 1467 1029 hiber
1485 954 1656 1045 Q
1688 971 1718 1026 s·
1737 975 1779 1020 ιιι·

206 1049 340 1120 heresque
362 1050 428 1118 erit,
453 1063 624 1118 quocumque
647 1048 707 1104 ioco
730 1046 842 1102 libertas
866 1047 932 1102 data
955 1045 1048 1104 inerit:
1073 1047 1217 1106 deficiente
1240 1055 1332 1106 autem
1350 1048 1513 1105 condicione
1533 1051 1656 1120 perinde

207 1137 330 1208 habetur,
350 1153 383 1192 ac
401 1139 424 1192 si
441 1137 553 1192 libertas
571 1137 629 1192 sine
647 1135 798 1192 hereditate
817 1136 883 1192 data
900 1135 989 1192 fuerit.
1675 1157 1702 1196 ro

149 1222 188 1282 23
259 1227 430 1283 Pomonrss
447 1227 517 1281 libro
535 1226 622 1296 primo
641 1224 676 1280 sd
689 1223 829 1282 SabInum.
861 1225 890 1281 Si
902 1227 963 1296 quis
975 1227 1132 1282 instituatur
1145 1225 1347 1282 heresindiem
1360 1230 1465 1282 eertum
1484 1222 1656 1312 [ῑιιῖἑῖι
1686 1239 1708 1294 ,5

206 1317 251 1372 uel
268 1316 426 1384 incertum¹,
443 1315 468 1370 is
485 1314 619 1370 honorum
636 1314 836 1385 possessionem
855 1329 1003 1384 agnoscere
1017 1319 1109 1384 potest
1121 1319 1149 1371 et
1160 1321 1299 1386 tamquam
1311 1315 1390 1371 heres
1402 1305 1654 1374 distraherehere

174 1410 186 1455 1
206 1405 329 1460 ditatem.
367 1403 422 1459 Sed
446 1405 470 1458 si
487 1403 619 1459 bonorum
641 1404 843 1473 possessionem
860 1418 915 1458 non
933 1403 1073 1474 admittat,
1098 1405 1147 1460 sed
1166 1404 1352 1460 condicionem
1371 1404 1476 1474 habat,
1501 1407 1549 1461 cni
1568 1405 1653 1464 tacite

205 1509 303 1564 parere
325 1494 425 1564 possIt,
449 1491 536 1548 ueluti
554 1491 585 1547 ‘si
608 1507 719 1548 seruum
743 1505 824 1562 quem
848 1492 875 1548 In
897 1495 1035 1562 potestate
1057 1491 1158 1548 habeat
1177 1493 1371 1549 manumiserit'
1388 1509 1440 1550 nec
1458 1496 1653 1564 manumittat,

206 1583 251 1638 hic
267 1582 402 1654 praetoris
421 1586 502 1636 erunt
519 1586 618 1651 partes,
638 1585 669 1636 ut
686 1581 807 1636 imitetur
825 1580 944 1636 edictum
960 1597 1040 1637 snum
1052 1581 1127 1652 illud,
1146 1597 1201 1652 qno
1212 1581 1338 1653 praefinit
1348 1589 1466 1654 tempus,
1484 1584 1562 1638 iutra
1574 1584 1652 1654 qnod
1672 1603 1698 1643 ιι

174 1677 189 1722 a
207 1671 322 1728 adeatur
339 1671 485 1726 hereditas.
516 1669 585 1724 Item
604 1670 627 1724 si
646 1669 798 1726 condicioni
816 1670 895 1726 heres
912 1685 1010 1742 parere
1027 1687 1082 1726 non
1099 1672 1207 1740 poterit¹
1226 1687 1308 1741 quam
1326 1671 1355 1726 in
1372 1687 1423 1727 sua
1436 1675 1580 1742 potestate
1594 1689 1652 1728 non

206 1759 332 1831 habebit,
356 1759 442 1815 ueluti
465 1759 635 1814 Institutione
659 1759 759 1814 collata
782 1759 809 1814 iu
834 1759 946 1815 alteriru
970 1757 1072 1815 tectum
1096 1764 1146 1816 aut
1167 1759 1304 1830 qnondam
1326 1776 1433 1829 omum,
1454 1760 1485 1814 ‘si
1507 1760 1562 1816 iile'
1580 1767 1666 1832 puta.

206 1848 309 1906 ‘consul
331 1847 421 1904 tactus
438 1846 535 1918 fuerit',
560 1853 626 1903 tunc
648 1847 849 1918 postulantibus
869 1847 1049 1904 oreditoribus
1067 1850 1216 1905 constituet
1231 1853 1355 1920 praetor,
1378 1850 1430 1904 nisi
1448 1850 1524 1905 intra
1542 1856 1651 1906 certum

206 1943 315 2010 tempus
333 1937 470 1994 hereditas
488 1937 618 2007 optigerit
635 1937 764 2008 aditaque
776 1935 866 2006 horit,
885 1953 915 1993 se
928 1937 1001 1994 bona
1013 1934 1134 1992 defuncti
1146 1937 1325 1994 creditoribus
1336 1937 1477 2009 possidere
1489 1939 1653 1996 iussurum¹

174 2032 189 2078 t
207 2033 236 2082 et
252 2027 359 2084 tnterm
378 2041 448 2097 quae
467 2024 624 2095 urguebunt
640 2041 690 2096 per
707 2031 898 2096 procuratores
916 2025 1030 2082 distrahi
1048 2027 1193 2083 iussurum.
1225 2026 1279 2082 Sed
1297 2027 1321 2082 si
1339 2027 1390 2083 sub
1410 2027 1575 2084 conditione
1588 2030 1652 2100 quis
1669 2049 1695 2090 rs

206 2115 286 2172 heres
304 2116 446 2171 Institutas
464 2115 500 2171 sit
518 2119 547 2170 et
564 2129 649 2186 gram
667 2129 715 2170 aes
733 2115 851 2170 alienum
870 2116 914 2184 sit,
933 2115 1007 2186 quod
1025 2130 1060 2170 ex
1072 2129 1162 2186 poena
1174 2117 1280 2186 crescit,
1299 2121 1327 2172 et
1338 2116 1456 2172 maxime
1468 2117 1493 2172 si
1505 2116 1651 2187 publicum

207 2203 329 2260 debitum
347 2205 483 2260 imminet:
502 2219 552 2275 per
568 2204 790 2274 procuratorem⁸
802 2204 963 2260 soluendum
982 2219 1030 2259 aes
1048 2205 1175 2274 ahenum,
1194 2205 1275 2261 sicuti
1293 2221 1355 2260 cnm
1373 2211 1472 2261 uenter
1489 2207 1527 2262 iu*
1538 2223 1651 2277 possea

174 2299 190 2345 ι
207 2293 284 2350 sione
302 2293 339 2348 sit
356 2297 405 2348 aut
421 2293 540 2368 pupiilus
558 2292 637 2348 heres
655 2297 772 2349 tutorem
790 2308 846 2349 non
863 2291 972 2348 habeat
1001 2293 1039 2348 Et
1056 2293 1137 2349 ideo⁴
1149 2294 1188 2348 ait
1199 2309 1299 2350 musae
1311 2295 1495 2364 cognitionem
1509 2297 1651 2354 adiectam

206 2385 319 2454 propter
335 2397 391 2452 eos,
410 2382 456 2452 qui
475 2382 533 2437 sine
551 2381 681 2438 ditatione
699 2397 813 2452 peregre
825 2387 918 2438 essent
929 2383 973 2438 uel
985 2382 1156 2452 aegritudine
1168 2384 1212 2440 uet
1223 2383 1375 2438 ualitudine
1387 2385 1426 2439 ita
1438 2384 1650 2459 impedirentur,

207 2477 239 2528 ut
255 2473 284 2526 iu
301 2472 345 2527 Ius
361 2471 475 2542 produci
493 2486 548 2526 non
565 2471 679 2542 possint,
698 2487 749 2526 nee
766 2475 859 2526 tamen
877 2469 1097 2527 defenderentur.
1668 2495 1694 2537 ιι

151 2556 190 2614 tt
261 2559 375 2616 Census
391 2559 460 2615 libro
478 2564 557 2616 sexto
575 2559 682 2616 decimo
699 2559 876 2632 digestorum.
908 2559 1004 2616 Titius
1021 2565 1051 2616 et
1068 2559 1147 2616 Seius
1164 2565 1260 2616 uterus
1278 2575 1371 2616 eorum
1389 2561 1468 2618 uiuet
1502 2575 1652 2634 seeum
1671 2579 1703 2634 's

209 2649 294 2705 heres
317 2649 383 2704 mihi
407 2647 483 2704 esto'.
511 2649 649 2719 existimo,
673 2650 697 2704 si
718 2654 833 2719 uterque
851 2650 941 2720 uiuat,
965 2648 1047 2706 ambo
1064 2649 1178 2705 heredes
1197 2665 1267 2720 esse,
1285 2651 1371 2706 altero
1389 2641 1652 2727 mormo'euin‘fiffi·

108 2747 109 2750 ’
208 2740 343 2810 supererit
360 2755 394 2794 ex
413 2753 475 2794 asse
492 2737 620 2793 heredem
638 2736 705 2808 tore,

150 2821 190 2882 25
261 2827 411 2884 Unsrsuus
429 2827 498 2884 libro
516 2831 595 2884 sexto
613 2828 777 2898 regularum.
814 2827 880 2898 qnia
896 2827 982 2883 tacita
999 2827 1159 2884 substitutio
1177 2829 1266 2884 iuesss
1284 2828 1393 2884 uidetur
1410 2829 1595 2888 iustitutioni:
1679 2837 1707 2892 d·

151 2913 190 2972 26
262 2918 375 2974 Onasus
393 2916 462 2972 libro
480 2920 559 2972 sexto
577 2916 684 2972 dsdmo
701 2916 879 2986 digestorum.
910 2916 992 2987 idque
1010 2921 1039 2971 et
1056 2918 1084 2972 in
1101 2918 1193 2988 iegato
1211 2916 1307 2974 eodem
1325 2917 1407 2973 modo
1425 2919 1524 2976 relicto
1537 2929 1652 2980 senatus
1670 2926 1703 2980 'd

208 3007 323 3064 censuit.
1074 3066 1078 3078 ,
1668 3031 1691 3072 ιι

151 3090 190 3150 27
261 3098 433 3152 Pormourus
449 3094 518 3151 libro
535 3094 617 3150 tertio
636 3092 823 3150 edSabinum.
860 3092 889 3149 st
907 3099 936 3150 te
954 3094 1042 3150 solnm
1060 3109 1095 3150 ex
1112 3098 1191 3165 parte
1209 3095 1322 3150 dimidia
1338 3109 1414 3166 pure,
1433 3110 1469 3151 ex
1488 3092 1651 3180 [W
1679 3105 1697 3159 s

208 3187 294 3242 altera
312 3184 364 3241 sub
382 3183 541 3240 condicione
561 3182 686 3238 heredem
706 3183 848 3239 instituere
867 3186 896 3238 et
913 3181 1080 3240 substituere
1098 3182 1162 3254 tibi,
1176 3199 1231 3239 non
1249 3185 1382 3240 existente
1401 3174 1652 3246 conditurus-sub

176 3280 188 3325 1
209 3277 334 3332 stitutum
359 3289 393 3330 ex
416 3288 450 3328 ea
471 3277 549 3344 parte
573 3271 701 3327 heredem
725 3270 782 3327 fore
801 3271 897 3328 Celsus
921 3273 973 3328 ait:
1001 3271 1056 3328 Sed
1079 3273 1103 3328 si
1127 3277 1156 3328 te
1178 3271 1304 3330 heredem
1328 3273 1472 3330 instituere
1498 3281 1529 3332 et
1549 3277 1651 3333 duride
1777 3346 1778 3354 ἵ

209 3364 326 3421 eundem
353 3369 381 3418 te
409 3361 461 3417 sub
484 3361 644 3417 condicione
666 3361 821 3430 instituam,
848 3360 914 3416 nihil
940 3361 1032 3416 uslere
1059 3367 1220 3432 sequentem
1248 3363 1460 3432 institutionem,
1489 3367 1558 3436 quis
1583 3369 1652 3423 satis
1668 3377 1691 3419 ιι
1777 3372 1778 3376 ’

177 3459 191 3504 ι
209 3454 290 3524 plena
306 3452 380 3522 prior
398 3449 503 3508 tutaset
540 3449 596 3507 Sed
619 3451 641 3505 si
660 3450 751 3520 piures
772 3450 957 3506 institutiones
975 3465 1010 3506 er
1028 3450 1124 3506 eadem
1142 3456 1220 3520 parte
1238 3451 1289 3506 sub
1307 3450 1424 3507 diuersis
1442 3468 1508 3508 oon·
1527 3451 1650 3538 [effic

210 3541 362 3598 dicionibus
385 3537 486 3596 ιἰιιιιιιι
508 3539 611 3609 tactae,
634 3542 697 3594 utra
718 3540 793 3610 prior
813 3539 937 3595 condicio
955 3540 1103 3610 exstiterit,
1126 3541 1154 3596 id
1172 3539 1256 3596 faciet
1273 3541 1345 3611 quod
1363 3557 1448 3612 supra
1465 3533 1651 3617 diximuffi

209 3647 277 3701 pure
296 3636 325 3686 et
341 3629 393 3686 suh
412 3629 571 3686 condicione
588 3629 661 3684 idem
683 3629 848 3684 iustituatur.

152 3713 191 3772 28
266 3718 414 3775 Unrmuus
432 3717 501 3772 libro
519 3717 614 3788 qnirrto
633 3716 669 3771 ad
686 3715 827 3773 Sabinum.
864 3716 893 3774 Si
911 3717 1028 3788 itaquis
1046 3717 1188 3774 institutus
1206 3717 1255 3776 sit:
1274 3720 1370 3776 ''litius
1387 3719 1467 3776 heres
1488 3717 1650 3806 [ῖῗιῖιῖι
1677 3729 1703 3784 s·

210 3809 293 3878 ‘esto,
319 3808 342 3864 si
361 3806 504 3864 Secundus
522 3805 600 3862 heres
618 3819 673 3862 non
690 3805 757 3876 crit',
781 3805 892 3862 deinde:
911 3805 1062 3864 ‘Secundus
1080 3807 1159 3864 heres
1177 3807 1258 3864 esto':
1277 3810 1366 3880 piacet
1383 3810 1472 3880 prImo
1491 3800 1649 3882 gr-adn‘S'e‘
1666 3825 1690 3866 ιι

210 3897 328 3954 cundum
347 3911 409 3952 esse
426 3896 589 3952 institutum.

153 3981 191 4040 29
262 3987 434 4042 Pourourns
455 3984 525 4040 libro
548 3985 643 4055 quinto
666 3983 702 4038 ad
726 3981 866 4040 Sabinum
902 3985 962 4041 Hoc
986 3985 1099 4042 articulo
1121 3985 1251 4056 ‘qusque'
1269 4001 1363 4042 ornnes
1385 3987 1468 4058 signt·
1502 3986 1648 4061 ιῑῗιῐῐῑι
1676 3994 1693 4050 s

210 4074 340 4131 ficantur:
364 4079 393 4129 et
410 4073 472 4130 ideo
490 4073 583 4129 Labeo
602 4071 704 4142 scribit,
722 4073 746 4128 si
763 4073 803 4128 ita
820 4074 951 4144 scriptum
969 4075 1018 4130 sit:
1041 4074 1136 4130 Titius
1155 4081 1183 4130 et
1200 4073 1279 4131 Seius
1297 4082 1399 4146 quanta
1416 4078 1536 4149 quisquc
1551 4097 1648 4138 eorum

193 4163 253 4244 ss'ex
276 4168 354 4234 parte
378 4161 506 4219 heredem
530 4177 574 4217 me
598 4160 723 4216 habuerit
746 4163 890 4234 scriptum,
913 4162 992 4218 heres
1010 4163 1074 4219 mihi
1092 4163 1169 4234 esto’,
1191 4165 1244 4220 nisi
1262 4180 1356 4220 omnes
1374 4165 1497 4223 habeant
1514 4172 1648 4242 scriptum

210 4252 338 4309 heredem
361 4257 534 4321 testatorem,
562 4255 689 4307 neutrum
713 4249 841 4306 heredem
865 4267 927 4308 esse
949 4268 1044 4324 posse,
1067 4253 1194 4324 quoniam
1218 4253 1254 4310 ad
1280 4255 1399 4310 omnium
1427 4253 1533 4314 Iactum
1558 4277 1648 4318 sermo
1664 4271 1687 4312 ιι

210 4349 434 4420 menoare)

213 4485 307 4537 ²idem
328 4481 423 4538 Graeci
440 4481 504 4552 (Ῠιιὸ
520 4482 603 4538 hetae
618 4482 632 4536 ir
645 4481 743 4537 &bstou
758 4481 855 4608 ιἰιιὸἶιιι
869 4483 982 4557 Ttpue.):
1001 4483 1045 4539 uel
1062 4483 1189 4540 iuterim?
1241 4486 1411 4558 'possidere
1429 4491 1648 4558 permissurum?

210 4555 223 4591 ⁸
241 4559 394 4610 curatorem
414 4557 449 4619 (ιι.
462 4553 510 4620 su?
581 4555 593 4588 ⁴
609 4553 682 4623 ideo]
701 4551 794 4609 habeo

211 4679 339 4748 3pertss
356 4679 383 4732 F
422 4679 455 4733 17
474 4677 663 4733 institutione
681 4677 717 4732 F*
733 4679 738 4744 1
753 4679 786 4748 si]
805 4679 853 4748 qui
865 4679 901 4733 F·
954 4680 989 4735 25
1007 4679 1235 4736 defenderentur
1253 4683 1290 4736 Ρ
1343 4683 1377 4737 29
1400 4681 1485 4752 quta
1504 4685 1544 4740 F*
1564 4688 1570 4754 Ι
1592 4689 1648 4744 *irs

212 4750 246 4804 19
268 4748 406 4806 heredItus
430 4749 465 4802 F¹
487 4751 492 4815 Ι
513 4749 662 4818 possidere]
685 4749 844 4819 possibilere
864 4751 901 4804 ,re
954 4766 1015 4808 esse
1034 4753 1071 4806 F’
1087 4755 1091 4819 Ι
1107 4751 1267 4808 uide'sn'tur
1284 4751 1322 4806 Ft
1374 4755 1410 4810 33
1431 4755 1596 4814 soudieione
1612 4762 1649 4813 Ρ

211 4821 247 4874 20
259 4819 457 4889 procuratores]
471 4819 585 4885 F’DIO,
597 4823 780 4892 procuratorIs
794 4824 837 4888 ΙΝ,
855 4835 901 4876 cu·
954 4823 989 4878 34
1001 4838 1034 4878 ea
1054 4824 1110 4889 FD,
1120 4823 1216 4880 eedem
1230 4824 1292 4878 WE
1303 4827 1340 4888 (ιι
1350 4844 1408 4879 mor
1427 4826 1479 4882 ,ιιι
1489 4825 1554 4896 hac)
1566 4829 1648 4899 tht

211 4895 316 4945 ratores
330 4891 392 4946 WE
427 4892 463 4946 22
474 4907 524 4961 per
535 4893 747 4962 procuratorem]
759 4893 827 4958 ΗΟ,
839 4907 900 5018 W'
954 4893 1027 4950 deun
1047 4895 1107 4949 eF‘
1142 4895 1321 4952 bbtenndem
1330 4896 1368 4950 F’
1416 4897 1433 4952 7
1444 4901 1649 4957 exstiterim

875 4965 903 5019 Ε
954 4966 989 5023 39
1007 4966 1032 5021 si
1048 4964 1205 5037 ita‘si'quis
1222 4967 1261 5022 Ρ
1312 4967 1348 5022 40
1364 4967 1465 5039 gradu]
1484 4973 1575 5041 grado
1594 4974 1630 5028 Ρ

211 4967 363 5023 curatorem
382 4965 441 5029 (om.
451 4966 510 5036 per)
527 4963 590 5031 DQ,
608 4978 657 5037 per
674 4969 826 5032 curatorem
