<?xml version="1.0" encoding="UTF-8"?>
<!DOCTYPE html PUBLIC "-//W3C//DTD XHTML 1.0 Transitional//EN"
    "http://www.w3.org/TR/xhtml1/DTD/xhtml1-transitional.dtd">
<html xmlns="http://www.w3.org/1999/xhtml" xml:lang="en" lang="en">
 <head>
  <title>
</title>
<meta http-equiv="Content-Type" content="text/html;charset=utf-8" />
  <meta name='ocr-system' content='tesseract 3.04.00' />
  <meta name='ocr-capabilities' content='ocr_page ocr_carea ocr_par ocr_line ocrx_word'/>
</head>
<body>
  <div class='ocr_page' id='page_1' title='image "./digestaiustinia01kruegoog/digestaiustinia01kruegoog_0086.png"; bbox 0 0 3608 5302; ppageno 0'>
   <div class='ocr_carea' id='block_1_1' title="bbox 740 170 927 240">
    <p class='ocr_par' dir='ltr' id='par_1_1' title="bbox 740 170 927 240">
     <span class='ocr_line' id='line_1_1' title="bbox 740 170 927 240; baseline 0.011 -2"><span class='ocrx_word' id='word_1_1' title='bbox 740 170 927 240; x_wconf 75' lang='lat' dir='ltr'>&#39;LXXVIIII</span> 
     </span>
    </p>
   </div>
   <div class='ocr_carea' id='block_1_2' title="bbox 82 345 1638 4692">
    <p class='ocr_par' dir='ltr' id='par_1_2' title="bbox 82 345 1638 4692">
     <span class='ocr_line' id='line_1_2' title="bbox 129 345 1551 419; baseline 0.002 -19"><span class='ocrx_word' id='word_1_2' title='bbox 129 357 213 400; x_wconf 86' lang='lat' dir='ltr'><strong>corum</strong></span> <span class='ocrx_word' id='word_1_3' title='bbox 231 346 328 416; x_wconf 88' lang='lat' dir='ltr'><strong>quiin</strong></span> <span class='ocrx_word' id='word_1_4' title='bbox 346 347 405 401; x_wconf 92' lang='lat' dir='ltr'><strong>inre</strong></span> <span class='ocrx_word' id='word_1_5' title='bbox 422 347 535 417; x_wconf 87' lang='lat' dir='ltr'><strong>antiqno</strong></span> <span class='ocrx_word' id='word_1_6' title='bbox 552 347 744 418; x_wconf 90' lang='lat' dir='ltr'><strong>inuestigando</strong></span> <span class='ocrx_word' id='word_1_7' title='bbox 761 362 872 418; x_wconf 90' lang='lat' dir='ltr'><strong>operam</strong></span> <span class='ocrx_word' id='word_1_8' title='bbox 891 347 1033 404; x_wconf 91' lang='lat' dir='ltr'><strong>collocant.</strong></span> <span class='ocrx_word' id='word_1_9' title='bbox 1060 361 1224 418; x_wconf 85' lang='lat' dir='ltr'><strong>quamquam</strong></span> <span class='ocrx_word' id='word_1_10' title='bbox 1237 345 1284 402; x_wconf 91' lang='lat' dir='ltr'><strong>nbi</strong></span> <span class='ocrx_word' id='word_1_11' title='bbox 1296 352 1390 418; x_wconf 90' lang='lat' dir='ltr'><strong>aptum</strong></span> <span class='ocrx_word' id='word_1_12' title='bbox 1403 347 1551 419; x_wconf 87' lang='lat' dir='ltr'><strong>uideretur,</strong></span> 
     </span>
     <span class='ocr_line' id='line_1_3' title="bbox 121 451 1550 525; baseline 0.001 -18"><span class='ocrx_word' id='word_1_13' title='bbox 121 452 239 508; x_wconf 72' lang='lat' dir='ltr'><strong>mammo</strong></span> <span class='ocrx_word' id='word_1_14' title='bbox 263 451 313 508; x_wconf 90' lang='lat' dir='ltr'><strong>nbi</strong></span> <span class='ocrx_word' id='word_1_15' title='bbox 335 456 448 524; x_wconf 90' lang='lat' dir='ltr'><strong>propter</strong></span> <span class='ocrx_word' id='word_1_16' title='bbox 471 468 531 508; x_wconf 89' lang='lat' dir='ltr'><strong>cam</strong></span> <span class='ocrx_word' id='word_1_17' title='bbox 549 454 636 524; x_wconf 89' lang='lat' dir='ltr'><strong>ipsam</strong></span> <span class='ocrx_word' id='word_1_18' title='bbox 655 453 891 525; x_wconf 75' lang='lat' dir='ltr'><strong>interpolationem</strong></span> <span class='ocrx_word' id='word_1_19' title='bbox 909 452 994 510; x_wconf 87' lang='lat' dir='ltr'><strong>uerba</strong></span> <span class='ocrx_word' id='word_1_20' title='bbox 1011 468 1082 522; x_wconf 88' lang='lat' dir='ltr'><strong>qnae</strong></span> <span class='ocrx_word' id='word_1_21' title='bbox 1100 469 1172 509; x_wconf 93' lang='lat' dir='ltr'><strong>nunc</strong></span> <span class='ocrx_word' id='word_1_22' title='bbox 1189 453 1305 523; x_wconf 88' lang='lat' dir='ltr'><strong>legimus</strong></span> <span class='ocrx_word' id='word_1_23' title='bbox 1328 455 1372 510; x_wconf 90' lang='lat' dir='ltr'><strong>uel</strong></span> <span class='ocrx_word' id='word_1_24' title='bbox 1395 453 1470 510; x_wconf 89' lang='lat' dir='ltr'><strong>biere</strong></span> <span class='ocrx_word' id='word_1_25' title='bbox 1493 468 1550 510; x_wconf 88' lang='lat' dir='ltr'><strong>oer-</strong></span> 
     </span>
     <span class='ocr_line' id='line_1_4' title="bbox 112 559 1551 632; baseline 0.002 -19"><span class='ocrx_word' id='word_1_26' title='bbox 112 573 212 614; x_wconf 87' lang='lat' dir='ltr'><strong>nerem</strong></span> <span class='ocrx_word' id='word_1_27' title='bbox 236 559 284 615; x_wconf 92' lang='lat' dir='ltr'><strong>uel</strong></span> <span class='ocrx_word' id='word_1_28' title='bbox 307 559 362 614; x_wconf 82' lang='lat' dir='ltr'><strong>alia</strong></span> <span class='ocrx_word' id='word_1_29' title='bbox 382 559 488 616; x_wconf 86' lang='lat' dir='ltr'><strong>ratione</strong></span> <span class='ocrx_word' id='word_1_30' title='bbox 511 560 689 618; x_wconf 81' lang='lat' dir='ltr'><strong>offensionem</strong></span> <span class='ocrx_word' id='word_1_31' title='bbox 707 560 820 632; x_wconf 88' lang='lat' dir='ltr'><strong>babere,</strong></span> <span class='ocrx_word' id='word_1_32' title='bbox 843 561 909 616; x_wconf 86' lang='lat' dir='ltr'><strong>talia</strong></span> <span class='ocrx_word' id='word_1_33' title='bbox 925 575 1034 631; x_wconf 87' lang='lat' dir='ltr'><strong>quoque</strong></span> <span class='ocrx_word' id='word_1_34' title='bbox 1052 559 1190 617; x_wconf 88' lang='lat' dir='ltr'><strong>adnotaui.</strong></span> <span class='ocrx_word' id='word_1_35' title='bbox 1223 575 1328 616; x_wconf 90' lang='lat' dir='ltr'><strong>errores</strong></span> <span class='ocrx_word' id='word_1_36' title='bbox 1346 561 1551 631; x_wconf 72' lang='lat' dir='ltr'><strong>compilatorum</strong></span> 
     </span>
     <span class='ocr_line' id='line_1_5' title="bbox 105 665 1551 738; baseline 0.001 -18"><span class='ocrx_word' id='word_1_37' title='bbox 105 665 477 737; x_wconf 82' lang='lat' dir='ltr'><strong>mendasqneantiquiores</strong></span> <span class='ocrx_word' id='word_1_38' title='bbox 495 665 542 722; x_wconf 89' lang='lat' dir='ltr'><strong>ubi</strong></span> <span class='ocrx_word' id='word_1_39' title='bbox 560 666 763 738; x_wconf 89' lang='lat' dir='ltr'><strong>deprehendere</strong></span> <span class='ocrx_word' id='word_1_40' title='bbox 781 666 846 723; x_wconf 91' lang='lat' dir='ltr'><strong>mibi</strong></span> <span class='ocrx_word' id='word_1_41' title='bbox 863 666 985 738; x_wconf 89' lang='lat' dir='ltr'><strong>uidebar,</strong></span> <span class='ocrx_word' id='word_1_42' title='bbox 1003 681 1050 724; x_wconf 92' lang='lat' dir='ltr'><strong>eos</strong></span> <span class='ocrx_word' id='word_1_43' title='bbox 1069 667 1196 738; x_wconf 88' lang='lat' dir='ltr'><strong>indicaui,</strong></span> <span class='ocrx_word' id='word_1_44' title='bbox 1215 667 1264 724; x_wconf 91' lang='lat' dir='ltr'><strong>sed</strong></span> <span class='ocrx_word' id='word_1_45' title='bbox 1281 668 1328 737; x_wconf 86' lang='lat' dir='ltr'><strong>its,</strong></span> <span class='ocrx_word' id='word_1_46' title='bbox 1347 671 1378 724; x_wconf 90' lang='lat' dir='ltr'><strong>ut</strong></span> <span class='ocrx_word' id='word_1_47' title='bbox 1396 667 1447 724; x_wconf 91' lang='lat' dir='ltr'><strong>bae</strong></span> <span class='ocrx_word' id='word_1_48' title='bbox 1465 667 1551 738; x_wconf 91' lang='lat' dir='ltr'><strong>ipsius</strong></span> 
     </span>
     <span class='ocr_line' id='line_1_6' title="bbox 96 771 1551 846; baseline 0.001 -18"><span class='ocrx_word' id='word_1_49' title='bbox 96 771 266 828; x_wconf 80' lang='lat' dir='ltr'><strong>Iustiniani</strong></span> <span class='ocrx_word' id='word_1_50' title='bbox 284 771 428 844; x_wconf 84' lang='lat' dir='ltr'><strong>archetypi</strong></span> <span class='ocrx_word' id='word_1_51' title='bbox 446 773 623 844; x_wconf 68' lang='lat' dir='ltr'><strong>corruptelae,</strong></span> <span class='ocrx_word' id='word_1_52' title='bbox 642 774 747 830; x_wconf 87' lang='lat' dir='ltr'><strong>scilicet</strong></span> <span class='ocrx_word' id='word_1_53' title='bbox 764 778 887 846; x_wconf 89' lang='lat' dir='ltr'><strong>repertae</strong></span> <span class='ocrx_word' id='word_1_54' title='bbox 905 778 960 830; x_wconf 84' lang='lat' dir='ltr'><strong>tem</strong></span> <span class='ocrx_word' id='word_1_55' title='bbox 973 775 1008 830; x_wconf 91' lang='lat' dir='ltr'><strong>in</strong></span> <span class='ocrx_word' id='word_1_56' title='bbox 1020 774 1176 832; x_wconf 85' lang='lat' dir='ltr'><strong>Florentino</strong></span> <span class='ocrx_word' id='word_1_57' title='bbox 1194 773 1263 832; x_wconf 93' lang='lat' dir='ltr'><strong>libro</strong></span> <span class='ocrx_word' id='word_1_58' title='bbox 1281 789 1362 845; x_wconf 89' lang='lat' dir='ltr'><strong>quam</strong></span> <span class='ocrx_word' id='word_1_59' title='bbox 1382 773 1456 846; x_wconf 89' lang='lat' dir='ltr'><strong>apud</strong></span> <span class='ocrx_word' id='word_1_60' title='bbox 1468 773 1551 830; x_wconf 78' lang='lat' dir='ltr'><strong>Grae</strong></span> 
     </span>
     <span class='ocr_line' id='line_1_7' title="bbox 92 878 1552 952; baseline 0.003 -19"><span class='ocrx_word' id='word_1_61' title='bbox 92 893 177 949; x_wconf 85' lang='grc' dir='ltr'>οοι,</span> <span class='ocrx_word' id='word_1_62' title='bbox 203 895 223 934; x_wconf 83' lang='lat' dir='ltr'><strong>a</strong></span> <span class='ocrx_word' id='word_1_63' title='bbox 246 879 360 950; x_wconf 84' lang='lat' dir='ltr'><strong>reliquis</strong></span> <span class='ocrx_word' id='word_1_64' title='bbox 384 880 496 950; x_wconf 87' lang='lat' dir='ltr'><strong>originis</strong></span> <span class='ocrx_word' id='word_1_65' title='bbox 518 878 635 937; x_wconf 85' lang='lat' dir='ltr'><strong>fortasse</strong></span> <span class='ocrx_word' id='word_1_66' title='bbox 657 881 816 952; x_wconf 89' lang='lat' dir='ltr'><strong>posterioris</strong></span> <span class='ocrx_word' id='word_1_67' title='bbox 838 881 1069 952; x_wconf 79' lang='lat' dir='ltr'><strong>distinguerentur</strong></span> <span class='ocrx_word' id='word_1_68' title='bbox 1090 885 1118 938; x_wconf 92' lang='lat' dir='ltr'><strong>et</strong></span> <span class='ocrx_word' id='word_1_69' title='bbox 1135 881 1182 938; x_wconf 92' lang='lat' dir='ltr'><strong>ubi</strong></span> <span class='ocrx_word' id='word_1_70' title='bbox 1199 879 1258 937; x_wconf 86' lang='lat' dir='ltr'><strong>lieri</strong></span> <span class='ocrx_word' id='word_1_71' title='bbox 1276 886 1385 952; x_wconf 89' lang='lat' dir='ltr'><strong>poterat</strong></span> <span class='ocrx_word' id='word_1_72' title='bbox 1402 895 1490 951; x_wconf 88' lang='lat' dir='ltr'><strong>neque</strong></span> <span class='ocrx_word' id='word_1_73' title='bbox 1509 896 1552 938; x_wconf 89' lang='lat' dir='ltr'><strong>res</strong></span> 
     </span>
     <span class='ocr_line' id='line_1_8' title="bbox 84 985 1552 1060; baseline 0.002 -19"><span class='ocrx_word' id='word_1_74' title='bbox 84 987 175 1057; x_wconf 79' lang='lat' dir='ltr'><strong>ipss</strong></span> <span class='ocrx_word' id='word_1_75' title='bbox 193 985 372 1056; x_wconf 72' lang='lat' dir='ltr'><strong>loquebatur,</strong></span> <span class='ocrx_word' id='word_1_76' title='bbox 389 987 504 1044; x_wconf 82' lang='lat' dir='ltr'><strong>lectores</strong></span> <span class='ocrx_word' id='word_1_77' title='bbox 523 993 697 1044; x_wconf 89' lang='lat' dir='ltr'><strong>mouerentur</strong></span> <span class='ocrx_word' id='word_1_78' title='bbox 714 987 897 1044; x_wconf 87' lang='lat' dir='ltr'><strong>coniecturam</strong></span> <span class='ocrx_word' id='word_1_79' title='bbox 915 989 1050 1060; x_wconf 83' lang='lat' dir='ltr'><strong>prolatam</strong></span> <span class='ocrx_word' id='word_1_80' title='bbox 1068 988 1104 1044; x_wconf 88' lang='lat' dir='ltr'><strong>ad</strong></span> <span class='ocrx_word' id='word_1_81' title='bbox 1122 989 1165 1044; x_wconf 88' lang='lat' dir='ltr'><strong>ius</strong></span> <span class='ocrx_word' id='word_1_82' title='bbox 1182 988 1361 1044; x_wconf 86' lang='lat' dir='ltr'><strong>lastinianum</strong></span> <span class='ocrx_word' id='word_1_83' title='bbox 1379 989 1481 1060; x_wconf 92' lang='lat' dir='ltr'><strong>porrigi</strong></span> <span class='ocrx_word' id='word_1_84' title='bbox 1497 1003 1552 1044; x_wconf 92' lang='lat' dir='ltr'><strong>uon</strong></span> 
     </span>
     <span class='ocr_line' id='line_1_9' title="bbox 84 1089 1552 1166; baseline 0.001 -18"><span class='ocrx_word' id='word_1_85' title='bbox 84 1089 229 1148; x_wconf 74' lang='lat' dir='ltr'><strong>debere.</strong></span> <span class='ocrx_word' id='word_1_86' title='bbox 259 1093 322 1149; x_wconf 87' lang='lat' dir='ltr'><strong>caui</strong></span> <span class='ocrx_word' id='word_1_87' title='bbox 339 1098 446 1165; x_wconf 89' lang='lat' dir='ltr'><strong>autem,</strong></span> <span class='ocrx_word' id='word_1_88' title='bbox 465 1109 499 1150; x_wconf 89' lang='lat' dir='ltr'><strong>ne</strong></span> <span class='ocrx_word' id='word_1_89' title='bbox 517 1093 553 1150; x_wconf 88' lang='lat' dir='ltr'><strong>sd</strong></span> <span class='ocrx_word' id='word_1_90' title='bbox 571 1093 682 1151; x_wconf 91' lang='lat' dir='ltr'><strong>modum</strong></span> <span class='ocrx_word' id='word_1_91' title='bbox 700 1095 850 1152; x_wconf 87' lang='lat' dir='ltr'><strong>Haloendri</strong></span> <span class='ocrx_word' id='word_1_92' title='bbox 867 1099 1009 1152; x_wconf 87' lang='lat' dir='ltr'><strong>auctorum</strong></span> <span class='ocrx_word' id='word_1_93' title='bbox 1033 1094 1118 1152; x_wconf 91' lang='lat' dir='ltr'><strong>uerba</strong></span> <span class='ocrx_word' id='word_1_94' title='bbox 1137 1094 1172 1150; x_wconf 87' lang='lat' dir='ltr'><strong>ad</strong></span> <span class='ocrx_word' id='word_1_95' title='bbox 1190 1095 1341 1152; x_wconf 90' lang='lat' dir='ltr'><strong>ordinarias</strong></span> <span class='ocrx_word' id='word_1_96' title='bbox 1357 1094 1552 1166; x_wconf 75' lang='lat' dir='ltr'><strong>grammaticen</strong></span> 
     </span>
     <span class='ocr_line' id='line_1_10' title="bbox 82 1200 1550 1273; baseline 0.001 -18"><span class='ocrx_word' id='word_1_97' title='bbox 82 1202 194 1269; x_wconf 80' lang='lat' dir='ltr'><strong>leges</strong></span> <span class='ocrx_word' id='word_1_98' title='bbox 218 1200 261 1270; x_wconf 82' lang='lat' dir='ltr'><strong>its</strong></span> <span class='ocrx_word' id='word_1_99' title='bbox 285 1200 437 1272; x_wconf 81' lang='lat' dir='ltr'><strong>exigerem,</strong></span> <span class='ocrx_word' id='word_1_100' title='bbox 461 1206 493 1257; x_wconf 91' lang='lat' dir='ltr'><strong>ut</strong></span> <span class='ocrx_word' id='word_1_101' title='bbox 515 1201 639 1272; x_wconf 76' lang='lat' dir='ltr'><strong>magistri</strong></span> <span class='ocrx_word' id='word_1_102' title='bbox 662 1201 800 1273; x_wconf 80' lang='lat' dir='ltr'><strong>castigant</strong></span> <span class='ocrx_word' id='word_1_103' title='bbox 819 1217 965 1273; x_wconf 88' lang='lat' dir='ltr'><strong>puerorum</strong></span> <span class='ocrx_word' id='word_1_104' title='bbox 984 1202 1145 1273; x_wconf 89' lang='lat' dir='ltr'><strong>scriptiones</strong></span> <span class='ocrx_word' id='word_1_105' title='bbox 1163 1201 1352 1258; x_wconf 89' lang='lat' dir='ltr'><strong>scholasticas:</strong></span> <span class='ocrx_word' id='word_1_106' title='bbox 1375 1217 1438 1258; x_wconf 90' lang='lat' dir='ltr'><strong>nem</strong></span> <span class='ocrx_word' id='word_1_107' title='bbox 1457 1216 1550 1257; x_wconf 92' lang='lat' dir='ltr'><strong>eorum</strong></span> 
     </span>
     <span class='ocr_line' id='line_1_11' title="bbox 84 1305 1551 1380; baseline 0.002 -19"><span class='ocrx_word' id='word_1_108' title='bbox 84 1320 189 1377; x_wconf 80' lang='lat' dir='ltr'><strong>quae</strong></span> <span class='ocrx_word' id='word_1_109' title='bbox 213 1305 361 1363; x_wconf 78' lang='lat' dir='ltr'><strong>offendunt</strong></span> <span class='ocrx_word' id='word_1_110' title='bbox 381 1306 455 1379; x_wconf 90' lang='lat' dir='ltr'><strong>apud</strong></span> <span class='ocrx_word' id='word_1_111' title='bbox 478 1307 626 1379; x_wconf 89' lang='lat' dir='ltr'><strong>prudentes</strong></span> <span class='ocrx_word' id='word_1_112' title='bbox 649 1323 711 1364; x_wconf 91' lang='lat' dir='ltr'><strong>cum</strong></span> <span class='ocrx_word' id='word_1_113' title='bbox 735 1307 836 1365; x_wconf 86' lang='lat' dir='ltr'><strong>bonam</strong></span> <span class='ocrx_word' id='word_1_114' title='bbox 858 1314 964 1378; x_wconf 88' lang='lat' dir='ltr'><strong>partem</strong></span> <span class='ocrx_word' id='word_1_115' title='bbox 988 1314 1017 1366; x_wconf 89' lang='lat' dir='ltr'><strong>ot</strong></span> <span class='ocrx_word' id='word_1_116' title='bbox 1040 1309 1099 1380; x_wconf 91' lang='lat' dir='ltr'><strong>ipse</strong></span> <span class='ocrx_word' id='word_1_117' title='bbox 1121 1323 1282 1380; x_wconf 85' lang='lat' dir='ltr'><strong>persuasum</strong></span> <span class='ocrx_word' id='word_1_118' title='bbox 1306 1307 1421 1364; x_wconf 89' lang='lat' dir='ltr'><strong>babeam</strong></span> <span class='ocrx_word' id='word_1_119' title='bbox 1443 1323 1498 1366; x_wconf 90' lang='lat' dir='ltr'><strong>non</strong></span> <span class='ocrx_word' id='word_1_120' title='bbox 1515 1306 1551 1364; x_wconf 93' lang='lat' dir='ltr'><strong>ab</strong></span> 
     </span>
     <span class='ocr_line' id='line_1_12' title="bbox 86 1411 1551 1487; baseline 0.002 -18"><span class='ocrx_word' id='word_1_121' title='bbox 86 1411 281 1470; x_wconf 63' lang='lat' dir='ltr'><strong>auctoribus</strong></span> <span class='ocrx_word' id='word_1_122' title='bbox 298 1411 448 1486; x_wconf 87' lang='lat' dir='ltr'><strong>proficisci,</strong></span> <span class='ocrx_word' id='word_1_123' title='bbox 467 1415 517 1472; x_wconf 90' lang='lat' dir='ltr'><strong>sed</strong></span> <span class='ocrx_word' id='word_1_124' title='bbox 534 1431 553 1472; x_wconf 89' lang='lat' dir='ltr'><strong>a</strong></span> <span class='ocrx_word' id='word_1_125' title='bbox 569 1413 739 1472; x_wconf 85' lang='lat' dir='ltr'><strong>librariorum</strong></span> <span class='ocrx_word' id='word_1_126' title='bbox 757 1417 931 1487; x_wconf 86' lang='lat' dir='ltr'><strong>neglegentia</strong></span> <span class='ocrx_word' id='word_1_127' title='bbox 948 1422 977 1472; x_wconf 95' lang='grc' dir='ltr'><strong>ιι</strong></span> <span class='ocrx_word' id='word_1_128' title='bbox 994 1417 1200 1487; x_wconf 90' lang='lat' dir='ltr'><strong>compilatorum</strong></span> <span class='ocrx_word' id='word_1_129' title='bbox 1218 1415 1347 1486; x_wconf 87' lang='lat' dir='ltr'><strong>incuria¹,</strong></span> <span class='ocrx_word' id='word_1_130' title='bbox 1370 1420 1463 1472; x_wconf 89' lang='lat' dir='ltr'><strong>tamen</strong></span> <span class='ocrx_word' id='word_1_131' title='bbox 1480 1415 1551 1472; x_wconf 88' lang='lat' dir='ltr'><strong>inter</strong></span> 
     </span>
     <span class='ocr_line' id='line_1_13' title="bbox 88 1519 1551 1594; baseline 0.001 -18"><span class='ocrx_word' id='word_1_132' title='bbox 88 1519 257 1576; x_wconf 73' lang='lat' dir='ltr'><strong>eiusmodi</strong></span> <span class='ocrx_word' id='word_1_133' title='bbox 277 1535 383 1576; x_wconf 90' lang='lat' dir='ltr'><strong>errores</strong></span> <span class='ocrx_word' id='word_1_134' title='bbox 406 1525 436 1578; x_wconf 91' lang='lat' dir='ltr'><strong>et</strong></span> <span class='ocrx_word' id='word_1_135' title='bbox 454 1521 597 1578; x_wconf 85' lang='lat' dir='ltr'><strong>cottidiani</strong></span> <span class='ocrx_word' id='word_1_136' title='bbox 615 1523 748 1578; x_wconf 85' lang='lat' dir='ltr'><strong>sermonis</strong></span> <span class='ocrx_word' id='word_1_137' title='bbox 766 1522 902 1579; x_wconf 89' lang='lat' dir='ltr'><strong>licentiam</strong></span> <span class='ocrx_word' id='word_1_138' title='bbox 921 1521 990 1580; x_wconf 88' lang='lat' dir='ltr'><strong>linea</strong></span> <span class='ocrx_word' id='word_1_139' title='bbox 1008 1523 1032 1578; x_wconf 93' lang='lat' dir='ltr'><strong>si</strong></span> <span class='ocrx_word' id='word_1_140' title='bbox 1050 1521 1159 1593; x_wconf 86' lang='lat' dir='ltr'><strong>quidem</strong></span> <span class='ocrx_word' id='word_1_141' title='bbox 1177 1523 1236 1593; x_wconf 90' lang='lat' dir='ltr'><strong>regi</strong></span> <span class='ocrx_word' id='word_1_142' title='bbox 1253 1527 1382 1594; x_wconf 90' lang='lat' dir='ltr'><strong>possunt,</strong></span> <span class='ocrx_word' id='word_1_143' title='bbox 1405 1527 1479 1578; x_wconf 90' lang='lat' dir='ltr'><strong>certe</strong></span> <span class='ocrx_word' id='word_1_144' title='bbox 1496 1536 1551 1578; x_wconf 91' lang='lat' dir='ltr'><strong>uon</strong></span> 
     </span>
     <span class='ocr_line' id='line_1_14' title="bbox 92 1627 1551 1701; baseline 0.001 -19"><span class='ocrx_word' id='word_1_145' title='bbox 92 1628 140 1682; x_wconf 75' lang='lat' dir='ltr'><strong>in</strong></span> <span class='ocrx_word' id='word_1_146' title='bbox 158 1642 239 1698; x_wconf 88' lang='lat' dir='ltr'><strong>snm,</strong></span> <span class='ocrx_word' id='word_1_147' title='bbox 257 1627 306 1697; x_wconf 83' lang='lat' dir='ltr'><strong>qui</strong></span> <span class='ocrx_word' id='word_1_148' title='bbox 323 1642 372 1684; x_wconf 89' lang='lat' dir='ltr'><strong>eos</strong></span> <span class='ocrx_word' id='word_1_149' title='bbox 388 1643 493 1699; x_wconf 89' lang='lat' dir='ltr'><strong>regam.</strong></span> <span class='ocrx_word' id='word_1_150' title='bbox 520 1641 604 1699; x_wconf 82' lang='lat' dir='ltr'><strong>quare</strong></span> <span class='ocrx_word' id='word_1_151' title='bbox 622 1629 702 1698; x_wconf 83' lang='lat' dir='ltr'><strong>taba,</strong></span> <span class='ocrx_word' id='word_1_152' title='bbox 720 1643 792 1699; x_wconf 83' lang='lat' dir='ltr'><strong>quae</strong></span> <span class='ocrx_word' id='word_1_153' title='bbox 810 1634 905 1686; x_wconf 88' lang='lat' dir='ltr'><strong>contra</strong></span> <span class='ocrx_word' id='word_1_154' title='bbox 922 1629 1128 1699; x_wconf 90' lang='lat' dir='ltr'><strong>grammaticam</strong></span> <span class='ocrx_word' id='word_1_155' title='bbox 1146 1629 1256 1698; x_wconf 91' lang='lat' dir='ltr'><strong>quidem</strong></span> <span class='ocrx_word' id='word_1_156' title='bbox 1274 1634 1403 1701; x_wconf 87' lang='lat' dir='ltr'><strong>peccent,</strong></span> <span class='ocrx_word' id='word_1_157' title='bbox 1422 1627 1472 1684; x_wconf 90' lang='lat' dir='ltr'><strong>sed</strong></span> <span class='ocrx_word' id='word_1_158' title='bbox 1490 1643 1551 1684; x_wconf 91' lang='lat' dir='ltr'><strong>sen-</strong></span> 
     </span>
     <span class='ocr_line' id='line_1_15' title="bbox 97 1733 1551 1807; baseline 0.001 -17"><span class='ocrx_word' id='word_1_159' title='bbox 97 1733 236 1790; x_wconf 74' lang='lat' dir='ltr'><strong>cenum</strong></span> <span class='ocrx_word' id='word_1_160' title='bbox 254 1749 311 1790; x_wconf 93' lang='lat' dir='ltr'><strong>non</strong></span> <span class='ocrx_word' id='word_1_161' title='bbox 327 1735 521 1806; x_wconf 87' lang='lat' dir='ltr'><strong>pessumdant,</strong></span> <span class='ocrx_word' id='word_1_162' title='bbox 543 1735 649 1792; x_wconf 90' lang='lat' dir='ltr'><strong>minora</strong></span> <span class='ocrx_word' id='word_1_163' title='bbox 665 1737 826 1805; x_wconf 88' lang='lat' dir='ltr'><strong>praesertim</strong></span> <span class='ocrx_word' id='word_1_164' title='bbox 843 1736 946 1807; x_wconf 92' lang='lat' dir='ltr'><strong>passim</strong></span> <span class='ocrx_word' id='word_1_165' title='bbox 965 1737 1003 1793; x_wconf 89' lang='lat' dir='ltr'><strong>ita</strong></span> <span class='ocrx_word' id='word_1_166' title='bbox 1021 1735 1132 1807; x_wconf 90' lang='lat' dir='ltr'><strong>retinui,</strong></span> <span class='ocrx_word' id='word_1_167' title='bbox 1154 1739 1185 1792; x_wconf 92' lang='lat' dir='ltr'><strong>ut</strong></span> <span class='ocrx_word' id='word_1_168' title='bbox 1202 1751 1237 1792; x_wconf 93' lang='grc' dir='ltr'><strong>ιι</strong></span> <span class='ocrx_word' id='word_1_169' title='bbox 1254 1735 1282 1792; x_wconf 90' lang='grc' dir='ltr'><strong>ιι</strong></span> <span class='ocrx_word' id='word_1_170' title='bbox 1300 1735 1475 1793; x_wconf 80' lang='lat' dir='ltr'><strong>adnotatiom</strong></span> <span class='ocrx_word' id='word_1_171' title='bbox 1493 1735 1551 1806; x_wconf 88' lang='lat' dir='ltr'><strong>qui·</strong></span> 
     </span>
     <span class='ocr_line' id='line_1_16' title="bbox 100 1839 1551 1914; baseline 0.002 -19"><span class='ocrx_word' id='word_1_172' title='bbox 100 1839 184 1895; x_wconf 79' lang='lat' dir='ltr'><strong>dam</strong></span> <span class='ocrx_word' id='word_1_173' title='bbox 207 1839 245 1896; x_wconf 93' lang='lat' dir='ltr'><strong>de</strong></span> <span class='ocrx_word' id='word_1_174' title='bbox 268 1841 400 1898; x_wconf 87' lang='lat' dir='ltr'><strong>orationis</strong></span> <span class='ocrx_word' id='word_1_175' title='bbox 423 1841 493 1899; x_wconf 90' lang='lat' dir='ltr'><strong>uitio</strong></span> <span class='ocrx_word' id='word_1_176' title='bbox 515 1857 661 1899; x_wconf 90' lang='lat' dir='ltr'><strong>monerem.</strong></span> <span class='ocrx_word' id='word_1_177' title='bbox 693 1842 897 1900; x_wconf 87' lang='lat' dir='ltr'><strong>emendationes</strong></span> <span class='ocrx_word' id='word_1_178' title='bbox 920 1858 989 1914; x_wconf 87' lang='lat' dir='ltr'><strong>quas</strong></span> <span class='ocrx_word' id='word_1_179' title='bbox 1012 1842 1057 1898; x_wconf 85' lang='lat' dir='ltr'><strong>alii</strong></span> <span class='ocrx_word' id='word_1_180' title='bbox 1079 1843 1287 1914; x_wconf 87' lang='lat' dir='ltr'><strong>proposuissent</strong></span> <span class='ocrx_word' id='word_1_181' title='bbox 1309 1857 1363 1899; x_wconf 93' lang='lat' dir='ltr'><strong>non</strong></span> <span class='ocrx_word' id='word_1_182' title='bbox 1386 1842 1551 1914; x_wconf 86' lang='lat' dir='ltr'><strong>inuestigaui</strong></span> 
     </span>
     <span class='ocr_line' id='line_1_17' title="bbox 105 1945 1552 2032; baseline 0.003 -30"><span class='ocrx_word' id='word_1_183' title='bbox 105 1945 187 2002; x_wconf 82' lang='lat' dir='ltr'><strong>dats</strong></span> <span class='ocrx_word' id='word_1_184' title='bbox 204 1961 302 2017; x_wconf 88' lang='lat' dir='ltr'><strong>opera:</strong></span> <span class='ocrx_word' id='word_1_185' title='bbox 321 1947 351 2004; x_wconf 90' lang='lat' dir='ltr'><strong>id</strong></span> <span class='ocrx_word' id='word_1_186' title='bbox 368 1948 440 2004; x_wconf 91' lang='lat' dir='ltr'><strong>enirn</strong></span> <span class='ocrx_word' id='word_1_187' title='bbox 458 1946 594 2007; x_wconf 85' lang='lat' dir='ltr'><strong>infinitum</strong></span> <span class='ocrx_word' id='word_1_188' title='bbox 612 1953 672 2032; x_wconf 74' lang='lat' dir='ltr'><strong>erat</strong></span> <span class='ocrx_word' id='word_1_189' title='bbox 690 1964 779 2020; x_wconf 88' lang='lat' dir='ltr'><strong>neque</strong></span> <span class='ocrx_word' id='word_1_190' title='bbox 796 1947 991 2020; x_wconf 88' lang='lat' dir='ltr'><strong>perficiendum</strong></span> <span class='ocrx_word' id='word_1_191' title='bbox 1007 1947 1042 2006; x_wconf 89' lang='lat' dir='ltr'><strong>ab</strong></span> <span class='ocrx_word' id='word_1_192' title='bbox 1054 1948 1163 2006; x_wconf 90' lang='lat' dir='ltr'><strong>bomine</strong></span> <span class='ocrx_word' id='word_1_193' title='bbox 1176 1949 1268 2006; x_wconf 89' lang='lat' dir='ltr'><strong>multis</strong></span> <span class='ocrx_word' id='word_1_194' title='bbox 1280 1949 1397 2020; x_wconf 90' lang='lat' dir='ltr'><strong>negotiis</strong></span> <span class='ocrx_word' id='word_1_195' title='bbox 1409 1955 1552 2022; x_wconf 85' lang='lat' dir='ltr'><strong>praeterea</strong></span> 
     </span>
     <span class='ocr_line' id='line_1_18' title="bbox 110 2052 1551 2127; baseline 0.001 -17"><span class='ocrx_word' id='word_1_196' title='bbox 110 2052 255 2110; x_wconf 84' lang='lat' dir='ltr'><strong>districto.</strong></span> <span class='ocrx_word' id='word_1_197' title='bbox 287 2053 405 2125; x_wconf 88' lang='lat' dir='ltr'><strong>denique</strong></span> <span class='ocrx_word' id='word_1_198' title='bbox 428 2055 562 2112; x_wconf 88' lang='lat' dir='ltr'><strong>eiusmodi</strong></span> <span class='ocrx_word' id='word_1_199' title='bbox 582 2055 758 2126; x_wconf 88' lang='lat' dir='ltr'><strong>inuestigatio</strong></span> <span class='ocrx_word' id='word_1_200' title='bbox 776 2055 849 2112; x_wconf 90' lang='lat' dir='ltr'><strong>baud</strong></span> <span class='ocrx_word' id='word_1_201' title='bbox 867 2055 924 2112; x_wconf 89' lang='lat' dir='ltr'><strong>seio</strong></span> <span class='ocrx_word' id='word_1_202' title='bbox 942 2071 977 2111; x_wconf 91' lang='lat' dir='ltr'><strong>an</strong></span> <span class='ocrx_word' id='word_1_203' title='bbox 996 2056 1126 2112; x_wconf 87' lang='lat' dir='ltr'><strong>maiorem</strong></span> <span class='ocrx_word' id='word_1_204' title='bbox 1144 2055 1333 2112; x_wconf 81' lang='lat' dir='ltr'><strong>difficultatem</strong></span> <span class='ocrx_word' id='word_1_205' title='bbox 1350 2054 1451 2112; x_wconf 88' lang='lat' dir='ltr'><strong>babeat</strong></span> <span class='ocrx_word' id='word_1_206' title='bbox 1468 2072 1551 2127; x_wconf 89' lang='lat' dir='ltr'><strong>quam</strong></span> 
     </span>
     <span class='ocr_line' id='line_1_19' title="bbox 113 2161 1551 2234; baseline 0.003 -18"><span class='ocrx_word' id='word_1_207' title='bbox 113 2161 277 2217; x_wconf 78' lang='lat' dir='ltr'><strong>mdlitatem.</strong></span> <span class='ocrx_word' id='word_1_208' title='bbox 310 2176 374 2216; x_wconf 89' lang='lat' dir='ltr'><strong>nam</strong></span> <span class='ocrx_word' id='word_1_209' title='bbox 395 2161 487 2218; x_wconf 88' lang='lat' dir='ltr'><strong>nescio</strong></span> <span class='ocrx_word' id='word_1_210' title='bbox 505 2161 642 2232; x_wconf 89' lang='lat' dir='ltr'><strong>quomodo</strong></span> <span class='ocrx_word' id='word_1_211' title='bbox 660 2161 828 2234; x_wconf 89' lang='lat' dir='ltr'><strong>digestorum</strong></span> <span class='ocrx_word' id='word_1_212' title='bbox 847 2163 1002 2220; x_wconf 86' lang='lat' dir='ltr'><strong>emendatio</strong></span> <span class='ocrx_word' id='word_1_213' title='bbox 1020 2164 1082 2234; x_wconf 90' lang='lat' dir='ltr'><strong>plns</strong></span> <span class='ocrx_word' id='word_1_214' title='bbox 1101 2179 1183 2234; x_wconf 88' lang='lat' dir='ltr'><strong>quam</strong></span> <span class='ocrx_word' id='word_1_215' title='bbox 1201 2163 1297 2220; x_wconf 87' lang='lat' dir='ltr'><strong>credas</strong></span> <span class='ocrx_word' id='word_1_216' title='bbox 1314 2163 1399 2220; x_wconf 88' lang='lat' dir='ltr'><strong>iacuit</strong></span> <span class='ocrx_word' id='word_1_217' title='bbox 1417 2167 1480 2234; x_wconf 88' lang='lat' dir='ltr'><strong>post</strong></span> <span class='ocrx_word' id='word_1_218' title='bbox 1498 2162 1551 2221; x_wconf 77' lang='lat' dir='ltr'><strong>Ou-</strong></span> 
     </span>
     <span class='ocr_line' id='line_1_20' title="bbox 115 2265 1551 2341; baseline 0.001 -17"><span class='ocrx_word' id='word_1_219' title='bbox 115 2265 221 2324; x_wconf 79' lang='lat' dir='ltr'><strong>iaeinm</strong></span> <span class='ocrx_word' id='word_1_220' title='bbox 238 2269 268 2324; x_wconf 92' lang='grc' dir='ltr'><strong>ιι</strong></span> <span class='ocrx_word' id='word_1_221' title='bbox 285 2266 338 2324; x_wconf 86' lang='lat' dir='ltr'><strong>bac</strong></span> <span class='ocrx_word' id='word_1_222' title='bbox 355 2267 466 2339; x_wconf 85' lang='lat' dir='ltr'><strong>quidem</strong></span> <span class='ocrx_word' id='word_1_223' title='bbox 483 2283 513 2324; x_wconf 92' lang='lat' dir='ltr'><strong>re</strong></span> <span class='ocrx_word' id='word_1_224' title='bbox 531 2284 586 2325; x_wconf 92' lang='lat' dir='ltr'><strong>non</strong></span> <span class='ocrx_word' id='word_1_225' title='bbox 603 2275 660 2326; x_wconf 90' lang='lat' dir='ltr'><strong>tarn</strong></span> <span class='ocrx_word' id='word_1_226' title='bbox 679 2270 827 2326; x_wconf 86' lang='lat' dir='ltr'><strong>maximum</strong></span> <span class='ocrx_word' id='word_1_227' title='bbox 844 2285 927 2341; x_wconf 89' lang='lat' dir='ltr'><strong>quam</strong></span> <span class='ocrx_word' id='word_1_228' title='bbox 945 2285 1028 2328; x_wconf 90' lang='lat' dir='ltr'><strong>unum</strong></span> <span class='ocrx_word' id='word_1_229' title='bbox 1047 2270 1178 2328; x_wconf 83' lang='lat' dir='ltr'><strong>scientiae</strong></span> <span class='ocrx_word' id='word_1_230' title='bbox 1195 2275 1305 2327; x_wconf 92' lang='lat' dir='ltr'><strong>nostrae</strong></span> <span class='ocrx_word' id='word_1_231' title='bbox 1321 2270 1422 2340; x_wconf 91' lang='lat' dir='ltr'><strong>lumen,</strong></span> <span class='ocrx_word' id='word_1_232' title='bbox 1440 2274 1469 2327; x_wconf 90' lang='lat' dir='ltr'><strong>et</strong></span> <span class='ocrx_word' id='word_1_233' title='bbox 1479 2269 1551 2326; x_wconf 89' lang='lat' dir='ltr'><strong>iacet</strong></span> 
     </span>
     <span class='ocr_line' id='line_1_21' title="bbox 118 2374 1550 2449; baseline 0.003 -19"><span class='ocrx_word' id='word_1_234' title='bbox 118 2375 287 2432; x_wconf 69' lang='lat' dir='ltr'><strong>etiamnum</strong></span> <span class='ocrx_word' id='word_1_235' title='bbox 314 2374 445 2446; x_wconf 89' lang='lat' dir='ltr'><strong>philologi</strong></span> <span class='ocrx_word' id='word_1_236' title='bbox 461 2375 534 2431; x_wconf 92' lang='lat' dir='ltr'><strong>enim</strong></span> <span class='ocrx_word' id='word_1_237' title='bbox 552 2376 571 2432; x_wconf 94' lang='lat' dir='ltr'><strong>ii</strong></span> <span class='ocrx_word' id='word_1_238' title='bbox 588 2391 698 2449; x_wconf 87' lang='lat' dir='ltr'><strong>quoque</strong></span> <span class='ocrx_word' id='word_1_239' title='bbox 715 2377 762 2448; x_wconf 89' lang='lat' dir='ltr'><strong>qui</strong></span> <span class='ocrx_word' id='word_1_240' title='bbox 780 2376 878 2434; x_wconf 83' lang='lat' dir='ltr'><strong>aGaio</strong></span> <span class='ocrx_word' id='word_1_241' title='bbox 891 2383 919 2433; x_wconf 90' lang='lat' dir='ltr'><strong>et</strong></span> <span class='ocrx_word' id='word_1_242' title='bbox 931 2377 1046 2448; x_wconf 89' lang='lat' dir='ltr'><strong>Ulpiano</strong></span> <span class='ocrx_word' id='word_1_243' title='bbox 1064 2393 1119 2434; x_wconf 92' lang='lat' dir='ltr'><strong>non</strong></span> <span class='ocrx_word' id='word_1_244' title='bbox 1136 2375 1283 2434; x_wconf 86' lang='lat' dir='ltr'><strong>abhorrent</strong></span> <span class='ocrx_word' id='word_1_245' title='bbox 1300 2393 1318 2434; x_wconf 91' lang='lat' dir='ltr'><strong>a</strong></span> <span class='ocrx_word' id='word_1_246' title='bbox 1334 2376 1450 2448; x_wconf 87' lang='lat' dir='ltr'><strong>digestis</strong></span> <span class='ocrx_word' id='word_1_247' title='bbox 1467 2376 1550 2434; x_wconf 91' lang='lat' dir='ltr'><strong>absti-</strong></span> 
     </span>
     <span class='ocr_line' id='line_1_22' title="bbox 120 2482 1550 2556; baseline 0.003 -20"><span class='ocrx_word' id='word_1_248' title='bbox 120 2487 201 2538; x_wconf 77' lang='lat' dir='ltr'><strong>nent:</strong></span> <span class='ocrx_word' id='word_1_249' title='bbox 218 2482 287 2538; x_wconf 89' lang='lat' dir='ltr'><strong>iuris</strong></span> <span class='ocrx_word' id='word_1_250' title='bbox 305 2486 397 2538; x_wconf 87' lang='lat' dir='ltr'><strong>antem</strong></span> <span class='ocrx_word' id='word_1_251' title='bbox 415 2487 542 2539; x_wconf 87' lang='lat' dir='ltr'><strong>auctores</strong></span> <span class='ocrx_word' id='word_1_252' title='bbox 560 2483 656 2553; x_wconf 91' lang='lat' dir='ltr'><strong>optimi</strong></span> <span class='ocrx_word' id='word_1_253' title='bbox 675 2485 783 2556; x_wconf 85' lang='lat' dir='ltr'><strong>quique,</strong></span> <span class='ocrx_word' id='word_1_254' title='bbox 802 2499 872 2553; x_wconf 88' lang='lat' dir='ltr'><strong>quos</strong></span> <span class='ocrx_word' id='word_1_255' title='bbox 889 2487 1001 2555; x_wconf 91' lang='lat' dir='ltr'><strong>propter</strong></span> <span class='ocrx_word' id='word_1_256' title='bbox 1012 2483 1173 2556; x_wconf 89' lang='lat' dir='ltr'><strong>prudentiae</strong></span> <span class='ocrx_word' id='word_1_257' title='bbox 1185 2497 1301 2540; x_wconf 83' lang='grc' dir='ltr'>ιιιιιιι</span> <span class='ocrx_word' id='word_1_258' title='bbox 1313 2484 1485 2555; x_wconf 87' lang='lat' dir='ltr'><strong>suspicimus,</strong></span> <span class='ocrx_word' id='word_1_259' title='bbox 1503 2482 1550 2540; x_wconf 90' lang='lat' dir='ltr'><strong>ubi</strong></span> 
     </span>
     <span class='ocr_line' id='line_1_23' title="bbox 120 2587 1551 2663; baseline 0.004 -21"><span class='ocrx_word' id='word_1_260' title='bbox 120 2587 207 2644; x_wconf 85' lang='lat' dir='ltr'><strong>uerba</strong></span> <span class='ocrx_word' id='word_1_261' title='bbox 223 2593 367 2646; x_wconf 84' lang='lat' dir='ltr'><strong>auctorum</strong></span> <span class='ocrx_word' id='word_1_262' title='bbox 384 2592 503 2646; x_wconf 74' lang='lat' dir='ltr'><strong>mactare</strong></span> <span class='ocrx_word' id='word_1_263' title='bbox 520 2589 661 2661; x_wconf 90' lang='lat' dir='ltr'><strong>incipiunt,</strong></span> <span class='ocrx_word' id='word_1_264' title='bbox 679 2591 776 2648; x_wconf 85' lang='lat' dir='ltr'><strong>mirum</strong></span> <span class='ocrx_word' id='word_1_265' title='bbox 795 2591 823 2647; x_wconf 93' lang='lat' dir='ltr'><strong>in</strong></span> <span class='ocrx_word' id='word_1_266' title='bbox 841 2591 952 2649; x_wconf 90' lang='lat' dir='ltr'><strong>modurn</strong></span> <span class='ocrx_word' id='word_1_267' title='bbox 971 2596 1000 2648; x_wconf 88' lang='lat' dir='ltr'><strong>et</strong></span> <span class='ocrx_word' id='word_1_268' title='bbox 1017 2591 1084 2648; x_wconf 88' lang='lat' dir='ltr'><strong>artis</strong></span> <span class='ocrx_word' id='word_1_269' title='bbox 1101 2591 1281 2663; x_wconf 86' lang='lat' dir='ltr'><strong>philologicae</strong></span> <span class='ocrx_word' id='word_1_270' title='bbox 1298 2595 1425 2662; x_wconf 83' lang='lat' dir='ltr'><strong>expertes</strong></span> <span class='ocrx_word' id='word_1_271' title='bbox 1442 2605 1473 2648; x_wconf 89' lang='lat' dir='ltr'><strong>se</strong></span> <span class='ocrx_word' id='word_1_272' title='bbox 1489 2605 1551 2662; x_wconf 92' lang='lat' dir='ltr'><strong>pro·</strong></span> 
     </span>
     <span class='ocr_line' id='line_1_24' title="bbox 121 2691 1550 2770; baseline 0.003 -20"><span class='ocrx_word' id='word_1_273' title='bbox 121 2691 188 2751; x_wconf 84' lang='lat' dir='ltr'><strong>bare</strong></span> <span class='ocrx_word' id='word_1_274' title='bbox 206 2695 296 2752; x_wconf 91' lang='lat' dir='ltr'><strong>solent</strong></span> <span class='ocrx_word' id='word_1_275' title='bbox 313 2699 343 2751; x_wconf 89' lang='lat' dir='ltr'><strong>et</strong></span> <span class='ocrx_word' id='word_1_276' title='bbox 359 2711 442 2766; x_wconf 86' lang='lat' dir='ltr'><strong>saepe</strong></span> <span class='ocrx_word' id='word_1_277' title='bbox 461 2695 531 2754; x_wconf 89' lang='lat' dir='ltr'><strong>adeo</strong></span> <span class='ocrx_word' id='word_1_278' title='bbox 549 2712 584 2752; x_wconf 92' lang='lat' dir='ltr'><strong>ne</strong></span> <span class='ocrx_word' id='word_1_279' title='bbox 602 2697 731 2754; x_wconf 86' lang='lat' dir='ltr'><strong>mediocri</strong></span> <span class='ocrx_word' id='word_1_280' title='bbox 749 2697 859 2768; x_wconf 89' lang='lat' dir='ltr'><strong>quidem</strong></span> <span class='ocrx_word' id='word_1_281' title='bbox 878 2698 987 2769; x_wconf 90' lang='lat' dir='ltr'><strong>linguae</strong></span> <span class='ocrx_word' id='word_1_282' title='bbox 1005 2698 1120 2756; x_wconf 86' lang='lat' dir='ltr'><strong>Latinae</strong></span> <span class='ocrx_word' id='word_1_283' title='bbox 1138 2698 1236 2755; x_wconf 91' lang='lat' dir='ltr'><strong>notitia</strong></span> <span class='ocrx_word' id='word_1_284' title='bbox 1252 2697 1381 2770; x_wconf 89' lang='lat' dir='ltr'><strong>imbutos,</strong></span> <span class='ocrx_word' id='word_1_285' title='bbox 1398 2703 1430 2754; x_wconf 90' lang='lat' dir='ltr'><strong>ut</strong></span> <span class='ocrx_word' id='word_1_286' title='bbox 1441 2712 1550 2768; x_wconf 91' lang='lat' dir='ltr'><strong>peruer-</strong></span> 
     </span>
     <span class='ocr_line' id='line_1_25' title="bbox 124 2800 1551 2876; baseline 0.003 -19"><span class='ocrx_word' id='word_1_287' title='bbox 124 2800 231 2858; x_wconf 85' lang='lat' dir='ltr'><strong>sissima</strong></span> <span class='ocrx_word' id='word_1_288' title='bbox 247 2816 374 2872; x_wconf 84' lang='lat' dir='ltr'><strong>quaeque</strong></span> <span class='ocrx_word' id='word_1_289' title='bbox 392 2807 421 2859; x_wconf 91' lang='lat' dir='ltr'><strong>et</strong></span> <span class='ocrx_word' id='word_1_290' title='bbox 437 2803 535 2874; x_wconf 89' lang='lat' dir='ltr'><strong>quouis</strong></span> <span class='ocrx_word' id='word_1_291' title='bbox 553 2807 665 2861; x_wconf 89' lang='lat' dir='ltr'><strong>auctore</strong></span> <span class='ocrx_word' id='word_1_292' title='bbox 683 2819 737 2861; x_wconf 90' lang='lat' dir='ltr'><strong>non</strong></span> <span class='ocrx_word' id='word_1_293' title='bbox 755 2804 854 2861; x_wconf 87' lang='lat' dir='ltr'><strong>inscito</strong></span> <span class='ocrx_word' id='word_1_294' title='bbox 871 2805 917 2861; x_wconf 89' lang='lat' dir='ltr'><strong>nel</strong></span> <span class='ocrx_word' id='word_1_295' title='bbox 934 2803 1037 2862; x_wconf 81' lang='lat' dir='ltr'><strong>infante</strong></span> <span class='ocrx_word' id='word_1_296' title='bbox 1053 2805 1134 2875; x_wconf 87' lang='lat' dir='ltr'><strong>plene</strong></span> <span class='ocrx_word' id='word_1_297' title='bbox 1149 2803 1262 2876; x_wconf 88' lang='lat' dir='ltr'><strong>indigne</strong></span> <span class='ocrx_word' id='word_1_298' title='bbox 1274 2805 1366 2862; x_wconf 85' lang='lat' dir='ltr'><strong>nescio</strong></span> <span class='ocrx_word' id='word_1_299' title='bbox 1377 2803 1476 2876; x_wconf 89' lang='lat' dir='ltr'><strong>quibus</strong></span> <span class='ocrx_word' id='word_1_300' title='bbox 1488 2819 1551 2861; x_wconf 90' lang='lat' dir='ltr'><strong>ecn-</strong></span> 
     </span>
     <span class='ocr_line' id='line_1_26' title="bbox 126 2907 1550 2983; baseline 0.004 -20"><span class='ocrx_word' id='word_1_301' title='bbox 126 2907 173 2964; x_wconf 89' lang='lat' dir='ltr'><strong>leis</strong></span> <span class='ocrx_word' id='word_1_302' title='bbox 188 2909 387 2980; x_wconf 82' lang='lat' dir='ltr'><strong>tormentisque</strong></span> <span class='ocrx_word' id='word_1_303' title='bbox 408 2908 538 2968; x_wconf 86' lang='lat' dir='ltr'><strong>adhibitis</strong></span> <span class='ocrx_word' id='word_1_304' title='bbox 555 2909 719 2982; x_wconf 82' lang='lat' dir='ltr'><strong>defendant,</strong></span> <span class='ocrx_word' id='word_1_305' title='bbox 742 2911 859 2982; x_wconf 89' lang='lat' dir='ltr'><strong>denique</strong></span> <span class='ocrx_word' id='word_1_306' title='bbox 877 2912 900 2968; x_wconf 91' lang='lat' dir='ltr'><strong>si</strong></span> <span class='ocrx_word' id='word_1_307' title='bbox 918 2910 1028 2983; x_wconf 86' lang='lat' dir='ltr'><strong>qnando</strong></span> <span class='ocrx_word' id='word_1_308' title='bbox 1045 2911 1082 2968; x_wconf 90' lang='lat' dir='ltr'><strong>ad</strong></span> <span class='ocrx_word' id='word_1_309' title='bbox 1099 2911 1318 2968; x_wconf 88' lang='lat' dir='ltr'><strong>emendationem</strong></span> <span class='ocrx_word' id='word_1_310' title='bbox 1336 2911 1389 2982; x_wconf 93' lang='lat' dir='ltr'><strong>ipsi</strong></span> <span class='ocrx_word' id='word_1_311' title='bbox 1407 2910 1550 2982; x_wconf 88' lang='lat' dir='ltr'><strong>accedunt,</strong></span> 
     </span>
     <span class='ocr_line' id='line_1_27' title="bbox 128 3014 1550 3090; baseline 0.002 -18"><span class='ocrx_word' id='word_1_312' title='bbox 128 3019 244 3072; x_wconf 73' lang='lat' dir='ltr'><strong>moustm</strong></span> <span class='ocrx_word' id='word_1_313' title='bbox 266 3014 325 3074; x_wconf 89' lang='lat' dir='ltr'><strong>iere</strong></span> <span class='ocrx_word' id='word_1_314' title='bbox 345 3017 499 3088; x_wconf 87' lang='lat' dir='ltr'><strong>parturiant</strong></span> <span class='ocrx_word' id='word_1_315' title='bbox 516 3023 544 3074; x_wconf 90' lang='grc' dir='ltr'><strong>ιι</strong></span> <span class='ocrx_word' id='word_1_316' title='bbox 562 3017 687 3089; x_wconf 90' lang='lat' dir='ltr'><strong>prodigia</strong></span> <span class='ocrx_word' id='word_1_317' title='bbox 704 3017 831 3074; x_wconf 85' lang='lat' dir='ltr'><strong>mirifica:</strong></span> <span class='ocrx_word' id='word_1_318' title='bbox 855 3033 1020 3090; x_wconf 85' lang='lat' dir='ltr'><strong>quemquem</strong></span> <span class='ocrx_word' id='word_1_319' title='bbox 1038 3019 1125 3074; x_wconf 85' lang='lat' dir='ltr'><strong>rarius</strong></span> <span class='ocrx_word' id='word_1_320' title='bbox 1143 3017 1195 3076; x_wconf 92' lang='lat' dir='ltr'><strong>boc</strong></span> <span class='ocrx_word' id='word_1_321' title='bbox 1213 3017 1317 3074; x_wconf 87' lang='lat' dir='ltr'><strong>iaciunt</strong></span> <span class='ocrx_word' id='word_1_322' title='bbox 1334 3022 1364 3074; x_wconf 89' lang='lat' dir='ltr'><strong>et</strong></span> <span class='ocrx_word' id='word_1_323' title='bbox 1381 3017 1550 3090; x_wconf 83' lang='lat' dir='ltr'><strong>frequentius</strong></span> 
     </span>
     <span class='ocr_line' id='line_1_28' title="bbox 127 3122 1550 3202; baseline 0.001 -23"><span class='ocrx_word' id='word_1_324' title='bbox 127 3128 238 3202; x_wconf 74' lang='lat' dir='ltr'><strong>peccant</strong></span> <span class='ocrx_word' id='word_1_325' title='bbox 263 3123 381 3180; x_wconf 79' lang='grc' dir='ltr'>ιιιιιιιι</span> <span class='ocrx_word' id='word_1_326' title='bbox 403 3123 514 3196; x_wconf 87' lang='lat' dir='ltr'><strong>ineptiis</strong></span> <span class='ocrx_word' id='word_1_327' title='bbox 536 3122 715 3182; x_wconf 83' lang='lat' dir='ltr'><strong>defendendis</strong></span> <span class='ocrx_word' id='word_1_328' title='bbox 737 3141 819 3196; x_wconf 88' lang='lat' dir='ltr'><strong>quam</strong></span> <span class='ocrx_word' id='word_1_329' title='bbox 841 3123 1011 3196; x_wconf 80' lang='lat' dir='ltr'><strong>proferendis</strong></span> <span class='ocrx_word' id='word_1_330' title='bbox 1033 3125 1156 3182; x_wconf 91' lang='lat' dir='ltr'><strong>nouiciis.</strong></span> <span class='ocrx_word' id='word_1_331' title='bbox 1193 3130 1306 3198; x_wconf 86' lang='lat' dir='ltr'><strong>propter</strong></span> <span class='ocrx_word' id='word_1_332' title='bbox 1327 3124 1377 3182; x_wconf 84' lang='lat' dir='ltr'><strong>bae</strong></span> <span class='ocrx_word' id='word_1_333' title='bbox 1399 3141 1498 3182; x_wconf 88' lang='lat' dir='ltr'><strong>causas</strong></span> <span class='ocrx_word' id='word_1_334' title='bbox 1521 3125 1550 3182; x_wconf 94' lang='lat' dir='ltr'><strong>in</strong></span> 
     </span>
     <span class='ocr_line' id='line_1_29' title="bbox 128 3229 1550 3304; baseline 0.002 -19"><span class='ocrx_word' id='word_1_335' title='bbox 128 3229 360 3286; x_wconf 87' lang='lat' dir='ltr'><strong>emendationrbus</strong></span> <span class='ocrx_word' id='word_1_336' title='bbox 376 3231 496 3302; x_wconf 90' lang='lat' dir='ltr'><strong>priorum</strong></span> <span class='ocrx_word' id='word_1_337' title='bbox 515 3230 713 3302; x_wconf 86' lang='lat' dir='ltr'><strong>cognoscendis</strong></span> <span class='ocrx_word' id='word_1_338' title='bbox 731 3248 786 3288; x_wconf 93' lang='lat' dir='ltr'><strong>non</strong></span> <span class='ocrx_word' id='word_1_339' title='bbox 804 3233 918 3289; x_wconf 80' lang='lat' dir='ltr'><strong>murltnm</strong></span> <span class='ocrx_word' id='word_1_340' title='bbox 936 3233 1067 3304; x_wconf 86' lang='lat' dir='ltr'><strong>temporis</strong></span> <span class='ocrx_word' id='word_1_341' title='bbox 1085 3233 1231 3304; x_wconf 88' lang='lat' dir='ltr'><strong>colloeaui,</strong></span> <span class='ocrx_word' id='word_1_342' title='bbox 1251 3231 1301 3288; x_wconf 85' lang='lat' dir='ltr'><strong>sed</strong></span> <span class='ocrx_word' id='word_1_343' title='bbox 1319 3232 1474 3288; x_wconf 87' lang='lat' dir='ltr'><strong>examinaui</strong></span> <span class='ocrx_word' id='word_1_344' title='bbox 1491 3235 1550 3288; x_wconf 85' lang='lat' dir='ltr'><strong>tau-</strong></span> 
     </span>
     <span class='ocr_line' id='line_1_30' title="bbox 128 3335 1551 3411; baseline 0.002 -19"><span class='ocrx_word' id='word_1_345' title='bbox 128 3339 181 3391; x_wconf 82' lang='lat' dir='ltr'><strong>tum</strong></span> <span class='ocrx_word' id='word_1_346' title='bbox 202 3335 350 3394; x_wconf 73' lang='lat' dir='ltr'><strong>adnomtas</strong></span> <span class='ocrx_word' id='word_1_347' title='bbox 374 3337 402 3394; x_wconf 93' lang='lat' dir='ltr'><strong>in</strong></span> <span class='ocrx_word' id='word_1_348' title='bbox 425 3337 544 3395; x_wconf 90' lang='lat' dir='ltr'><strong>editione</strong></span> <span class='ocrx_word' id='word_1_349' title='bbox 568 3337 758 3396; x_wconf 84' lang='lat' dir='ltr'><strong>Gebauariana</strong></span> <span class='ocrx_word' id='word_1_350' title='bbox 779 3341 1034 3411; x_wconf 88' lang='lat' dir='ltr'><strong>commentariisque</strong></span> <span class='ocrx_word' id='word_1_351' title='bbox 1057 3338 1219 3410; x_wconf 84' lang='lat' dir='ltr'><strong>Schultingii</strong></span> <span class='ocrx_word' id='word_1_352' title='bbox 1241 3344 1270 3395; x_wconf 93' lang='lat' dir='ltr'><strong>et</strong></span> <span class='ocrx_word' id='word_1_353' title='bbox 1291 3337 1501 3410; x_wconf 89' lang='lat' dir='ltr'><strong>Smallenburgii</strong></span> <span class='ocrx_word' id='word_1_354' title='bbox 1522 3343 1551 3396; x_wconf 89' lang='lat' dir='ltr'><strong>et</strong></span> 
     </span>
     <span class='ocr_line' id='line_1_31' title="bbox 128 3432 1551 3517; baseline 0.001 -19"><span class='ocrx_word' id='word_1_355' title='bbox 128 3441 238 3513; x_wconf 79' lang='lat' dir='ltr'><strong>siquas</strong></span> <span class='ocrx_word' id='word_1_356' title='bbox 260 3447 404 3514; x_wconf 86' lang='lat' dir='ltr'><strong>praeterea</strong></span> <span class='ocrx_word' id='word_1_357' title='bbox 429 3445 474 3502; x_wconf 87' lang='lat' dir='ltr'><strong>uel</strong></span> <span class='ocrx_word' id='word_1_358' title='bbox 500 3445 559 3516; x_wconf 88' lang='lat' dir='ltr'><strong>ipse</strong></span> <span class='ocrx_word' id='word_1_359' title='bbox 586 3445 660 3502; x_wconf 87' lang='lat' dir='ltr'><strong>alind</strong></span> <span class='ocrx_word' id='word_1_360' title='bbox 683 3461 769 3516; x_wconf 86' lang='lat' dir='ltr'><strong>agens</strong></span> <span class='ocrx_word' id='word_1_361' title='bbox 791 3445 938 3504; x_wconf 89' lang='lat' dir='ltr'><strong>obseruaui</strong></span> <span class='ocrx_word' id='word_1_362' title='bbox 960 3446 1006 3503; x_wconf 91' lang='lat' dir='ltr'><strong>nel</strong></span> <span class='ocrx_word' id='word_1_363' title='bbox 1029 3463 1047 3502; x_wconf 89' lang='lat' dir='ltr'><strong>a</strong></span> <span class='ocrx_word' id='word_1_364' title='bbox 1070 3462 1115 3503; x_wconf 91' lang='lat' dir='ltr'><strong>me</strong></span> <span class='ocrx_word' id='word_1_365' title='bbox 1137 3445 1227 3517; x_wconf 87' lang='lat' dir='ltr'><strong>rogati</strong></span> <span class='ocrx_word' id='word_1_366' title='bbox 1250 3445 1352 3502; x_wconf 89' lang='lat' dir='ltr'><strong>Paulus</strong></span> <span class='ocrx_word' id='word_1_367' title='bbox 1374 3446 1499 3516; x_wconf 84' lang='lat' dir='ltr'><strong>Krueger</strong></span> <span class='ocrx_word' id='word_1_368' title='bbox 1522 3432 1551 3500; x_wconf 89' lang='lat' dir='ltr'><strong>et</strong></span> 
     </span>
     <span class='ocr_line' id='line_1_32' title="bbox 129 3547 1549 3624; baseline 0.001 -19"><span class='ocrx_word' id='word_1_369' title='bbox 129 3547 294 3606; x_wconf 77' lang='lat' dir='ltr'><strong>dermannus</strong></span> <span class='ocrx_word' id='word_1_370' title='bbox 310 3551 416 3622; x_wconf 82' lang='lat' dir='ltr'><strong>lictisg</strong></span> <span class='ocrx_word' id='word_1_371' title='bbox 431 3566 538 3608; x_wconf 88' lang='lat' dir='ltr'><strong>mecum</strong></span> <span class='ocrx_word' id='word_1_372' title='bbox 556 3552 834 3609; x_wconf 86' lang='lat' dir='ltr'><strong>communicauerunt.</strong></span> <span class='ocrx_word' id='word_1_373' title='bbox 860 3553 975 3624; x_wconf 90' lang='lat' dir='ltr'><strong>singulis</strong></span> <span class='ocrx_word' id='word_1_374' title='bbox 993 3567 1092 3610; x_wconf 92' lang='lat' dir='ltr'><strong>nomen</strong></span> <span class='ocrx_word' id='word_1_375' title='bbox 1111 3553 1230 3610; x_wconf 81' lang='lat' dir='ltr'><strong>auctoris</strong></span> <span class='ocrx_word' id='word_1_376' title='bbox 1248 3552 1372 3624; x_wconf 91' lang='lat' dir='ltr'><strong>apposui,</strong></span> <span class='ocrx_word' id='word_1_377' title='bbox 1390 3557 1421 3608; x_wconf 90' lang='lat' dir='ltr'><strong>ut</strong></span> <span class='ocrx_word' id='word_1_378' title='bbox 1431 3551 1479 3608; x_wconf 90' lang='lat' dir='ltr'><strong>ubi</strong></span> <span class='ocrx_word' id='word_1_379' title='bbox 1491 3551 1549 3608; x_wconf 91' lang='lat' dir='ltr'><strong>nnl-</strong></span> 
     </span>
     <span class='ocr_line' id='line_1_33' title="bbox 129 3653 1549 3732; baseline 0.004 -22"><span class='ocrx_word' id='word_1_380' title='bbox 129 3653 178 3711; x_wconf 90' lang='lat' dir='ltr'><strong>lum</strong></span> <span class='ocrx_word' id='word_1_381' title='bbox 195 3655 364 3726; x_wconf 88' lang='lat' dir='ltr'><strong>adscriptum</strong></span> <span class='ocrx_word' id='word_1_382' title='bbox 381 3657 525 3729; x_wconf 90' lang='lat' dir='ltr'><strong>inuenitur,</strong></span> <span class='ocrx_word' id='word_1_383' title='bbox 543 3659 701 3716; x_wconf 88' lang='lat' dir='ltr'><strong>coniectura</strong></span> <span class='ocrx_word' id='word_1_384' title='bbox 718 3675 780 3716; x_wconf 89' lang='lat' dir='ltr'><strong>mea</strong></span> <span class='ocrx_word' id='word_1_385' title='bbox 798 3660 841 3716; x_wconf 87' lang='lat' dir='ltr'><strong>ait.</strong></span> <span class='ocrx_word' id='word_1_386' title='bbox 869 3659 1025 3716; x_wconf 89' lang='lat' dir='ltr'><strong>emendatio</strong></span> <span class='ocrx_word' id='word_1_387' title='bbox 1043 3664 1125 3716; x_wconf 90' lang='lat' dir='ltr'><strong>antea</strong></span> <span class='ocrx_word' id='word_1_388' title='bbox 1142 3660 1283 3732; x_wconf 91' lang='lat' dir='ltr'><strong>proposita</strong></span> <span class='ocrx_word' id='word_1_389' title='bbox 1295 3657 1342 3715; x_wconf 92' lang='lat' dir='ltr'><strong>ubi</strong></span> <span class='ocrx_word' id='word_1_390' title='bbox 1354 3659 1394 3715; x_wconf 91' lang='lat' dir='ltr'><strong>ita</strong></span> <span class='ocrx_word' id='word_1_391' title='bbox 1410 3658 1476 3715; x_wconf 91' lang='lat' dir='ltr'><strong>mihi</strong></span> <span class='ocrx_word' id='word_1_392' title='bbox 1487 3674 1549 3730; x_wconf 91' lang='lat' dir='ltr'><strong>pro·</strong></span> 
     </span>
     <span class='ocr_line' id='line_1_34' title="bbox 129 3759 1549 3839; baseline 0.002 -21"><span class='ocrx_word' id='word_1_393' title='bbox 129 3759 246 3834; x_wconf 81' lang='lat' dir='ltr'><strong>bebatur,</strong></span> <span class='ocrx_word' id='word_1_394' title='bbox 265 3769 297 3819; x_wconf 88' lang='lat' dir='ltr'><strong>ut</strong></span> <span class='ocrx_word' id='word_1_395' title='bbox 313 3764 406 3834; x_wconf 87' lang='lat' dir='ltr'><strong>aliqua</strong></span> <span class='ocrx_word' id='word_1_396' title='bbox 422 3764 611 3822; x_wconf 89' lang='lat' dir='ltr'><strong>immutatione</strong></span> <span class='ocrx_word' id='word_1_397' title='bbox 629 3779 710 3836; x_wconf 89' lang='lat' dir='ltr'><strong>egere</strong></span> <span class='ocrx_word' id='word_1_398' title='bbox 728 3766 875 3838; x_wconf 90' lang='lat' dir='ltr'><strong>uideretur,</strong></span> <span class='ocrx_word' id='word_1_399' title='bbox 893 3767 921 3822; x_wconf 91' lang='lat' dir='ltr'><strong>id</strong></span> <span class='ocrx_word' id='word_1_400' title='bbox 938 3765 1012 3837; x_wconf 86' lang='lat' dir='ltr'><strong>quod</strong></span> <span class='ocrx_word' id='word_1_401' title='bbox 1024 3781 1108 3839; x_wconf 90' lang='lat' dir='ltr'><strong>saepe</strong></span> <span class='ocrx_word' id='word_1_402' title='bbox 1120 3782 1172 3823; x_wconf 88' lang='lat' dir='ltr'><strong>usu</strong></span> <span class='ocrx_word' id='word_1_403' title='bbox 1188 3767 1266 3832; x_wconf 80' lang='lat' dir='ltr'><strong>uenit</strong></span> <span class='ocrx_word' id='word_1_404' title='bbox 1282 3765 1401 3822; x_wconf 88' lang='lat' dir='ltr'><strong>maxime</strong></span> <span class='ocrx_word' id='word_1_405' title='bbox 1417 3765 1445 3821; x_wconf 93' lang='lat' dir='ltr'><strong>in</strong></span> <span class='ocrx_word' id='word_1_406' title='bbox 1458 3779 1549 3822; x_wconf 89' lang='lat' dir='ltr'><strong>emen-</strong></span> 
     </span>
     <span class='ocr_line' id='line_1_35' title="bbox 129 3867 1549 3944; baseline 0.002 -19"><span class='ocrx_word' id='word_1_407' title='bbox 129 3867 278 3926; x_wconf 81' lang='lat' dir='ltr'><strong>dct&#39;onibus</strong></span> <span class='ocrx_word' id='word_1_408' title='bbox 295 3871 458 3942; x_wconf 84' lang='lat' dir='ltr'><strong>excogitatis</strong></span> <span class='ocrx_word' id='word_1_409' title='bbox 476 3887 494 3928; x_wconf 90' lang='lat' dir='ltr'><strong>a</strong></span> <span class='ocrx_word' id='word_1_410' title='bbox 510 3871 689 3943; x_wconf 87' lang='lat' dir='ltr'><strong>prudentibus</strong></span> <span class='ocrx_word' id='word_1_411' title='bbox 707 3872 742 3930; x_wconf 88' lang='lat' dir='ltr'><strong>de</strong></span> <span class='ocrx_word' id='word_1_412' title='bbox 759 3873 826 3930; x_wconf 89' lang='lat' dir='ltr'><strong>iuris</strong></span> <span class='ocrx_word' id='word_1_413' title='bbox 844 3873 996 3930; x_wconf 89' lang='lat' dir='ltr'><strong>rationibus</strong></span> <span class='ocrx_word' id='word_1_414' title='bbox 1018 3873 1107 3944; x_wconf 89' lang='lat' dir='ltr'><strong>magis</strong></span> <span class='ocrx_word' id='word_1_415' title='bbox 1130 3889 1212 3944; x_wconf 89' lang='lat' dir='ltr'><strong>qnam</strong></span> <span class='ocrx_word' id='word_1_416' title='bbox 1236 3873 1271 3929; x_wconf 93' lang='lat' dir='ltr'><strong>de</strong></span> <span class='ocrx_word' id='word_1_417' title='bbox 1296 3872 1394 3930; x_wconf 85' lang='lat' dir='ltr'><strong>erroris</strong></span> <span class='ocrx_word' id='word_1_418' title='bbox 1415 3871 1549 3942; x_wconf 85' lang='lat' dir='ltr'><strong>probabili</strong></span> 
     </span>
     <span class='ocr_line' id='line_1_36' title="bbox 130 3976 1638 4052; baseline 0.001 -18"><span class='ocrx_word' id='word_1_419' title='bbox 130 3976 226 4047; x_wconf 79' lang='lat' dir='ltr'><strong>ungine</strong></span> <span class='ocrx_word' id='word_1_420' title='bbox 243 3977 375 4047; x_wconf 89' lang='lat' dir='ltr'><strong>sollicitis,</strong></span> <span class='ocrx_word' id='word_1_421' title='bbox 394 3977 433 4034; x_wconf 88' lang='lat' dir='ltr'><strong>ita</strong></span> <span class='ocrx_word' id='word_1_422' title='bbox 448 3977 477 4034; x_wconf 93' lang='lat' dir='ltr'><strong>id</strong></span> <span class='ocrx_word' id='word_1_423' title='bbox 495 3977 654 4049; x_wconf 88' lang='lat' dir='ltr'><strong>signiticani</strong></span> <span class='ocrx_word' id='word_1_424' title='bbox 667 3980 755 4036; x_wconf 89' lang='lat' dir='ltr'><strong>uirum</strong></span> <span class='ocrx_word' id='word_1_425' title='bbox 773 3979 883 4038; x_wconf 87' lang='lat' dir='ltr'><strong>doctum</strong></span> <span class='ocrx_word' id='word_1_426' title='bbox 900 3981 976 4036; x_wconf 91' lang='lat' dir='ltr'><strong>illum</strong></span> <span class='ocrx_word' id='word_1_427' title='bbox 994 3980 1093 4038; x_wconf 88' lang='lat' dir='ltr'><strong>similia</strong></span> <span class='ocrx_word' id='word_1_428' title='bbox 1103 3981 1292 4052; x_wconf 87' lang='lat' dir='ltr'><strong>proposuisse:</strong></span> <span class='ocrx_word' id='word_1_429' title='bbox 1310 3995 1375 4036; x_wconf 89' lang='lat' dir='ltr'><strong>nam</strong></span> <span class='ocrx_word' id='word_1_430' title='bbox 1386 3994 1475 4050; x_wconf 86' lang='lat' dir='ltr'><strong>neque</strong></span> <span class='ocrx_word' id='word_1_431' title='bbox 1487 3994 1550 4036; x_wconf 89' lang='lat' dir='ltr'><strong>mea</strong></span> <span class='ocrx_word' id='word_1_432' title='bbox 1630 3980 1638 3988; x_wconf 80' lang='grc'><em>“</em></span> 
     </span>
     <span class='ocr_line' id='line_1_37' title="bbox 130 4079 1548 4158; baseline 0.004 -20"><span class='ocrx_word' id='word_1_433' title='bbox 130 4079 212 4140; x_wconf 81' lang='lat' dir='ltr'><strong>imore</strong></span> <span class='ocrx_word' id='word_1_434' title='bbox 230 4083 306 4140; x_wconf 90' lang='lat' dir='ltr'><strong>uolui</strong></span> <span class='ocrx_word' id='word_1_435' title='bbox 324 4099 388 4140; x_wconf 90' lang='lat' dir='ltr'><strong>uere</strong></span> <span class='ocrx_word' id='word_1_436' title='bbox 406 4085 495 4142; x_wconf 83' lang='lat' dir='ltr'><strong>aliena</strong></span> <span class='ocrx_word' id='word_1_437' title='bbox 515 4101 604 4157; x_wconf 88' lang='lat' dir='ltr'><strong>neque</strong></span> <span class='ocrx_word' id='word_1_438' title='bbox 627 4087 687 4143; x_wconf 89' lang='lat' dir='ltr'><strong>aliis</strong></span> <span class='ocrx_word' id='word_1_439' title='bbox 710 4086 856 4144; x_wconf 89' lang='lat' dir='ltr'><strong>obtrudere</strong></span> <span class='ocrx_word' id='word_1_440' title='bbox 880 4103 942 4144; x_wconf 88' lang='lat' dir='ltr'><strong>mea</strong></span> <span class='ocrx_word' id='word_1_441' title='bbox 964 4102 1053 4158; x_wconf 89' lang='lat' dir='ltr'><strong>neque</strong></span> <span class='ocrx_word' id='word_1_442' title='bbox 1076 4101 1203 4144; x_wconf 89' lang='lat' dir='ltr'><strong>enarrare</strong></span> <span class='ocrx_word' id='word_1_443' title='bbox 1225 4086 1359 4143; x_wconf 89' lang='lat' dir='ltr'><strong>eiusmodi</strong></span> <span class='ocrx_word' id='word_1_444' title='bbox 1381 4086 1548 4144; x_wconf 82' lang='lat' dir='ltr'><strong>differentias</strong></span> 
     </span>
     <span class='ocr_line' id='line_1_38' title="bbox 131 4189 1549 4264; baseline 0.003 -18"><span class='ocrx_word' id='word_1_445' title='bbox 131 4189 240 4248; x_wconf 82' lang='lat' dir='ltr'><strong>minutas</strong></span> <span class='ocrx_word' id='word_1_446' title='bbox 252 4189 311 4246; x_wconf 87' lang='lat' dir='ltr'><strong>iere</strong></span> <span class='ocrx_word' id='word_1_447' title='bbox 321 4196 351 4246; x_wconf 92' lang='lat' dir='ltr'><strong>et</strong></span> <span class='ocrx_word' id='word_1_448' title='bbox 362 4191 534 4249; x_wconf 87' lang='lat' dir='ltr'><strong>leuiusculae.</strong></span> <span class='ocrx_word' id='word_1_449' title='bbox 546 4193 717 4250; x_wconf 86' lang='lat' dir='ltr'><strong>coniecturas</strong></span> <span class='ocrx_word' id='word_1_450' title='bbox 728 4194 947 4264; x_wconf 85' lang='lat' dir='ltr'><strong>interrogationis</strong></span> <span class='ocrx_word' id='word_1_451' title='bbox 964 4195 1043 4264; x_wconf 85' lang='lat' dir='ltr'><strong>signo</strong></span> <span class='ocrx_word' id='word_1_452' title='bbox 1055 4194 1158 4251; x_wconf 76' lang='lat' dir='ltr'><strong>oomni.</strong></span> <span class='ocrx_word' id='word_1_453' title='bbox 1185 4193 1285 4264; x_wconf 88' lang='lat' dir='ltr'><strong>quibus</strong></span> <span class='ocrx_word' id='word_1_454' title='bbox 1296 4192 1446 4250; x_wconf 82' lang='lat' dir='ltr'><strong>rationibus</strong></span> <span class='ocrx_word' id='word_1_455' title='bbox 1457 4198 1549 4251; x_wconf 87' lang='lat' dir='ltr'><strong>motus</strong></span> 
     </span>
     <span class='ocr_line' id='line_1_39' title="bbox 131 4296 1547 4372; baseline 0.005 -22"><span class='ocrx_word' id='word_1_456' title='bbox 131 4296 208 4353; x_wconf 84' lang='lat' dir='ltr'><strong>uerba</strong></span> <span class='ocrx_word' id='word_1_457' title='bbox 225 4312 261 4354; x_wconf 89' lang='lat' dir='ltr'><strong>ea</strong></span> <span class='ocrx_word' id='word_1_458' title='bbox 276 4296 313 4354; x_wconf 92' lang='lat' dir='ltr'><strong>de</strong></span> <span class='ocrx_word' id='word_1_459' title='bbox 330 4297 430 4368; x_wconf 88' lang='lat' dir='ltr'><strong>quibus</strong></span> <span class='ocrx_word' id='word_1_460' title='bbox 447 4299 539 4368; x_wconf 86' lang='lat' dir='ltr'><strong>agitur</strong></span> <span class='ocrx_word' id='word_1_461' title='bbox 550 4303 678 4370; x_wconf 88' lang='lat' dir='ltr'><strong>corrupta</strong></span> <span class='ocrx_word' id='word_1_462' title='bbox 690 4315 752 4357; x_wconf 87' lang='lat' dir='ltr'><strong>esse</strong></span> <span class='ocrx_word' id='word_1_463' title='bbox 764 4300 878 4358; x_wconf 80' lang='lat' dir='ltr'><strong>dixerim</strong></span> <span class='ocrx_word' id='word_1_464' title='bbox 891 4305 919 4357; x_wconf 90' lang='grc' dir='ltr'><strong>ιι</strong></span> <span class='ocrx_word' id='word_1_465' title='bbox 929 4301 969 4357; x_wconf 85' lang='lat' dir='ltr'><strong>ita</strong></span> <span class='ocrx_word' id='word_1_466' title='bbox 980 4306 1013 4357; x_wconf 92' lang='lat' dir='ltr'><strong>ut</strong></span> <span class='ocrx_word' id='word_1_467' title='bbox 1023 4300 1153 4371; x_wconf 90' lang='lat' dir='ltr'><strong>proposui</strong></span> <span class='ocrx_word' id='word_1_468' title='bbox 1165 4299 1345 4372; x_wconf 85' lang='lat' dir='ltr'><strong>emendanda,</strong></span> <span class='ocrx_word' id='word_1_469' title='bbox 1363 4316 1448 4371; x_wconf 90' lang='lat' dir='ltr'><strong>saepe</strong></span> <span class='ocrx_word' id='word_1_470' title='bbox 1465 4300 1547 4371; x_wconf 90' lang='lat' dir='ltr'><strong>signi·</strong></span> 
     </span>
     <span class='ocr_line' id='line_1_40' title="bbox 132 4398 1548 4479; baseline 0.003 -19"><span class='ocrx_word' id='word_1_471' title='bbox 132 4398 212 4470; x_wconf 75' lang='lat' dir='ltr'><strong>tam,</strong></span> <span class='ocrx_word' id='word_1_472' title='bbox 230 4419 293 4462; x_wconf 83' lang='lat' dir='ltr'><strong>raro</strong></span> <span class='ocrx_word' id='word_1_473' title='bbox 310 4405 450 4462; x_wconf 88' lang='lat' dir='ltr'><strong>enarrani:</strong></span> <span class='ocrx_word' id='word_1_474' title='bbox 472 4421 535 4462; x_wconf 91' lang='lat' dir='ltr'><strong>nam</strong></span> <span class='ocrx_word' id='word_1_475' title='bbox 552 4407 690 4478; x_wconf 85' lang='lat' dir='ltr'><strong>plerisque</strong></span> <span class='ocrx_word' id='word_1_476' title='bbox 711 4408 778 4464; x_wconf 88' lang='lat' dir='ltr'><strong>locis</strong></span> <span class='ocrx_word' id='word_1_477' title='bbox 795 4421 848 4464; x_wconf 91' lang='lat' dir='ltr'><strong>uec</strong></span> <span class='ocrx_word' id='word_1_478' title='bbox 865 4407 1020 4479; x_wconf 88' lang='lat' dir='ltr'><strong>corruptela</strong></span> <span class='ocrx_word' id='word_1_479' title='bbox 1036 4405 1268 4464; x_wconf 88' lang='lat' dir='ltr'><strong>demonstratione</strong></span> <span class='ocrx_word' id='word_1_480' title='bbox 1286 4411 1350 4478; x_wconf 91' lang='lat' dir='ltr'><strong>eget</strong></span> <span class='ocrx_word' id='word_1_481' title='bbox 1367 4421 1419 4464; x_wconf 91' lang='grc' dir='ltr'><strong>ιιι</strong></span> <span class='ocrx_word' id='word_1_482' title='bbox 1436 4407 1502 4478; x_wconf 89' lang='lat' dir='ltr'><strong>quid</strong></span> <span class='ocrx_word' id='word_1_483' title='bbox 1519 4407 1548 4464; x_wconf 89' lang='grc' dir='ltr'><strong>ιι</strong></span> 
     </span>
     <span class='ocr_line' id='line_1_41' title="bbox 133 4510 1549 4586; baseline 0.004 -20"><span class='ocrx_word' id='word_1_484' title='bbox 133 4510 294 4568; x_wconf 82' lang='lat' dir='ltr'><strong>emendando</strong></span> <span class='ocrx_word' id='word_1_485' title='bbox 312 4518 424 4569; x_wconf 90' lang='lat' dir='ltr'><strong>secutus</strong></span> <span class='ocrx_word' id='word_1_486' title='bbox 441 4513 502 4584; x_wconf 91' lang='lat' dir='ltr'><strong>sim,</strong></span> <span class='ocrx_word' id='word_1_487' title='bbox 519 4513 548 4569; x_wconf 92' lang='lat' dir='ltr'><strong>in</strong></span> <span class='ocrx_word' id='word_1_488' title='bbox 566 4513 723 4570; x_wconf 85' lang='lat' dir='ltr'><strong>uniuersum</strong></span> <span class='ocrx_word' id='word_1_489' title='bbox 741 4519 834 4572; x_wconf 89' lang='lat' dir='ltr'><strong>autem</strong></span> <span class='ocrx_word' id='word_1_490' title='bbox 851 4513 1050 4586; x_wconf 90' lang='lat' dir='ltr'><strong>prouidendum</strong></span> <span class='ocrx_word' id='word_1_491' title='bbox 1068 4519 1139 4586; x_wconf 89' lang='lat' dir='ltr'><strong>erat,</strong></span> <span class='ocrx_word' id='word_1_492' title='bbox 1157 4529 1192 4570; x_wconf 89' lang='lat' dir='ltr'><strong>ne</strong></span> <span class='ocrx_word' id='word_1_493' title='bbox 1210 4519 1359 4585; x_wconf 85' lang='lat' dir='ltr'><strong>apparatus</strong></span> <span class='ocrx_word' id='word_1_494' title='bbox 1376 4515 1463 4570; x_wconf 91' lang='lat' dir='ltr'><strong>critici</strong></span> <span class='ocrx_word' id='word_1_495' title='bbox 1480 4512 1549 4571; x_wconf 86' lang='lat' dir='ltr'><strong>lines</strong></span> 
     </span>
     <span class='ocr_line' id='line_1_42' title="bbox 134 4617 1549 4692; baseline 0.004 -22"><span class='ocrx_word' id='word_1_496' title='bbox 134 4617 329 4676; x_wconf 82' lang='lat' dir='ltr'><strong>excederentur.</strong></span> <span class='ocrx_word' id='word_1_497' title='bbox 356 4634 411 4676; x_wconf 87' lang='lat' dir='ltr'><strong>non</strong></span> <span class='ocrx_word' id='word_1_498' title='bbox 428 4635 531 4690; x_wconf 85' lang='lat' dir='ltr'><strong>paucos</strong></span> <span class='ocrx_word' id='word_1_499' title='bbox 547 4621 623 4678; x_wconf 90' lang='lat' dir='ltr'><strong>locos</strong></span> <span class='ocrx_word' id='word_1_500' title='bbox 641 4637 703 4676; x_wconf 89' lang='lat' dir='ltr'><strong>cum</strong></span> <span class='ocrx_word' id='word_1_501' title='bbox 717 4620 758 4676; x_wconf 89' lang='lat' dir='ltr'><strong>ite</strong></span> <span class='ocrx_word' id='word_1_502' title='bbox 768 4626 941 4692; x_wconf 87' lang='lat' dir='ltr'><strong>comparatos</strong></span> <span class='ocrx_word' id='word_1_503' title='bbox 953 4635 1016 4678; x_wconf 89' lang='lat' dir='ltr'><strong>esse</strong></span> <span class='ocrx_word' id='word_1_504' title='bbox 1030 4620 1270 4692; x_wconf 89' lang='lat' dir='ltr'><strong>deprehenderem,</strong></span> <span class='ocrx_word' id='word_1_505' title='bbox 1288 4625 1319 4678; x_wconf 93' lang='lat' dir='ltr'><strong>ut</strong></span> <span class='ocrx_word' id='word_1_506' title='bbox 1330 4619 1549 4678; x_wconf 89' lang='lat' dir='ltr'><strong>emendationem</strong></span> 
     </span>
    </p>
   </div>
   <div class='ocr_carea' id='block_1_3' title="bbox 139 4850 1550 5010">
    <p class='ocr_par' dir='ltr' id='par_1_3' title="bbox 139 4850 1550 5010">
     <span class='ocr_line' id='line_1_43' title="bbox 181 4850 1550 4922; baseline 0.001 -19"><span class='ocrx_word' id='word_1_507' title='bbox 181 4850 189 4885; x_wconf 86' lang='lat'>¹</span> <span class='ocrx_word' id='word_1_508' title='bbox 206 4851 386 4920; x_wconf 76' lang='lat' dir='ltr'><strong>Excerplorum</strong></span> <span class='ocrx_word' id='word_1_509' title='bbox 403 4869 502 4920; x_wconf 87' lang='lat' dir='ltr'><strong>quoque</strong></span> <span class='ocrx_word' id='word_1_510' title='bbox 520 4853 632 4906; x_wconf 87' lang='lat' dir='ltr'><strong>condicio</strong></span> <span class='ocrx_word' id='word_1_511' title='bbox 650 4871 727 4922; x_wconf 88' lang='lat' dir='ltr'><strong>saepe</strong></span> <span class='ocrx_word' id='word_1_512' title='bbox 745 4854 813 4918; x_wconf 85' lang='lat' dir='ltr'><strong>facit,</strong></span> <span class='ocrx_word' id='word_1_513' title='bbox 831 4863 859 4907; x_wconf 89' lang='lat' dir='ltr'><strong>ut</strong></span> <span class='ocrx_word' id='word_1_514' title='bbox 870 4871 934 4922; x_wconf 89' lang='lat' dir='ltr'><strong>quae</strong></span> <span class='ocrx_word' id='word_1_515' title='bbox 946 4854 1084 4918; x_wconf 85' lang='lat' dir='ltr'><strong>offendunt,</strong></span> <span class='ocrx_word' id='word_1_516' title='bbox 1102 4871 1152 4907; x_wconf 90' lang='lat' dir='ltr'><strong>non</strong></span> <span class='ocrx_word' id='word_1_517' title='bbox 1167 4863 1218 4906; x_wconf 86' lang='lat' dir='ltr'><strong>tem</strong></span> <span class='ocrx_word' id='word_1_518' title='bbox 1229 4853 1349 4906; x_wconf 86' lang='lat' dir='ltr'><strong>mendose</strong></span> <span class='ocrx_word' id='word_1_519' title='bbox 1361 4853 1489 4921; x_wconf 86' lang='lat' dir='ltr'><strong>descripta</strong></span> <span class='ocrx_word' id='word_1_520' title='bbox 1499 4853 1550 4907; x_wconf 88' lang='lat' dir='ltr'><strong>sint</strong></span> 
     </span>
     <span class='ocr_line' id='line_1_44' title="bbox 139 4941 1122 5010; baseline 0.008 -20"><span class='ocrx_word' id='word_1_521' title='bbox 139 4949 199 5001; x_wconf 74' lang='lat' dir='ltr'><strong>quarn</strong></span> <span class='ocrx_word' id='word_1_522' title='bbox 215 4941 323 4994; x_wconf 80' lang='lat' dir='ltr'><strong>malain</strong></span> <span class='ocrx_word' id='word_1_523' title='bbox 341 4941 517 5008; x_wconf 87' lang='lat' dir='ltr'><strong>compendium</strong></span> <span class='ocrx_word' id='word_1_524' title='bbox 535 4943 648 4995; x_wconf 84' lang='lat' dir='ltr'><strong>redaota:</strong></span> <span class='ocrx_word' id='word_1_525' title='bbox 667 4951 695 4994; x_wconf 87' lang='lat' dir='ltr'><strong>ut</strong></span> <span class='ocrx_word' id='word_1_526' title='bbox 713 4943 821 4996; x_wconf 89' lang='lat' dir='ltr'><strong>cernitur</strong></span> <span class='ocrx_word' id='word_1_527' title='bbox 838 4943 993 5010; x_wconf 77' lang='lat' dir='ltr'><strong>11,144,2t</strong></span> <span class='ocrx_word' id='word_1_528' title='bbox 1010 4952 1037 4997; x_wconf 88' lang='grc' dir='ltr'><strong>ιι</strong></span> <span class='ocrx_word' id='word_1_529' title='bbox 1055 4944 1122 4998; x_wconf 84' lang='lat' dir='ltr'><strong>elibi.</strong></span> 
     </span>
    </p>
   </div>
   <div class='ocr_carea' id='block_1_4' title="bbox 0 0 1813 5302">
    <p class='ocr_par' dir='ltr' id='par_1_4' title="bbox 0 0 1813 5302">
     <span class='ocr_line' id='line_1_45' title="bbox 0 0 1813 5302; baseline 0 0"><span class='ocrx_word' id='word_1_530' title='bbox 0 0 1813 5302; x_wconf 95' lang='lat' dir='ltr'><strong> </strong></span> 
     </span>
    </p>
   </div>
  </div>
 </body>
</html>
