3584 5326
916 136 946 204 X

216 313 310 370 irarum
330 330 347 368 a
364 318 462 383 quarta
481 313 516 368 ad
535 314 678 384 septimam
697 314 820 384 exceptis
838 311 1079 370 constitutionibus
1095 313 1149 370 illis
1172 313 1208 369 do
1228 313 1343 384 digestis
1364 313 1556 372 confirmandis
1574 317 1649 373 nulla

216 422 296 492 plane
315 421 446 477 memoria
463 426 598 492 superest,
617 421 641 475 si
659 421 781 492 excipias
800 421 1050 477 commentariolum
1069 435 1154 492 supra
1171 421 1274 477 editum
1293 436 1355 478 cum
1373 426 1493 478 tractatu
1511 423 1546 480 de
1563 425 1648 480 actio·

216 528 297 584 nibus
316 529 503 584 coniunctum:
521 527 600 583 ouius
618 532 758 584 auctorem
775 527 917 599 probabile
936 531 979 584 est
996 527 1139 598 scripsisse
1158 532 1250 584 aetate
1267 528 1419 584 Iustiniana
1436 533 1465 585 et
1481 530 1602 601 pandere
1619 531 1649 587 in

216 635 258 691 bis
276 650 311 690 oa
329 636 390 704 ipsa
407 635 600 690 constitutione
619 635 751 690 Δὲιωκειι.

89 745 198 792 Rubrium
270 741 375 812 Singuli
392 741 454 798 libri
472 746 600 798 uastant
617 743 718 812 titulis,
741 743 788 812 qui
811 743 840 798 in
863 741 958 798 codice
982 739 1132 814 archetypo
1155 739 1394 811 distinguebantur
1417 743 1477 799 sine
1495 743 1592 814 dubio,
1616 750 1650 802 ιιι

216 849 421 918 distinguuntur
439 849 465 904 iu
483 849 655 919 Florentino,
679 854 708 904 et
725 849 823 904 litteris
840 847 989 904 maioribus
1007 853 1036 904 et
1053 847 1136 904 rubro
1154 848 1245 904 colore
1270 854 1299 904 et
1321 855 1387 906 nota
1410 848 1545 906 rubricam
1564 851 1649 921 signi·

214 954 314 1012 iicautc
331 957 360 1010 lt
378 971 464 1026 esque
487 954 530 1010 bis
552 956 644 1026 posita
661 961 690 1012 ct
707 960 771 1012 ante
794 955 866 1010 tituli
889 955 975 1011 uerba
997 961 1026 1010 et
1048 959 1113 1025 post
1136 969 1177 1010 ca.
1202 983 1235 994 -
1261 954 1396 1012 Numeros
1417 957 1504 1012 titulis
1527 955 1562 1013 ob
1579 957 1649 1028 ipsis

216 1061 438 1132 compilatoribus
462 1063 551 1118 nullos
574 1062 728 1133 adscriptos
747 1061 833 1118 fuisse
851 1078 913 1118 curn
933 1062 995 1118 inde
1014 1062 1164 1132 colligitur,
1187 1061 1261 1132 quod
1284 1063 1312 1117 in
1336 1063 1474 1120 uolumine
1491 1063 1649 1122 Florentino

215 1171 311 1240 paucis
328 1170 395 1225 locis
413 1170 537 1240 exceptis
555 1175 722 1225 correctores
740 1169 850 1224 demum
865 1184 914 1224 eos
926 1169 1099 1239 addiderunt,
1117 1174 1175 1224 tum
1193 1167 1268 1238 quod
1285 1167 1376 1226 ubiuis
1393 1169 1550 1226 scribuntur
1567 1171 1649 1242 uotis,

215 1292 270 1332 non
287 1277 393 1332 litteris.
420 1293 483 1331 nam
502 1292 564 1332 cum
584 1281 709 1332 notarum
728 1277 810 1331 etiam
829 1277 1009 1332 numeralium
1027 1275 1182 1331 interdictio
1200 1275 1228 1330 iu
1246 1276 1401 1346 primordiis
1413 1276 1583 1347 digestorum
1602 1293 1649 1334 cx·

216 1399 312 1453 pressa
330 1383 366 1438 ad
384 1384 512 1438 uniuersa
529 1383 638 1453 digesta
654 1383 810 1452 pontumal,
834 1384 858 1437 si
876 1381 1001 1438 rubricae
1018 1383 1047 1438 in
1065 1381 1214 1453 archetypo
1233 1384 1381 1454 exemplari
1405 1389 1565 1440 numeratae
1582 1383 1649 1440 iuis·

215 1495 292 1560 sent,
310 1491 416 1546 numeri
434 1490 461 1546 bi
479 1493 544 1544 ante
563 1491 686 1560 singulos
704 1491 798 1546 titulos
816 1489 914 1545 litteus
931 1488 1076 1560 perscripti
1094 1503 1149 1544 non
1167 1489 1206 1544 ita
1224 1490 1414 1561 euanuissent,
1433 1495 1464 1546 ut
1481 1491 1584 1546 nullum
1603 1507 1649 1548 us-

215 1613 297 1667 quam
322 1612 415 1652 eorum
438 1599 586 1668 arestigium
610 1601 773 1653 remaneret.
800 1603 907 1652 mature
930 1601 1022 1651 brnen
1046 1595 1128 1650 hosce
1150 1611 1279 1652 numeros
1303 1597 1425 1654 adiectos
1448 1612 1510 1653 esso
1533 1602 1562 1654 et
1579 1599 1649 1654 auti-

216 1703 340 1774 quissimi
358 1703 461 1759 codicis
479 1703 590 1760 habitus
608 1704 730 1759 declarat
748 1708 777 1758 et
794 1683 988 1774 allegationum
1011 1707 1068 1756 ιιιιι
1087 1700 1253 1758 Graecorum
1277 1719 1359 1773 quum
1378 1705 1536 1760 Latinorum
1555 1709 1650 1762 aucto·

216 1827 275 1866 rum
294 1811 375 1866 ratio:
394 1826 445 1866 noo
463 1827 513 1867 nos
531 1827 579 1867 eos
596 1813 717 1882 recipere
736 1809 932 1866 dubitarrimus.

52 1923 124 1996 Leges
141 1937 197 1981 qnos
268 1918 353 1974 Tituli
371 1923 570 1988 componuntur
586 1919 654 1974 locis
672 1923 829 1987 auctorum,
852 1916 899 1986 qui
922 1931 995 1972 nuuc
1018 1915 1103 1985 uulgo
1125 1917 1298 1987 appellantur
1315 1917 1392 1987 leges
1409 1918 1469 1974 siue
1486 1917 1651 1992 fragmenta,

73 1985 179 2032 urrunnu
215 2025 366 2082 Iustiniana
395 2029 488 2080 autem
520 2029 612 2082 aetate
643 2023 778 2080 uocabulo
811 2025 916 2094 aptiore
948 2023 1131 2093 digestorum:
1163 2039 1227 2079 nam
1260 2023 1300 2079 sic
1329 2024 1478 2094 loquuntur
1506 2040 1561 2081 uon
1590 2027 1651 2096 ipse

216 2132 326 2202 quidem
351 2133 531 2204 Iustinianus,
559 2137 589 2187 at
614 2132 764 2203 prudentes
788 2129 970 2200 antiquissimi
992 2129 1094 2199 quique
1121 2134 1177 2185 ιιιιι
1204 2130 1303 2186 Latino
1330 2146 1456 2188 sermone
1482 2133 1541 2189 usil
1566 2148 1650 2202 quam

215 2239 346 2296 Graeco².
374 2241 511 2310 excerptis
533 2239 576 2294 bis
598 2256 616 2295 a
638 2237 861 2308 compilatoribus
883 2251 1011 2292 numeros
1033 2252 1089 2294 non
1106 2238 1195 2308 magis
1212 2237 1366 2308 adscriptos
1383 2253 1445 2294 esse
1462 2254 1545 2309 quam
1562 2240 1651 2298 titulis

215 2351 272 2402 tam
296 2363 331 2402 ex
355 2346 496 2402 codicibus
520 2351 635 2418 apparet
657 2361 739 2416 quam
766 2362 801 2402 ex
824 2343 1041 2414 allegationibus.
1072 2359 1134 2400 nam
1163 2359 1198 2400 ex
1224 2343 1299 2400 libris
1322 2345 1495 2402 Florentinus
1521 2362 1650 2404 numeros

215 2453 349 2510 eiusmodi
372 2453 456 2508 habet
478 2455 566 2510 nullos
589 2468 640 2508 nec
663 2453 752 2524 magis
776 2452 879 2508 babent
900 2452 1087 2508 Bononienses
1113 2454 1248 2522 quotquot
1270 2455 1378 2508 entant:
1401 2453 1597 2524 Neapolitanus
1621 2459 1651 2510 ct

215 2559 487 2617 Pommersieldensis
510 2559 614 2616 babent
636 2561 759 2631 quidem,
781 2559 831 2616 scd
854 2559 898 2614 ille
916 2558 1042 2630 Latinos,
1066 2557 1110 2614 bic
1128 2557 1263 2630 Graecos,
1286 2563 1402 2629 uterque
1423 2565 1514 2616 autem
1533 2562 1561 2616 in
1578 2577 1650 2618 mar-

215 2669 307 2738 ginem
318 2669 435 2724 reiectos
447 2667 605 2738 formaeque
618 2668 741 2724 minoris:
761 2666 927 2724 Graecorum
939 2671 1083 2737 praeterea
1094 2681 1268 2722 numerorum
1280 2667 1400 2736 uestigia
1415 2667 1517 2724 adsunt
1534 2669 1562 2724 in
1578 2667 1650 2726 libro

214 2775 393 2832 Berolinensi.
420 2776 494 2831 unde
512 2775 678 2846 intellegitur
695 2775 746 2831 bos
764 2788 874 2845 quoque
892 2788 1020 2829 numeros
1039 2773 1116 2829 initio
1135 2789 1152 2828 a
1169 2788 1283 2843 corpore
1300 2771 1411 2845 afuisse,
1431 2779 1538 2832 mature
1555 2778 1649 2832 autem

214 2883 287 2939 adici
314 2887 427 2954 coeptos
451 2897 512 2938 esse
536 2887 648 2954 propter
670 2881 806 2952 allegandi
834 2881 1065 2937 commoditatem.
1097 2895 1161 2936 nam
1189 2881 1217 2935 in
1243 2879 1359 2950 digestis
1385 2880 1502 2938 citandis
1531 2887 1650 2953 excepto

214 2992 320 3048 Iuliano
338 2994 525 3060 antecessore,
550 2990 596 3060 qui
619 2987 676 3044 iore
700 3004 717 3044 a
739 2989 859 3044 numeris
882 2987 1003 3044 abstinet
1024 2988 1115 3044 locum
1138 2987 1167 3042 in
1189 2987 1269 3043 titulo
1292 2986 1375 3044 modo
1395 2987 1474 3044 aliter
1490 2987 1650 3059 significans

216 3099 253 3171 (e.
266 3113 290 3154 c.
310 3107 381 3154 circa
398 3099 483 3152 medea
502 3099 578 3166 loce),
596 3096 678 3152 modo
696 3096 815 3152 auctoris
833 3109 933 3152 nomen
951 3093 1135 3165 adscribcns⁸,
1154 3094 1251 3165 reliqui
1268 3094 1410 3165 utriusque
1426 3095 1537 3166 linguae
1554 3099 1649 3154 aucto

215 3221 260 3262 res
287 3209 400 3260 utuntur
428 3203 539 3274 quidem
566 3203 699 3274 numeris,
730 3206 874 3274 tantopere
904 3207 995 3258 autern
1025 3203 1045 3257 ii
1071 3202 1178 3257 numeri
1200 3203 1271 3257 inter
1298 3216 1328 3257 se
1354 3201 1485 3258 diffenrnt
1509 3217 1565 3258 non
1589 3209 1650 3260 tan·

214 3317 274 3368 tum
293 3313 321 3367 in
339 3311 523 3382 singularibus
542 3309 726 3381 citationibus,
745 3325 816 3379 quae
833 3313 982 3381 potuerunt
1000 3325 1017 3364 a
1033 3307 1151 3364 librariis
1168 3309 1318 3379 corrumpi,
1341 3309 1392 3366 sed
1409 3310 1470 3380 ipso
1487 3311 1650 3368 numerandi

215 3420 334 3488 ratione,
358 3423 390 3474 ιιι
413 3419 481 3474 alios
506 3432 633 3474 numeros
652 3416 687 3473 ab
706 3417 766 3473 aliis
789 3416 947 3472 auctoribus
970 3414 1171 3487 exemplaribus
1189 3416 1246 3471 suis
1265 3415 1418 3488 adscriptos
1436 3430 1498 3473 esse
1516 3421 1651 3487 appareat

217 3529 307 3600 capite
332 3526 423 3596 aliquo
446 3527 530 3595 male,
558 3529 589 3580 ut
612 3522 655 3594 iit,
683 3523 743 3579 siue
765 3523 894 3579 adiuncto
917 3521 1145 3593 praecedentibus
1168 3522 1227 3578 aine
1251 3522 1315 3578 iuda
1342 3523 1490 3580 seiuncto⁴.
1519 3523 1650 3580 uidentur

272 3763 282 3797 ¹
300 3760 366 3812 Uide
385 3778 461 3826 supra
479 3777 504 3825 p.
518 3758 592 3809 VIIII
609 3757 720 3824 allegata
737 3758 887 3810 testimonia.
976 3756 1099 3808 2Νοιιιιιι
1117 3764 1156 3808 est
1168 3756 1281 3809 Graecos
1299 3756 1335 3808 sic
1351 3756 1405 3808 sere
1417 3755 1521 3808 laudare
1539 3757 1648 3824 digesta:

217 3850 247 3904 ὲιι
266 3850 305 3916 τῷ
326 3848 344 3902 s'
368 3847 476 3915 busicrqr
495 3847 542 3908 τοῨ
563 3847 582 3900 Β’
597 3847 685 3910 τιτλογ
703 3846 750 3907 roi
770 3845 788 3900 ι’
807 3847 912 3910 erotica,
931 3854 960 3896 ut
976 3853 1136 3912 opponantur
1148 3845 1195 3896 sibi
1207 3845 1324 3909 bissenos
1337 3854 1363 3896 et
1375 3843 1494 3900 triusiae.
1521 3865 1545 3898 u.
1558 3846 1647 3900 Heinr-

218 3941 283 3992 bach
301 3939 379 3990 Basil.
397 3938 446 3990 uel.
460 3937 477 3988 6
492 3955 517 4004 p.
531 3936 574 3988 21.
604 3953 668 3987 unus
693 3936 838 3988 emendator
861 3936 919 3987 libri
939 3935 1077 3987 Florentini
1099 3952 1144 4001 pro
1167 3951 1197 3986 eo
1220 3934 1342 3986 uocabulo
1366 3936 1443 3988 utitur
1461 3935 1559 3988 Graeco
1581 3938 1650 4003 quod

218 4039 258 4082 est
274 4026 415 4092 iterumue
434 4027 468 4093 (u.
487 4027 521 4077 ad
538 4026 559 4088 Ι,
578 4025 638 4088 902,
651 4025 705 4092 42).
812 4025 925 4076 ⁸Etiam
944 4024 1046 4086 Graeci,
1065 4025 1171 4076 maxime
1189 4023 1354 4090 antiquiores,
1373 4041 1450 4091 saepe
1468 4025 1501 4076 ad
1519 4042 1650 4078 numerum

218 4119 315 4172 addunt
332 4135 423 4169 nomen
442 4115 564 4178 auctoris,
588 4114 696 4181 exempli
713 4131 789 4166 causa
807 4114 837 4166 B.
850 4114 893 4176 22,
912 4115 935 4178 1,
953 4112 969 4166 7
988 4113 1084 4166 sch.1:
1108 4111 1136 4166 'eu
1159 4113 1197 4180 τῷ
1217 4112 1251 4166 sa'
1275 4121 1306 4166 Βι.
1324 4131 1355 4166 τι.
1375 4113 1395 4166 a'
1417 4121 1463 4178 blf.
1483 4113 1519 4168 rui
1541 4113 1649 4178 ΠιῨιογ

217 4207 303 4278 ῥιιτῷ,
322 4197 371 4273 quo
390 4205 544 4272 significatur
561 4205 593 4257 D.
606 4203 654 4266 21,
669 4205 696 4266 1,
709 4203 757 4266 58,
770 4204 800 4267 2,
819 4204 861 4256 uel
877 4203 907 4256 B.
923 4205 964 4266 ll,
976 4202 1001 4265 2,
1014 4201 1048 4253 47
1061 4202 1113 4255 sch.
1127 4203 1156 4254 3:
1179 4201 1218 4256 ὡο
1235 4201 1307 4256 einen
1325 4200 1501 4264 bOitntaaoc
1518 4201 1547 4258 ὲιι
1565 4203 1604 4270 τῷ
1625 4203 1645 4256 ιι’

218 4307 265 4351 ΒιΒ.
284 4296 340 4349 ruba
360 4297 390 4349 de
407 4297 495 4367 officio
511 4295 671 4365 proconsulis
689 4291 782 4354 ιιῩτοῨ·
801 4291 901 4347 incites
922 4291 965 4364 sip
984 4290 1120 4346 induenter
1140 4289 1172 4345 τὸ
1190 4290 1206 4356 s'
1223 4301 1269 4356 trs.
1283 4291 1330 4353 roi
1342 4310 1389 4345 ιιι.
1402 4291 1432 4345 ιὲ
1451 4291 1650 4356 crattrona'rorc

217 4384 383 4450 ὲιιιλιὶιιιτοε,
404 4382 434 4436 bc
452 4381 503 4436 'scri
523 4380 641 4436 eisocrbc
659 4380 707 4443 τοῨ
725 4381 761 4436 az'
786 4391 834 4436 ΒιΒ.
853 4383 908 4436 ruba
927 4379 1052 4446 ιιιὲετωιι
1072 4382 1118 4447 (sic
1137 4382 1203 4432 eninr
1214 4380 1350 4448 legendum
1362 4384 1421 4448 est),
1439 4383 1483 4434 ubi
1494 4383 1650 4451 significatur

216 4475 249 4526 D.
261 4473 305 4535 47,
318 4473 361 4536 20,
374 4475 399 4525 3.
470 4473 481 4506 ⁴
500 4473 539 4524 Ita
552 4471 644 4524 Gracci
661 4471 686 4522 iu
704 4471 768 4524 libro
786 4472 910 4524 tricesimo
929 4472 1062 4539 allegando
1077 4472 1223 4538 plerumque
1241 4488 1357 4524 numeros
1368 4472 1486 4540 uulgares
1503 4483 1650 4541 sequuntur,

217 4573 246 4614 ut
262 4563 279 4614 l.
293 4563 328 4614 55
347 4563 386 4628 (B.
399 4561 500 4629 4,119)
521 4593 552 4600 -
572 4559 606 4613 75
625 4561 664 4627 (Β.
677 4561 703 4622 4,
719 4561 778 4628 109)
798 4591 831 4600 -
851 4561 884 4612 77
899 4562 969 4628 (Β.4
986 4579 1012 4628 p.
1024 4561 1068 4613 90.
1080 4560 1123 4614 96.
1136 4561 1179 4613 99.
1195 4561 1252 4612 105.
1268 4560 1327 4628 130)
1347 4591 1380 4600 -
1399 4559 1433 4614 78
1447 4562 1525 4630 (Β.2,
1538 4563 1600 4632 619)
1616 4595 1649 4604 -

218 4653 253 4704 80
271 4652 311 4718 (Β.
325 4652 356 4713 2,
369 4651 431 4718 594)
457 4681 490 4690 -
514 4649 549 4702 82
568 4651 608 4717 (Β.
621 4653 652 4712 4,
670 4651 715 4716 94)
742 4681 773 4690 —
799 4649 833 4702 87
853 4651 892 4718 (Β.
906 4651 931 4711 2,
944 4651 1020 4717 698),
1043 4651 1123 4702 rasim
1146 4667 1263 4704 numeros
1286 4651 1381 4702 habent
1402 4651 1494 4703 unione
1518 4653 1651 4717 nudiores,

218 4751 247 4792 ut
264 4741 298 4792 53
317 4758 363 4806 pro
381 4741 415 4792 52
435 4741 475 4806 (B.
487 4741 513 4803 5,
527 4739 589 4807 807)
610 4771 641 4779 -
662 4738 693 4793 71
714 4739 807 4808 pro'IO
826 4739 905 4806 (Β.2,
921 4740 980 4806 119)
1000 4768 1031 4778 -
1052 4737 1086 4792 78
1098 4757 1144 4808 pro
1158 4738 1191 4794 77
1211 4739 1304 4807 (erlli
1315 4741 1375 4792 bibl.
1386 4740 1413 4804 2,
1428 4741 1504 4794 1304.
1519 4743 1597 4810 1310)
1617 4773 1650 4783 -

218 4830 251 4881 81
265 4847 311 4896 pro
324 4828 358 4880 80
371 4829 411 4895 (Β.
423 4831 449 4892 3,
462 4828 524 4897 751)
545 4859 577 4868 -
597 4830 631 4882 83
644 4848 690 4897 pro
702 4830 738 4882 82
752 4829 792 4895 (Β.
804 4830 830 4890 4,
843 4829 896 4895 91).
924 4829 991 4895 quod
1009 4847 1058 4882 uon
1078 4831 1147 4881 casin
1164 4830 1323 4882 tribuendum
1335 4847 1400 4892 esse,
1418 4831 1464 4882 sed
1476 4831 1653 4900 explicandum

218 4936 249 4970 ex
267 4918 428 4986 inscriptione
447 4919 589 4972 anteibo
608 4921 650 4988 §1
671 4937 804 4989 perperam
826 4918 913 4986 agnita
934 4927 1003 4970 recte
1026 4921 1122 4973 monuit
1145 4919 1318 4973 Zachariaeuu.
1345 4919 1434 4974 similia
1456 4923 1597 4976 notauimus
1618 4925 1654 4978 sd
