3600 5354
174 215 290 264 casnm
851 189 935 270 107
1379 195 1422 261 lll
1445 196 1467 262 5
1487 199 1602 256 33-3‘1

174 361 275 424 meum,
292 354 411 410 maxime
428 355 453 409 si
470 353 553 408 etiam
569 354 599 408 in
614 353 720 408 ratione
737 353 921 422 impensarum
939 367 973 407 ea
989 353 1126 408 rettulisse
1144 355 1234 410 auiam
1247 352 1397 424 apparebit
1424 351 1491 406 illud
1502 365 1603 421 nsque

174 459 256 514 qnam
274 443 473 499 admittendum
490 447 566 513 puto,
584 447 616 496 nt
633 441 668 496 de
685 447 802 512 utroque
818 441 979 510 patrimonio
997 429 1111 512 erogata
1127 441 1280 498 uideantur.

24 535 63 593 34
85 531 155 612 (35)
228 532 386 588 Scauuonn
403 531 473 588 libro
489 533 577 602 primo
595 531 793 602 quaestionum.
820 530 945 586 Diuortio
963 529 1036 586 iacto
1048 531 1263 602 negotiauxoris
1277 531 1364 600 gessit
1375 545 1430 584 ma·
1449 522 1605 614 Q
1622 538 1650 592 Ρ

175 623 256 676 ritus:
274 621 325 692 dos
341 637 398 676 non
416 621 503 676 solum
522 621 593 676 dotis
612 621 727 690 actione,
744 633 840 674 uerum
860 620 870 686 ΙΙ
890 621 1060 689 negotiorum
1078 624 1218 690 gestorum
1237 620 1340 674 seruari
1350 624 1451 690 potest.
1478 618 1604 687 baecita,
1622 627 1679 676 tte

176 712 199 766 si
216 712 245 766 in
262 710 380 779 negotiis
398 711 500 778 gestis¹
520 711 633 764 maritus
650 709 716 763 dum
735 707 806 777 gerit
823 706 913 763 iacere
927 709 1028 778 potuit:
1047 710 1114 764 alias
1126 710 1197 764 enim
1210 709 1336 778 imputari
1349 723 1403 763 non
1416 713 1513 778 potest,
1531 706 1605 776 quod
1623 721 1636 762 e

175 816 193 854 a
211 815 242 854 se
259 815 314 854 non
331 799 462 868 exegerit
490 799 540 854 sed
558 804 586 853 et
603 803 782 868 posteaquam
799 797 991 867 patrImonium
1010 798 1137 868 amiserit,
1155 797 1237 868 plena
1254 798 1305 853 erit
1324 797 1495 866 negotiorum
1514 799 1604 865 gesto·

175 905 234 943 rum
253 889 333 958 actio,
351 889 477 958 quamuis
495 889 519 942 si
537 887 608 942 dotis
627 885 733 942 actione
751 886 865 940 maribus
884 887 1068 954 conueniatur,
1088 885 1269 942 absoluendus
1288 891 1338 941 est.
1366 886 1416 940 sed
1433 885 1478 939 bic
1494 883 1605 954 qnidam

176 976 274 1032 modus
297 975 449 1031 cernendus
473 981 529 1046 est,
554 981 585 1032 ut
601 977 641 1030 ita
657 975 793 1045 querellae
811 975 887 1030 locus
905 975 941 1028 sit
959 973 1115 1044 4ιῃιιιιιιιιιιιιέ
1133 973 1224 1030 faeere
1241 973 1344 1044 potuit,
1367 974 1493 1043 quemuis
1509 978 1607 1043 postea

131 1087 136 1096 ·
176 1063 312 1134 amiserit‘,
336 1065 360 1119 si
378 1065 423 1120 illo
441 1070 564 1135 tempore
583 1065 608 1120 ei
626 1065 732 1118 soluere
750 1063 851 1133 potnit:
875 1063 1018 1118 nonenim
1037 1079 1052 1118 e
1071 1064 1185 1133 uestigio
1203 1063 1232 1117 in
1250 1061 1340 1118 officio
1358 1062 1485 1132 deliquit,
1509 1063 1533 1116 si
1551 1076 1606 1120 non

175 1155 299 1225 protinus
321 1167 366 1208 res
390 1167 455 1208 suas
478 1153 604 1208 distraxit
627 1152 663 1206 ad
681 1152 825 1222 medulam
843 1151 1033 1222 redigendam:
1057 1152 1205 1222 praeterire
1223 1151 1340 1221 denique
1358 1150 1460 1220 aliquid
1476 1151 1607 1221 temperis
1626 1165 1654 1206 10

175 1241 295 1312 debebit,
313 1256 368 1312 quo
386 1257 509 1297 eessasse
528 1241 661 1296 uideatur.
689 1241 763 1309 quod
782 1241 806 1295 si
823 1241 927 1294 interea
944 1241 1101 1312 priusquam
1117 1239 1237 1296 officium
1248 1240 1368 1310 impleat,
1386 1255 1431 1294 res
1443 1240 1545 1294 amissa
1555 1244 1606 1308 est,

174 1331 287 1402 perinde
304 1331 475 1399 negotiorum
494 1335 634 1399 gestomm
651 1344 706 1384 non
724 1335 844 1398 tenetur,
869 1345 901 1384 ac
919 1330 943 1384 si
960 1345 1108 1400 numquam
1126 1327 1216 1386 iacere
1234 1329 1329 1399 possit.
1362 1329 1412 1384 sed
1430 1333 1459 1384 et
1476 1329 1500 1383 si
1516 1325 1607 1384 lacere

175 1421 263 1492 possit
281 1420 409 1488 maritus,
433 1419 504 1474 actio
522 1419 693 1488 negotiorum
711 1423 850 1487 gestorum
869 1418 1018 1488 inducitur,
1037 1419 1102 1488 qnia
1119 1416 1189 1473 forte
1207 1418 1356 1488 pericnlum
1374 1422 1429 1487 est,
1448 1431 1483 1472 ne
1499 1415 1607 1472 iacere⁸

139 1517 153 1562 ι
175 1509 292 1564 desinat.
328 1508 406 1562 illum
432 1512 524 1562 autem
549 1523 604 1562 non
628 1507 764 1562 credimus
785 1508 885 1578 teneri,
913 1509 960 1580 qui
982 1508 1054 1576 gerit
1076 1508 1187 1577 negotia
1209 1506 1351 1575 debitoris,
1380 1505 1416 1560 ad
1437 1505 1606 1561 reddendum

138 1599 289 1668 spignus,
307 1611 369 1651 eum
393 1597 510 1667 pecunia
533 1597 559 1650 ei
580 1595 713 1651 debeatur
730 1611 781 1650 nee
798 1594 881 1650 fuerit
897 1595 971 1666 qnod
989 1595 1041 1650 sibi
1058 1596 1146 1666 possit
1163 1595 1313 1650 exsoluere.
1350 1593 1654 1650 Sednecredbibi·1⁵
1685 1627 1686 1630 =
1761 1658 1765 1666 ,

175 1687 262 1742 toriae
284 1686 404 1756 speeiem
429 1686 522 1758 uenire
545 1685 574 1740 in
596 1685 767 1756 negotiorum
788 1689 927 1754 gestorum
946 1685 1081 1740 actionem
1099 1691 1128 1739 et
1144 1699 1194 1754 per
1212 1683 1263 1739 boc
1280 1698 1328 1738 sex
1346 1681 1485 1739 mensibus
1504 1684 1608 1738 exactis

174 1775 278 1846 perire,
301 1774 325 1829 si
348 1774 393 1828 uel
415 1773 579 1850 mancipium
602 1774 630 1828 in
648 1773 730 1828 rebus
747 1763 803 1828 non
820 1773 938 1830 inuenit:
963 1774 1008 1828 uel
1025 1759 1059 1829 eo
1076 1774 1188 1829 inuento
1206 1773 1280 1843 quod
1298 1763 1481 1828 accessionum
1499 1772 1607 1828 nomine

176 1863 299 1918 additum
318 1867 368 1931 est,
387 1863 430 1917 nel
448 1863 522 1932 quod
541 1861 659 1916 deterior
676 1861 757 1918 bomo
775 1860 865 1918 factus
883 1867 965 1930 esset,
984 1863 1029 1918 uel
1046 1863 1121 1932 quod
1139 1877 1188 1932 per
1206 1877 1268 1917 eum
1286 1867 1360 1917 esset
1375 1861 1539 1931 adquisitum
1553 1875 1608 1916 non

176 1967 211 2008 ex
230 1967 258 2008 re
277 1951 414 2021 emptoris,
432 1966 484 2006 nec
502 1951 607 2006 inuenit
624 1965 675 2006 nec
693 1951 854 2022 recepisset:
873 1965 925 2006 nee
942 1956 1017 2006 esset
1033 1953 1062 2006 in
1079 1951 1146 2021 ipsis
1164 1951 1295 2021 emptoria
1312 1951 1430 2020 negotiis
1448 1965 1518 2020 quae
1530 1964 1607 2020 gere
1657 1953 1659 1958 “

139 2057 156 2102 a
176 2041 233 2111 bat,
251 2040 324 2096 unde
342 2039 394 2096 sibi
411 2040 440 2094 in
457 2039 592 2110 praesenti
610 2039 744 2094 redderet
773 2039 901 2095 Ceterum
920 2040 943 2094 si
962 2055 997 2096 ex
1015 2041 1069 2095 alia
1085 2055 1170 2096 causa
1184 2045 1333 2110 perpetuae
1345 2037 1525 2108 obligationis,
1542 2053 1607 2094 eum
1626 2053 1655 2094 ao

176 2130 213 2184 sit
230 2130 358 2200 locuples,
377 2127 486 2198 debeat,
504 2143 559 2182 non
577 2134 620 2183 est
633 2127 832 2199 imputandum,
850 2129 924 2199 quod
935 2145 989 2184 non
1001 2129 1121 2199 soluerit,
1139 2129 1234 2199 ntique
1247 2129 1271 2184 si
1283 2142 1371 2198 neque
1383 2143 1525 2182 usurarum
1538 2127 1607 2182 ratio

177 2219 323 2288 querellam
340 2221 443 2272 mouet.
471 2217 664 2286 diuersumque
677 2217 758 2272 estin
770 2221 861 2272 tutore
873 2217 1005 2287 debitore,
1024 2219 1088 2288 qnia
1099 2216 1137 2275 ibi
1149 2216 1271 2274 interfuit
1281 2229 1316 2272 ex
1328 2217 1416 2288 priore
1434 2211 1608 2300 Q

177 2307 342 2378 obligatione
360 2307 439 2376 solui,
457 2311 490 2361 ut
506 2305 651 2361 deberetur
667 2321 703 2361 ex
719 2307 822 2361 tutelae
840 2307 955 2362 actione.
1463 2347 1464 2350 ,

27 2401 66 2460 35
87 2399 157 2480 (36)
231 2398 348 2454 Paunus
370 2394 439 2450 libro
463 2399 561 2465 quarto
584 2393 782 2464 quaestionum.
818 2393 849 2450 st
871 2395 939 2450 liber
961 2395 1042 2452 bomo
1065 2395 1138 2456 bona
1159 2393 1214 2450 fide
1231 2393 1296 2450 mibi
1314 2393 1436 2450 seruiens
1455 2387 1609 2476 Q
1627 2403 1654 2456 P

178 2491 301 2542 mamam
317 2485 463 2555 pecuniam
482 2484 627 2554 sumpserit
644 2498 759 2553 eamque
776 2483 805 2538 in
822 2499 881 2540 rem
899 2501 988 2540 meam
1006 2485 1132 2555 uerterit,
1155 2500 1210 2554 qua
1227 2485 1334 2540 actione
1351 2483 1395 2554 id,
1413 2481 1487 2553 quod
1503 2481 1532 2536 in
1550 2495 1609 2536 rem
1627 2498 1656 2540 ss

178 2579 298 2632 noemam
316 2573 413 2642 uertit,
436 2572 550 2628 reddere
568 2571 698 2642 debeam,
722 2572 871 2628 uidendum
889 2580 945 2629 est:
969 2574 1112 2629 nonenim
1131 2574 1210 2643 quasi
1228 2573 1322 2644 amiel,
1344 2571 1394 2627 sed
1412 2571 1490 2641 quasi
1507 2570 1609 2626 domini

177 2664 317 2734 negotium
340 2665 435 2734 gessit
469 2663 520 2719 sed
541 2662 713 2732 negotiorum
737 2666 877 2730 gestorum
901 2663 973 2719 actio
997 2661 1089 2718 danda
1111 2668 1166 2717 est:
1191 2675 1261 2731 quae
1279 2661 1379 2716 desinit
1396 2664 1563 2730 competere,
1585 2659 1609 2714 si

177 2752 304 2808 creditori
321 2753 381 2808 eius
398 2753 488 2808 soluta
505 2753 549 2807 sit.

28 2847 68 2907 35
89 2846 158 2925 (37)
231 2840 309 2896 lusu
326 2841 394 2898 bbro
412 2843 500 2912 primo
518 2839 724 2897 sententiarum.
760 2839 830 2893 Litis
848 2843 1018 2894 contestatae
1036 2844 1158 2909 tempore
1177 2838 1271 2907 quaeri
1289 2838 1371 2908 solet,
1395 2853 1430 2892 an
1454 2831 1609 2922 Q
1627 2847 1654 2902 P

177 2930 311 3001 pupillus,
335 2931 413 2986 cuius
431 2931 490 2985 sine
508 2930 607 2984 tutoris
625 2927 787 2982 auctoritate
805 2928 917 2996 negotia
934 2932 1014 2998 gesta
1031 2933 1107 2998 sumt,
1130 2927 1291 2997 locupletior
1308 2928 1344 2982 sit
1361 2943 1396 2982 ex
1413 2941 1447 2982 ea
1463 2943 1493 2982 re
1510 2925 1609 2997 factus,
1628 2941 1657 2984 se

144 3037 156 3081 1
178 3019 256 3074 cuius
273 3020 376 3089 petitum
393 3019 536 3074 actionem.
564 3015 594 3072 Si
611 3018 744 3086 pecuniae
762 3017 823 3086 quis
837 3017 977 3086 negotium
990 3021 1075 3087 gerat,
1094 3033 1191 3072 usuras
1204 3031 1312 3086 quoque
1330 3011 1609 3100 Q
1744 3013 1745 3016 ’

177 3113 317 3178 praestare
334 3108 443 3177 cogitur
460 3111 488 3162 et
504 3106 656 3177 periculum
674 3121 768 3161 eorum
786 3106 940 3176 nominum,
958 3121 1029 3175 quae
1047 3107 1107 3176 ipse
1125 3106 1273 3161 contraxit:
1294 3105 1347 3160 nisi
1364 3105 1482 3160 fortuitis
1500 3105 1610 3160 casibus

178 3195 316 3252 debitores
334 3197 374 3251 ita
392 3211 456 3251 snas
474 3193 597 3251 fortunas
615 3195 777 3264 amiserunt,
802 3199 833 3250 ut
850 3199 973 3264 tempore
990 3195 1046 3250 litis
1064 3209 1098 3250 ex
1116 3210 1150 3250 ea
1168 3195 1274 3250 actione
1294 3195 1462 3250 contestatae
1479 3193 1610 3248 soluendo

143 3303 159 3348 2
178 3301 234 3342 non
251 3287 367 3340 enecuit
394 3285 477 3340 Pater
494 3285 517 3339 si
535 3284 699 3354 emancipati
716 3282 764 3338 filii
781 3285 841 3338 res⁸
858 3298 917 3338 ase
929 3283 1045 3339 donatas
1057 3283 1170 3339 admini-
1189 3277 1609 3368 Q

178 3375 284 3442 strauit,
301 3372 356 3429 tilio
374 3374 481 3429 actione
500 3374 671 3444 negotiorum
689 3378 828 3442 gestorum
846 3371 990 3428 tenebitur.
1628 3388 1657 3429 ss

28 3469 69 3528 37
91 3467 159 3546 (38)
232 3463 444 3519 immolemus
461 3461 530 3518 lrbrc
549 3461 670 3518 secundo
688 3461 911 3532 disputationum.
945 3461 997 3528 Qui
1015 3461 1073 3517 sine
1090 3462 1177 3516 muris
1193 3461 1338 3531 pecuniam
1355 3459 1437 3517 debe·
1455 3455 1611 3545 Q
1627 3471 1655 3526 Ρ

178 3551 236 3622 bat,
253 3551 396 3606 creditoris
413 3552 456 3606 sui
474 3552 560 3621 gessit
578 3551 702 3621 negotia:
721 3552 875 3621 quaesitum
892 3555 944 3620 est,
963 3567 998 3605 an
1015 3551 1187 3620 negotiorum
1205 3555 1345 3620 gestorum
1363 3551 1610 3606 actionesnmmae

178 3640 250 3695 illins
268 3654 365 3694 usuras
383 3646 522 3710 praestare
534 3639 642 3695 debeat
670 3639 736 3710 dixi,
754 3640 778 3694 si
790 3656 807 3694 a
819 3645 906 3695 semet
918 3640 977 3709 ipso
990 3640 1100 3710 exigere
1112 3655 1175 3694 eum
1187 3640 1315 3710 oportuit,
1333 3638 1486 3695 debiturum
1498 3654 1610 3695 usum:

178 3727 330 3798 muno)

181 3853 248 3908 ²ita
265 3854 294 3908 in
311 3853 429 3923 negotiis
447 3854 541 3923 gestis,
560 3853 604 3908 sil
674 3843 834 3923 ²quantum
852 3851 931 3907 tum?
1001 3854 1112 3922 ⁸posse
1131 3861 1177 3907 ina.
1196 3852 1256 3922 (pa)
1324 3851 1383 3908 ⁴Si
1400 3853 1532 3922 pecuniae
1550 3852 1610 3922 quis

181 3926 319 3995 negotium
338 3929 424 3994 gerat,
443 3939 540 3978 usuras
558 3939 666 3994 quoque
683 3925 768 3979 totius
785 3925 916 3994 temporis
933 3928 1072 3994 praestare
1090 3924 1197 3994 cogitur
1214 3931 1242 3978 et
1278 3923 1408 3979 erieulum
1420 3939 1513 3978 eorum
1525 3923 1610 3978 nomi-

180 4013 254 4064 num,
272 3995 372 4066 quibus
383 3995 535 4066 collocauit,
553 4011 712 4065 agnoscere,
727 3996 751 4050 si
762 3995 816 4050 litis
828 4000 951 4064 tempore
963 3995 1095 4050 soluendo
1108 4011 1162 4050 non
1174 3996 1241 4051 sint:
1258 3941 1312 4051 Eoo
1323 3997 1395 4050 eninr
1406 3995 1435 4050 in
1446 3994 1534 4050 bonae
1546 3993 1610 4049 fidei

179 4067 287 4123 iudiciis
298 4068 401 4122 seruari
413 4067 541 4122 conuenit
552 4068 630 4121 Pauli
641 4067 701 4121 libri
762 4069 773 4102 ⁵
786 4067 844 4121 sine
856 4067 911 4122 ulla
922 4067 1083 4136 exceptione
1095 4068 1296 4136 (expectatione
1308 4067 1390 4134 Mon.)
1403 4075 1450 4120 ins.
1462 4067 1539 4120 Ponit
1551 4066 1611 4120 libra·

181 4191 351 4247 lmauimc
374 4189 409 4244 Ρ
431 4191 592 4259 {racionem
615 4188 664 4245 Pb
717 4190 831 4260 5p0tes
849 4191 876 4242 F
922 4191 957 4246 25
980 4192 1146 4262 sumpserit
1167 4191 1204 4244 F³
1230 4192 1234 4259 Ι
1257 4191 1302 4246 'ini
1320 4205 1377 4245 rem
1400 4191 1438 4244 F²
1491 4185 1610 4245 26111-

179 4265 280 4348 (ens)
321 4261 520 4333 eplaean‘,
534 4262 652 4332 planaL
689 4262 817 4330 lquauis
829 4263 869 4315 P⁶
921 4263 985 4318 terit
993 4263 1171 4318 Pwtvbu
1211 4264 1245 4317 21
1257 4263 1299 4317 si*
1308 4261 1453 4318 creditori*
1462 4261 1507 4325 Ρ,
1521 4260 1545 4315 si
1553 4275 1610 4316 ere·

179 4334 332 4404 9urstigio
360 4335 386 4387 F
408 4335 509 4410 (eres)
568 4335 603 4388 10
630 4332 750 4388 detraxit
776 4333 869 4387 P⁰VL
922 4333 1092 4388 ditoribusP
1123 4332 1385 4404 30suntliuerintP
1417 4333 1450 4387 31
1460 4331 1555 4386 cuius*
1564 4333 1610 4396 F’,

181 4407 214 4461 11
233 4403 352 4460 officium
366 4404 422 4460 'set'
435 4403 581 4474 imple‘n'at
592 4405 618 4458 F
667 4406 701 4460 14
713 4403 820 4458 desinet
831 4405 867 4456 F¹
922 4421 984 4460 eum
1001 4406 1045 4460 ins
1062 4406 1107 4471 F³,
1125 4421 1186 4460 eum
1205 4405 1229 4458 is
1246 4402 1324 4458 Pto*
1345 4406 1350 4472 1
1370 4419 1404 4458 ne
1424 4404 1544 4458 ociorum
1563 4403 1609 4467 P0,

181 4479 215 4532 15
237 4476 368 4532 sedtnec
385 4476 423 4529 F’
482 4477 515 4530 16
539 4475 596 4544 sex]
616 4489 651 4530 ex
671 4477 700 4540 F,
720 4474 868 4546 caprimon
921 4477 1033 4546 negotia
1059 4477 1085 4531 U
1139 4477 1174 4530 32
1198 4474 1364 4530 fortu⁴i‘s’tis
1475 4476 1511 4529 34
1533 4479 1611 4545 pater

178 4547 206 4602 ἒΞ
224 4549 316 4602 nanda
336 4548 363 4602 B
416 4547 450 4601 17
469 4561 501 4602 eo
518 4545 656 4602 inuen'i’to
673 4547 714 4614 ΡΙ
736 4547 868 4602 accessio·
984 4549 1019 4602 35
1037 4545 1242 4618 tenebiturpeat
1255 4545 1468 4616 disputationum
1481 4549 1610 4611 reducent,

179 4619 253 4689 numl
282 4618 468 4674 mensionum
494 4617 527 4682 F,
555 4619 570 4671 ir
596 4617 644 4672 ric
660 4615 818 4690 'specealius
840 4618 867 4672 B
994 4621 1087 4672 boniac
1105 4619 1286 4682 adscribentes,
1308 4619 1335 4672 B
1388 4619 1424 4673 34
1441 4617 1611 4672 administra·

180 4693 289 4757 (Am)
343 4691 377 4744 18
400 4687 537 4744 ssd-...tum
555 4691 595 4744 P⁰
649 4689 682 4744 13
702 4689 869 4758 recepisset
921 4695 992 4745 uerit
1008 4691 1086 4743 Pcnlt
1103 4691 1163 4743 libri
1209 4689 1244 4743 35
1259 4688 1405 4760 tenebitur]
1424 4688 1539 4743 F¹PLU
1554 4707 1610 4744 cnm

180 4761 217 4816 Ρ
241 4763 245 4828 Ι
269 4769 339 4816 *n‘ec
367 4761 402 4813 Ρ
426 4761 430 4828 Ι
453 4760 540 4830 ipsius
567 4761 674 4814 PVLU
697 4762 702 4827 l
729 4759 868 4831 emptoris]
922 4761 999 4816 Pacis·
1015 4761 1096 4825 istria
1116 4763 1224 4814 tenetur
1241 4761 1277 4816 il·
1320 4761 1355 4816 36
1373 4761 1548 4824 ususurisb'l
1564 4759 1611 4814 de·

179 4833 321 4903 emptori
374 4831 410 4886 20
426 4831 548 4901 prasenti
566 4832 592 4884 F
639 4833 673 4887 21
697 4847 751 4900 quo
768 4847 822 4887 non
834 4833 868 4886 F:
920 4831 986 4887 beat
1002 4831 1074 4886 P⁰V
1122 4831 1157 4886 38
1175 4831 1246 4900 eum]
1266 4845 1328 4886 curn
1346 4833 1391 4898 F1,
1409 4833 1515 4900 om.Ll
1536 4829 1610 4887 debi-
1647 4891 1650 4898 ,

180 4904 212 4966 oi
234 4903 282 4976 χρὴ
305 4902 459 4967 insidebat
489 4901 530 4956 iud
553 4903 576 4956 τί
599 4901 633 4956 ιιι)
657 4903 796 4958 cartainse
819 4902 869 4956 BS
920 4907 1010 4970 terrim
1028 4901 1114 4967 F1Pe,
1132 4917 1215 4957 usura
1232 4902 1272 4956 P⁰

180 4976 288 5048 (Steplc)
341 4975 376 5029 23
394 4973 515 5030 nieme
533 4973 571 5027 m
620 4973 655 5029 24
672 4973 778 5045 quarto]
797 4973 827 5028 iii
843 4973 871 5028 P
