3674 5362
189 207 190 214 ’
260 163 349 278 xiiii
373 215 488 278 14-r
928 185 1016 286 418
1288 227 1335 275 on
1357 227 1591 276 nanucmuers
1614 225 1690 274 scu.

261 383 323 424 euru
349 367 479 422 alienauit
495 365 641 422 tenebitur.
672 365 787 436 proinde
805 370 834 422 et
851 367 874 422 si
892 365 1042 421 decesserit
1059 381 1170 436 seruus,
1192 365 1343 422 tenebitur:
1367 382 1430 421 nam
1449 371 1478 422 et
1494 366 1627 435 magistro
1645 365 1692 420 de·

227 455 354 532 eiuueto
376 455 522 511 tenebitur.
557 455 618 510 Hee
635 457 757 512 actiones
774 460 908 526 perpetuo
925 459 955 510 et
971 454 1116 510 heredibus
1134 459 1164 510 ot
1181 455 1209 510 iu
1226 454 1341 512 heredes
1359 455 1508 511 dabuntur:
1532 455 1647 525 proinde
1663 458 1693 509 et

261 545 285 600 si
305 560 415 614 seruus,
438 546 485 615 qui
503 545 645 601 uoluntate
662 545 766 602 domini
783 545 930 614 exercuit,¹
942 543 1073 614 decessit,
1096 543 1179 599 etiam
1197 547 1261 614 post
1278 559 1379 600 annum
1398 542 1507 599 dabitur
1524 543 1593 599 haec
1610 544 1692 613 actio,

261 635 386 705 quamuis
403 633 438 689 de
455 635 562 704 peculio
580 635 652 689 ultre
668 649 769 689 aunum
787 649 843 690 nou
861 633 948 689 detur.
1407 675 1409 682 ,
1711 645 1726 684 s

224 721 242 780 5
313 724 432 778 Pronus
449 723 518 779 libro
535 723 685 779 uicensimo
702 737 775 778 nono
793 723 829 778 ad
848 721 976 778 edictum.
1004 719 1034 776 Si
1051 735 1123 792 oum,
1141 721 1234 792 quiin
1245 737 1308 777 mea
1318 725 1455 792 potestate
1467 721 1511 800 eit,
1530 721 1691 790 magistrum
1711 718 1733 774 3

260 813 339 867 nauis
356 811 473 882 babeas,
497 811 563 867 mibi
581 827 689 882 quoque
706 812 736 868 in
753 816 781 867 te
800 813 931 882 competit
948 811 1034 881 aetio,
1053 810 1076 866 si
1094 810 1160 880 quid
1178 826 1239 866 cum
1258 827 1292 866 eo
1311 816 1484 872 contraxere:
1502 809 1575 866 idem
1594 813 1650 880 est,
1669 811 1692 864 si

261 902 411 956 communis
435 915 532 956 seruus
556 900 635 956 uobis
657 901 717 956 erit.
750 915 785 955 ex
807 901 898 956 locato
918 905 1011 956 tannen
1028 913 1136 954 meeum
1154 915 1235 970 ages,
1258 899 1332 970 quod
1349 914 1448 970 operas
1465 899 1538 954 serui
1556 899 1610 953 mei
1628 913 1692 954 con·

261 989 378 1060 duasne,
397 989 461 1059 quis
478 994 507 1044 et
524 990 549 1044 si
566 1005 628 1045 enm
643 990 696 1045 aiio
709 990 898 1060 contraxisset,
917 1002 1014 1059 egeres
1025 1003 1142 1057 meeum,
1160 993 1192 1043 nt
1204 987 1335 1059 actiones,
1354 1003 1422 1058 quas
1434 1003 1468 1044 eo
1479 988 1589 1043 nomine
1600 986 1693 1056 hebui,

260 1077 311 1132 tibi
333 1083 513 1148 praestarem,
538 1077 767 1147 quemadmodum
786 1093 848 1133 cum
866 1077 966 1148 libero,
988 1076 1141 1147 siquidem
1159 1076 1352 1148 conduxisses,
1375 1077 1554 1147 experierisir
1576 1075 1692 1145 quodsi

228 1177 239 1222 ι
259 1168 397 1236 gratuitae
414 1181 514 1237 operae
531 1165 641 1236 fuerint,
660 1167 782 1221 mandati
801 1181 877 1236 ages.
905 1167 973 1222 item
992 1167 1017 1221 si
1034 1179 1131 1221 seruus
1149 1180 1227 1220 meus
1245 1181 1344 1221 nauem
1362 1164 1501 1221 exercebit
1518 1171 1623 1220 etcum
1636 1179 1692 1218 rne-
1712 1177 1742 1218 ro

198 1281 199 1292 ι
260 1256 348 1326 gistro
365 1255 424 1310 eius
442 1259 611 1326 conburere,
629 1254 695 1310 nihii
713 1254 841 1325 obstabit,
859 1271 914 1326 quo
932 1257 1022 1310 miuus
1034 1253 1167 1311 aduersus
1180 1254 1339 1324 magistrum
1352 1255 1476 1322 experiar
1488 1255 1603 1324 actione,
1621 1267 1692 1323 quse

260 1343 325 1399 mihi
342 1345 387 1399 uel
405 1345 464 1400 iure
482 1345 554 1400 ciuili
572 1344 618 1400 uel
635 1343 780 1400 honorario
798 1345 943 1414 competit:
961 1359 1024 1398 nam
1042 1347 1072 1398 et
1088 1343 1177 1398 cuiuis
1194 1343 1240 1400 alii
1258 1359 1313 1398 uon
1325 1342 1418 1398 obstet
1428 1342 1480 1398 hoe
1492 1343 1692 1413 edictumque

227 1433 349 1488 eminus
367 1449 429 1488 oum
448 1434 580 1504 magistro
598 1447 681 1502 agere
698 1433 800 1503 possit:
818 1432 870 1488 hoc
888 1433 960 1488 enirn
978 1431 1068 1488 edicto
1086 1447 1141 1488 non
1158 1430 1321 1487 transfertur
1339 1433 1420 1502 sotio,
1438 1431 1488 1487 sed
1505 1432 1630 1487 edicitur.
1663 1431 1693 1488 Si

259 1538 330 1577 nnus
353 1537 388 1577 ox
410 1521 453 1578 inis
476 1520 672 1579 exercitoribus
695 1536 759 1578 oum
782 1522 913 1594 magistro
937 1522 1016 1577 nauis
1034 1521 1213 1592 conuenerit,
1237 1535 1319 1591 agere
1337 1535 1399 1576 cunr
1418 1521 1478 1576 aliis
1496 1519 1693 1577 exercitoribus

259 1611 368 1682 poterit
1325 1619 1327 1622 ·
1713 1624 1742 1664 se

223 1700 241 1758 6
312 1700 432 1755 Pauuus
453 1697 523 1755 libro
547 1703 625 1756 sexto
648 1698 784 1756 breuium.
821 1697 851 1756 Si
873 1713 970 1754 seruus
992 1712 1048 1754 non
1072 1699 1212 1754 uoluntate
1234 1697 1337 1754 domini
1359 1713 1458 1754 nauem
1481 1699 1645 1768 exercuerit,
1669 1697 1693 1754 si
1712 1698 1733 1752 3

227 1799 240 1846 1
260 1789 363 1844 sciente
384 1803 431 1858 eo,
455 1788 534 1857 qussi
550 1787 708 1859 tributoris,
734 1789 758 1843 si
775 1789 933 1858 ignorante,
956 1787 991 1843 de
1009 1787 1118 1858 peculio
1135 1788 1208 1844 actio
1225 1786 1343 1843 dabitur.
1380 1785 1410 1844 Si
1428 1789 1579 1843 communis
1597 1802 1694 1843 seruus

260 1878 401 1934 uoluntate
419 1876 591 1932 dominorum
608 1881 737 1933 exerceat
753 1891 861 1948 neuem,
879 1877 908 1932 in
926 1876 1048 1946 singulos
1065 1875 1125 1931 dari
1142 1875 1254 1931 debebit
1271 1877 1299 1932 in
1318 1877 1434 1932 solidum
1452 1878 1533 1933 aetio.

223 1965 241 2022 'i
312 1965 485 2021 Auercsnus
502 1965 571 2020 libro
589 1969 688 2022 octauo
706 1967 906 2036 quaestionum.
933 1965 1036 2020 Lucius
1053 1961 1145 2020 Titius
1162 1963 1284 2020 Stichum
1303 1966 1463 2036 magistrum
1482 1966 1577 2022 nauis¹
1592 1963 1601 2035 [Ι
1614 1979 1693 2036 prae·
1712 1964 1732 2019 S
1749 1957 1824 2013 teta·

259 2053 364 2125 posuit:
383 2055 407 2114 is
424 2053 569 2124 pecuniam
587 2059 728 2112 matuatus
746 2056 821 2110 cauit
838 2069 868 2110 se
885 2055 914 2110 in
931 2053 1107 2134 refectionem
1125 2054 1205 2110 nauis
1223 2069 1284 2110 eam
1302 2055 1455 2124 accepisse:
1474 2057 1628 2124 quaesitum
1642 2059 1693 2125 est,
1712 2069 1741 2108 ao

260 2159 296 2198 au
314 2159 369 2198 neu
386 2143 465 2198 aliter
482 2144 572 2200 Titius
590 2144 752 2200 exercitoria
768 2149 921 2214 teneretur,
940 2159 1023 2214 quam
1040 2143 1065 2198 si
1081 2143 1200 2199 creditor
1217 2141 1346 2214 probaret
1361 2143 1505 2214 pecuniam
1523 2144 1552 2199 in
1569 2141 1694 2198 reiectio·

259 2248 322 2288 nem
340 2233 419 2288 nouis
437 2247 498 2288 esse
516 2236 715 2302 consumptam.
745 2233 886 2304 respondit
902 2233 1065 2288 creditorem
1082 2233 1186 2288 utiliter
1197 2235 1330 2303 acturum,
1348 2233 1381 2302 si,
1395 2247 1461 2288 cum
1473 2233 1589 2303 pecunia
1601 2231 1694 2287 erede·

259 2328 342 2392 retur,
360 2321 440 2377 nauis
457 2322 485 2376 in
503 2337 538 2376 es
555 2337 639 2377 cause
656 2320 761 2392 inisset,
781 2328 812 2376 ut
829 2320 904 2378 refici
922 2321 1047 2378 deberet:
1065 2322 1166 2376 etenim
1185 2327 1216 2376 ut
1233 2336 1288 2376 uon
1300 2325 1409 2392 oportet
1419 2321 1581 2376 creditorem
1594 2319 1694 2376 adhoc

260 2411 408 2482 adstringi,
432 2415 463 2465 ut
480 2411 539 2480 ipse
557 2409 720 2466 reficiendae
738 2412 817 2466 nauis
835 2427 927 2466 curam
946 2411 1078 2480 suscipiat
1095 2415 1124 2466 et
1141 2411 1282 2481 negotium
1300 2410 1403 2465 domini
1421 2415 1499 2480 gerat
1517 2409 1602 2480 (quod
1619 2413 1694 2464 certe

259 2498 380 2555 futurum
403 2500 452 2569 sit,
475 2500 499 2554 si
517 2514 631 2556 necesse
649 2499 750 2554 habeut
767 2499 883 2570 probare
900 2501 1044 2571 pecuniam
1063 2500 1091 2554 in
1109 2498 1284 2556 refectionem
1303 2505 1443 2569 erogatam
1462 2503 1548 2569 esse),
1570 2500 1610 2554 ita
1626 2498 1694 2553 iliud
1712 2513 1740 2554 ss

260 2587 438 2658 exigendum,
462 2592 494 2641 ut
517 2587 587 2643 sciat
607 2588 636 2643 in
653 2588 705 2643 boo
723 2603 753 2644 se
772 2589 896 2659 credere,
919 2589 963 2644 eui
981 2589 1020 2645 rei
1038 2589 1169 2658 magister
1187 2589 1247 2659 quis
1265 2590 1302 2644 sit
1318 2590 1505 2659 praepositus,
1528 2588 1601 2658 quod
1619 2593 1693 2643 certe

260 2679 338 2734 aliter
354 2675 414 2733 fieri
432 2691 486 2734 nou
503 2681 609 2748 petest,
633 2691 716 2746 quam
734 2677 759 2732 si
776 2677 843 2732 iilud
860 2693 970 2748 quoque
987 2678 1080 2732 scierit
1096 2678 1279 2734 necessariam
1297 2676 1439 2733 refectioni
1454 2678 1598 2748 pecuniam
1616 2665 1693 2732 esse:

260 2781 344 2837 quere
362 2766 414 2821 etsi
432 2766 460 2820 in
478 2781 512 2820 ea
530 2781 614 2820 cauea
631 2764 714 2821 fuerit
731 2767 824 2836 nauis,
849 2772 881 2822 ut
897 2764 973 2821 refici
990 2766 1117 2837 deberet,
1139 2767 1225 2822 multo
1241 2773 1335 2822 tamen
1353 2767 1439 2822 maior
1456 2767 1573 2837 pecunia
1590 2766 1695 2821 credita

260 2853 350 2924 fuerit,
368 2870 450 2924 quam
469 2854 505 2910 sd
523 2869 584 2910 eam
602 2869 660 2910 rem
678 2859 753 2910 esset
768 2855 928 2926 necessarie,
946 2869 1001 2910 non
1018 2855 1119 2911 debere
1137 2855 1166 2910 in
1184 2855 1300 2911 solidum
1318 2855 1451 2910 aduersus
1464 2855 1602 2911 dominum
1615 2855 1694 2910 uenis

228 2951 241 2997 1
261 2944 396 2999 actionem
419 2943 487 2998 duri.
523 2943 664 2998 Interdum
687 2944 770 2999 etism
788 2943 853 2998 iliud
872 2945 1087 3015 aestimandum,
1110 2960 1146 3000 an
1163 2945 1192 3000 in
1210 2959 1243 3001 ee
1260 2945 1321 3000 ioco
1338 2945 1456 3014 pecunia
1473 2945 1577 3000 credite
1593 2945 1643 3014 sit,
1665 2945 1694 2998 in
1712 2956 1739 2997 se

261 3047 315 3103 quo
332 3032 370 3102 id,
387 3031 590 3102 propterquod
607 3031 778 3102 credebatur,
796 3035 947 3102 comparari
964 3034 1097 3103 potuerit:
1116 3033 1183 3104 quid
1200 3035 1281 3104 enim,
1298 3035 1395 3104 inquit,
1414 3035 1437 3089 si
1451 3034 1486 3088 ad
1498 3035 1590 3090 uelum
1603 3049 1693 3089 emen-

261 3121 326 3176 dum
347 3121 377 3176 iu
400 3121 535 3176 eiusmodi
556 3121 646 3177 insuia
667 3123 813 3192 pecuniam
836 3123 898 3192 quis
921 3122 1080 3192 crediderit,
1104 3123 1132 3178 in
1155 3138 1211 3193 qua
1233 3124 1343 3179 omnino
1361 3124 1452 3178 uelum
1470 3123 1621 3194 comparari
1639 3137 1693 3178 non

228 3218 242 3264 ι
260 3203 371 3281 potest?
397 3213 426 3265 et
442 3211 471 3264 in
489 3223 596 3266 summa
613 3211 732 3280 adquam
750 3209 919 3281 diligentiam
937 3211 966 3266 in
984 3213 1035 3267 ee⁸
1050 3211 1213 3268 creditorem
1226 3211 1327 3268 debere
1343 3218 1491 3282 praestare.
1518 3213 1622 3267 Eadem
1636 3209 1692 3267 iere

261 3299 378 3356 dicenda
395 3299 435 3354 ait
452 3303 481 3354 et
498 3300 522 3354 si
539 3299 575 3355 de
592 3300 728 3355 institoris
746 3300 853 3356 actione
870 3305 1029 3370 quaeratur:
1048 3317 1112 3356 nem
1131 3305 1197 3356 tuuc
1214 3315 1323 3371 quoque
1337 3301 1498 3357 creditorem
1511 3302 1581 3356 scire
1593 3300 1693 3356 debere

260 3389 443 3444 necessarium
461 3403 523 3444 esse
541 3389 639 3444 mercis
657 3389 903 3460 comparationem,
927 3389 971 3445 eui
989 3390 1121 3446 emendae
1139 3405 1236 3446 seruus
1254 3391 1291 3446 sit
1306 3391 1493 3462 praepositus,
1512 3395 1541 3446 et
1558 3387 1692 3459 sufficere,
1712 3401 1738 3442 ss

261 3478 284 3532 si
302 3478 330 3533 in
347 3478 400 3534 boc
417 3477 574 3548 crediderit,
596 3493 651 3534 non
668 3479 752 3534 etiem
768 3478 836 3534 iliud
854 3478 1033 3551 exigendum,
1051 3485 1083 3535 ut
1099 3480 1159 3550 ipse
1177 3495 1271 3536 curem
1289 3479 1429 3551 suscipiat,
1448 3495 1483 3535 au
1501 3480 1530 3535 iu
1547 3477 1618 3535 haue
1636 3493 1693 3535 rem

260 3567 378 3638 pecunie
394 3567 534 3639 eroganda
550 3569 619 3624 est‘.

262 3689 449 3764 F[P(VLU)]
482 3723 485 3728 ¹

264 3879 452 3949 ¹experireris
470 3879 574 3947 (Helii
645 3879 739 3934 ’neni
757 3879 861 3946 (Hirtii
931 3881 991 3936 ⁸re
1010 3887 1057 3934 sne.
1128 3882 1194 3936 ‘an
1211 3879 1239 3936 in
1257 3879 1328 3937 bene
1345 3895 1403 3938 rem
1421 3881 1538 3952 pecunie
1555 3880 1694 3952 eroganda

262 3950 313 4020 est]
332 3959 378 4004 oct
395 3952 441 4006 det.
460 3959 505 4006 out
521 3971 570 4006 scr.
588 3952 617 4006 iu
635 3950 705 4008 bane
723 3967 781 4006 rena
798 3951 930 4021 pecuniae
948 3951 1104 4022 erogandus

262 4135 279 4189 3
298 4133 446 4189 decesserit
464 4135 522 4201 PV,
546 4134 672 4191 deessset
689 4137 725 4191 L·
745 4139 750 4208 i
771 4135 881 4192 dabitur
901 4157 950 4192 om.
1004 4141 1144 4208 oporteret
1161 4137 1221 4203 PV,
1239 4152 1294 4193 non
1313 4141 1420 4209 oportet
1437 4137 1511 4194 ΜΡ
1537 4165 1539 4174 v
1565 4140 1601 4194 25
1617 4138 1692 4208 iilud]

262 4205 336 4260 P·V
384 4205 509 4276 4detur]
528 4210 637 4262 tenetur
656 4209 758 4275 PWL,
782 4215 889 4264 tenetur
907 4210 951 4264 uel
1001 4207 1206 4264 eiiudPVLU⁶
1252 4211 1287 4264 29
1300 4210 1525 4266 nenecesseriaF
1565 4211 1600 4265 30
1613 4225 1693 4280 pecu·

262 4292 317 4332 uon
339 4276 421 4332 datur
443 4278 481 4332 U·
537 4280 737 4350 ieommunis]
761 4285 856 4336 contra
878 4295 950 4336 conn-
1004 4283 1077 4336 niem
1101 4281 1140 4335 P·
1199 4281 1233 4336 31
1261 4295 1316 4352 quo
1339 4281 1377 4352 id]
1404 4283 1487 4347 ΡΨ,
1515 4282 1589 4351 qnod
1612 4283 1693 4347 ΡΨ,

262 4349 351 4403 munis
369 4349 410 4402 P⁴¹
430 4349 435 4417 Ι
456 4349 612 4405 conduxere
629 4352 706 4404 ΡΨ*
758 4352 841 4422 Sco]
865 4357 894 4406 et
912 4352 952 4405 P·
1004 4367 1058 4422 quo
1071 4349 1198 4407 PVL⁸U0
1242 4353 1277 4408 33
1290 4353 1365 4422 etin]
1382 4357 1410 4408 et
1422 4353 1485 4408 siin
1498 4353 1588 4406 1³⁶?ss
1601 4355 1606 4422 i
1621 4369 1693 4408 sum·

262 4419 671 4489 econdnxissesioontraxisses
687 4422 820 4488 iiiuc?
857 4425 889 4478 11
903 4421 951 4478 ob·
1005 4439 1076 4479 mam
1097 4423 1136 4477 P·
1156 4425 1161 4490 i
1181 4437 1241 4478 eem
1264 4423 1382 4478 P⁶ViU
1430 4425 1466 4479 34
1488 4425 1697 4480 institutoriaP

263 4492 348 4545 stanit
358 4491 432 4544 Μ’
477 4493 803 4559 recessissemus·
847 4493 951 4550 libre·
1004 4495 1039 4550 36
1057 4511 1093 4550 sn
1110 4495 1138 4550 in
1156 4493 1183 4549 h.
1196 4511 1218 4549 ι.
1230 4495 1346 4564 pecunia
1364 4495 1503 4565 eroganda
1517 4496 1567 4566 est]
1586 4497 1614 4552 in
1633 4496 1658 4550 b.
1672 4511 1693 4550 r.

262 4563 347 4631 mum]
360 4562 405 4627 ΡΙ,
422 4561 514 4618 breuis
527 4564 609 4618 edicti
620 4564 743 4630 F'PVL,
757 4565 849 4620 breuis
861 4565 951 4620 edicto
1003 4567 1121 4636 pecunia
1133 4567 1288 4636 (pecuniam
1300 4568 1346 4634 ι’)
1359 4581 1405 4623 ero
1443 4567 1497 4623 nda
1515 4572 1558 4623 est
1572 4567 1693 4633 ΜΨ,

267 4632 304 4686 U.-
322 4633 405 4706 cs.D.
418 4635 459 4699 13,
471 4637 497 4699 5,
509 4635 544 4688 22
592 4637 625 4691 17
638 4635 747 4690 denitur
759 4637 803 4701 ΡΙ,
822 4637 903 4691 datur
919 4637 952 4691 U‘
1004 4639 1033 4693 in
1050 4637 1076 4692 h.
1091 4655 1113 4693 r.
1126 4639 1271 4708 pecuniam
1296 4651 1397 4710 erogsu
1418 4655 1461 4696 um
1481 4655 1541 4696 esse
1565 4639 1644 4707 V'Li,
1666 4639 1693 4695 iu

263 4705 298 4758 20
321 4705 473 4775 accepisset
496 4707 536 4759 P·
598 4708 633 4762 21
659 4707 745 4779 titius]
769 4707 852 4764 lutius
875 4709 951 4762 titius
1003 4707 1031 4766 b.
1044 4725 1065 4765 r.
1078 4711 1221 4780 pecuniam
1240 4715 1380 4782 erogatam
1399 4725 1460 4768 esse
1478 4711 1547 4768 P'U

262 4771 378 4831 ΡΜ*
431 4778 465 4831 23
484 4783 515 4833 nt
528 4791 583 4833 non
595 4779 712 4850 oportet]
729 4779 831 4846 ΠΛΡ,
847 4785 880 4835 ut
896 4794 952 4834 non
