3736 5348
196 212 244 262 orr
265 211 368 262 eone.
384 179 540 262 morsm
689 209 694 216 ·
866 188 954 270 379

515 549 553 628 et
591 547 656 626 DE
685 413 1002 628 ΟΟΝΒΙΟΤῖἑὶἿΕ
1028 549 1236 632 INDEBITI
1275 555 1313 634 R
1661 576 1762 634 seret

159 713 175 772 1
249 705 401 764 Usersrrus
418 704 487 762 libre
505 705 656 762 uitensime
673 709 752 762 serto
770 705 807 760 ad
824 705 954 763 edietum.
981 706 1060 766 Nune
1077 708 1227 768 uidendum
1245 709 1280 766 de
1297 709 1420 766 indebito
1432 725 1475 766 so·
1493 704 1631 794 Q
1650 719 1692 776 ’Β

162 812 176 858 1
195 795 278 872 luto.¹
298 795 336 852 iit
357 795 468 865 quidem
491 795 516 850 si
537 794 600 864 quis
619 793 773 850 indebitum
791 794 921 864 ignorem
938 797 1032 868 soluit,
1055 812 1104 868 per
1121 796 1193 854 hane
1210 799 1346 856 eetionem
1364 798 1508 856 eondieere
1525 805 1631 870 potest:

195 885 246 940 sed
264 885 288 940 si
306 885 396 940 soiens
413 899 444 940 se
462 898 517 938 non
535 882 636 938 debere
654 883 745 952 soluit,
764 887 856 938 eesset
872 885 1007 954 repetitio.
1650 902 1664 944 e

157 979 177 1038 2
247 974 327 1030 Inest
343 973 412 1029 libro
431 977 509 1032 sexte
527 971 635 1028 deeimo
652 971 689 1026 sd
707 970 847 1028 Sabinum.
880 971 989 1043 Siquis
1007 973 1047 1030 sie
1064 974 1184 1046 soluerit,
1202 979 1242 1046 ut,
1261 975 1285 1032 si
1302 975 1476 1046 apparuisset
1493 970 1632 1060 Q
1662 984 1685 1040 s

197 1065 208 1138 i
227 1077 288 1119 esse
305 1061 457 1118 indebitum
475 1061 521 1116 nel
537 1059 660 1116 Frioidia
677 1059 831 1130 emerserit,
848 1059 987 1131 reddetur,
1004 1063 1131 1131 repetitio
1148 1065 1239 1120 leeum
1256 1063 1383 1122 habebit:
1400 1065 1541 1134 negotium
1559 1054 1632 1122 eniri
1649 1075 1666 1123 i.
1677 1074 1723 1123 lie

157 1167 177 1213 ,1
196 1155 366 1208 eonnneem
381 1155 431 1206 est
447 1150 520 1206 inter
537 1163 593 1205 eos.
629 1147 796 1218 siquiden
813 1152 979 1206 testamento
997 1151 1117 1208 soluturus
1135 1153 1186 1223 sii,
1207 1152 1282 1223 qued
1298 1157 1397 1224 postea
1413 1151 1513 1210 istrum
1529 1155 1575 1210 nel
1591 1155 1632 1210 in·

195 1237 349 1296 effleiosnrn
365 1238 412 1294 uel
428 1238 534 1293 irritum
552 1236 598 1292 uei
614 1241 725 1306 ruptum
743 1237 908 1308 apperuerit,
925 1242 1072 1310 repetetur,
1091 1241 1137 1296 uei
1154 1242 1179 1296 si
1194 1246 1259 1311 pest
1275 1241 1390 1302 multem
1402 1243 1535 1312 temperis
1546 1257 1633 1300 emer·

195 1328 264 1384 serit
285 1341 333 1384 ses
356 1328 489 1396 rherum,
512 1325 558 1382 uei
581 1324 698 1382 eodieiiii
720 1324 769 1382 din
789 1326 870 1382 eehu·
886 1327 1011 1398 prohe1,
1035 1329 1083 1398 qni
1101 1329 1304 1400 ademptionem
1322 1330 1463 1386 continent
1479 1331 1632 1400 legatorum
1651 1345 1679 1386 re
1732 1347 1738 1364 ·

196 1416 347 1474 solutorum
369 1417 415 1472 uei
439 1413 654 1470 deminutionem
675 1427 726 1483 per
749 1412 816 1484 hoo,
840 1414 905 1484 quia
926 1416 987 1470 aliis
1012 1431 1121 1487 queque
1138 1419 1232 1488 legata
1248 1419 1344 1474 relieta
1360 1422 1434 1475 sunt
1468 1435 1534 1474 ram
1551 1417 1634 1476 diuus

195 1504 351 1561 Redderes
369 1505 443 1559 eires
460 1501 641 1560 inofficiosum
659 1506 688 1557 et
705 1500 804 1558 falsum
821 1507 1016 1560 testamentum
1033 1506 1174 1577 reseripsit
1190 1507 1328 1564 aetieneur
1346 1507 1465 1564 dsndnn
1482 1507 1517 1578 ei,
1536 1521 1632 1565 seeun-

196 1592 262 1649 dum
279 1607 361 1662 quem
380 1592 415 1649 de
433 1591 584 1648 hereditate
601 1590 751 1646 iudieatum
770 1595 822 1647 est.

158 1685 177 1746 3
230 1681 430 1738 -Psrnrrsues
447 1679 516 1736 libre
533 1680 683 1738 eieeusimo
696 1684 796 1736 oenoe
808 1680 1009 1750 qurestienpm.
1034 1680 1111 1736 Idem
1123 1685 1167 1738 est
1184 1686 1214 1738 et
1228 1682 1253 1738 si
1269 1683 1366 1740 solutis
1377 1683 1477 1754 legetis
1495 1679 1632 1769 Q
1650 1694 1692 1749 Ῥ

195 1785 269 1826 noue
293 1773 322 1824 et
345 1770 486 1840 inopinata
509 1783 594 1824 mosa
611 1768 791 1826 hereditatem
809 1769 935 1840 abstulit,
958 1770 1045 1826 ueluti
1062 1774 1128 1827 nete
1145 1776 1288 1842 postumo,
1311 1787 1393 1842 quem
1411 1772 1490 1828 heres
1508 1774 1537 1830 in
1554 1779 1632 1830 utere
1651 1787 1680 1830 rs

195 1857 281 1916 tuisse
298 1858 451 1929 moerebat,
468 1857 516 1914 uel
533 1857 616 1914 etiam
635 1857 670 1914 eb
687 1857 812 1914 hostibus
823 1873 934 1914 reuerso
946 1856 1010 1928 filie,
1029 1873 1111 1928 quem
1123 1863 1202 1930 pater
1212 1860 1304 1918 obisse
1316 1859 1386 1917 irriso
1397 1865 1632 1932 praesumpserat:

194 1965 259 2006 nam
276 1949 358 2005 utiles
376 1947 499 2004 sederes
517 1950 645 2017 postumo
663 1947 708 2002 uei
725 1945 796 2017 filie,
820 1948 869 2017 qni
885 1946 1066 2004 hereditatem
1085 1949 1220 2020 euieeret,
1238 1949 1298 2006 deri
1314 1955 1440 2020 oportere
1457 1951 1486 2006 in
1504 1965 1567 2020 ees,
1585 1949 1633 2020 qui

195 2040 316 2108 legatum
333 2040 531 2108 pereepernnt‚
554 2035 702 2104 imperator
719 2035 800 2090 'lites
816 2034 973 2092 Antoninus
990 2037 1142 2108 rescripsit,
1166 2038 1272 2094 seitiest
1288 2038 1364 2108 qnod
1382 2038 1470 2096 bonae
1487 2037 1553 2094 fidei
1569 2053 1632 2108 pes·

195 2127 334 2184 sessoris
351 2131 483 2196 quantun
501 2124 662 2194 loeupletier
679 2121 769 2180 ieetus
787 2127 831 2179 est
847 2128 957 2182 tenetur
968 2139 1019 2181 nee
1029 2126 1180 2195 perieulum
1192 2125 1349 2184 huiusmodi
1359 2127 1500 2184 neminum
1512 2127 1548 2184 ad
1559 2142 1631 2199 eum,

195 2217 243 2286 qui
260 2216 320 2272 sine
337 2215 418 2285 eulpa
435 2214 525 2283 soluit,
542 2211 699 2283 pertinebit.
1650 2231 1680 2272 ro

157 2310 179 2368 4
247 2305 368 2362 Pennus
385 2303 455 2360 libre
472 2302 554 2358 tardo
572 2301 609 2358 ad
625 2299 766 2358 Sabinum.
788 2301 870 2360 ,Idem
889 2301 970 2360 dium
983 2302 1139 2360 nodemus
1156 2303 1298 2374 reseripsit
1314 2307 1343 2360 et
1360 2304 1385 2360 si
1402 2304 1476 2362 eliud
1494 2299 1633 2390 [Hs—Ji]
1661 2313 1683 2370 s

194 2397 390 2450 testamentum
407 2389 570 2463 proferetur.

158 2487 178 2548 5
249 2482 401 2539 Ueneres
418 2479 488 2536 libre
505 2483 585 2536 sexte
603 2478 709 2536 deeimo
727 2479 764 2536 ed
782 2477 923 2535 Sabinum.
949 2479 1008 2536 Nee
1024 2494 1136 2550 nouum,
1154 2484 1187 2536 nt
1197 2479 1271 2550 qued
1282 2481 1352 2538 ahos
1364 2481 1477 2538 soluerit
1494 2478 1632 2566 [rs‘ss‘esss
1662 2494 1684 2548 s

196 2572 266 2628 mus
288 2574 404 2640 reptet
436 2583 501 2626 nen
522 2573 551 2624 er
568 2584 631 2624 eun
649 2569 738 2626 minor
754 2568 854 2639 siene
870 2568 990 2638 qumque
1007 2569 1086 2626 enne
1104 2569 1256 2626 nemum
1274 2569 1350 2626 nera
1365 2559 1633 2630 nomuefflser

195 2659 295 2729 legatis
312 2659 342 2714 in
358 2659 497 2728 integrum
514 2657 675 2728 restituitur,
693 2673 748 2713 nen
765 2657 819 2728 ipsi
835 2657 1026 2728 repetitionem
1042 2663 1206 2729 temperem,
1224 2658 1275 2714 sed
1292 2657 1326 2730 ei,
1344 2658 1382 2716 ed
1394 2673 1476 2730 quem
1487 2659 1633 2732 beneper·
1649 2673 1678 2718 re

195 2749 293 2818 tinent,
311 2746 392 2802 Arrio
409 2746 519 2802 'Iidem
536 2745 698 2816 reseriptum
716 2749 767 2802 eet.
1031 2781 1033 2788 κ

159 2843 179 2902 6
251 2836 371 2892 Pennus
388 2833 457 2890 libre
475 2834 557 2890 tertio
575 2833 612 2892 ed
627 2833 768 2890 eremum
796 2832 826 2890 Si
843 2839 1003 2904 proeurster
1019 2839 1085 2892 inus
1101 2833 1254 2892 indebitum
1271 2835 1429 2892 solueritet
1445 2841 1477 2894 tu
1495 2833 1632 2924 Q
1662 2847 1684 2903 s

197 2927 286 2980 ratum
305 2940 361 2980 nen
377 2923 490 2993 habere,
508 2937 592 2994 pesae
609 2923 697 2993 repeti
710 2921 803 2978 Labeo
820 2921 897 2979 libris
913 2925 1095 2994 posteriorem
1113 2925 1235 2994 seripsit:
1253 2924 1328 2994 quod
1345 2925 1370 2980 si
1387 2924 1509 2982 debitum
1527 2925 1632 3000 finiunt

197 3029 252 3070 nou
269 3028 352 3084 posse
369 3014 457 3084 repeti
475 3012 587 3068 Celsus:
610 3009 687 3081 ideo,
705 3012 849 3083 queniam,
867 3027 931 3068 eren
948 3014 1010 3084 quis
1027 3018 1231 3084 proouraterenn
1243 3027 1338 3070 rernm
1355 3009 1466 3070 snernrn
1484 3016 1633 3089 constituit,

197 3101 227 3158 id
244 3115 353 3172 queque
372 3101 503 3158 mandere
520 3100 638 3170 uidetur,
656 3103 688 3154 ut
705 3101 796 3156 soluat
813 3101 949 3172 eruditori,
966 3117 1056 3172 neque
1073 3106 1172 3172 postea
1188 3102 1404 3172 exspeetrndum
1421 3103 1483 3174 sit’,
1502 3109 1633 3162 atratum
1651 3119 1680 3161 ee

165 3201 179 3248 1
198 3191 308 3247 habeat.
335 3191 412 3246 Idem
429 3189 524 3246 Labeo
542 3190 589 3260 ait,
607 3190 631 3244 si
648 3190 819 3260 proourateri
835 3189 985 3248 indebitum
998 3192 1118 3249 solutum
1130 3192 1167 3247 sit
1178 3195 1207 3246 et
1218 3190 1345 3248 deminus
1355 3196 1446 3248 ratum
1457 3206 1513 3248 noe
1523 3192 1632 3265 hebeat,

164 3291 180 3338 u
197 3295 280 3350 posse
297 3281 392 3350 repeti
420 3278 518 3335 Celeus
535 3279 575 3334 eit
591 3293 668 3349 eum,
686 3280 733 3349 qui
750 3280 920 3358 proeurrteri
937 3280 1059 3337 debitum
1077 3282 1172 3352 soluit,
1190 3281 1319 3338 eontinue
1337 3279 1446 3336 liberari
1462 3295 1552 3352 neque
1569 3282 1633 3338 rsti-

197 3368 364 3425 habitionem
383 3367 578 3444 eoneideraritz
602 3367 677 3438 quod
695 3368 719 3423 si
736 3366 887 3424 indebitum
906 3370 1058 3440 aeeeperit,
1074 3369 1137 3426 ideo
1156 3371 1230 3440 exigi
1247 3368 1480 3440 ratihabitionem,
1504 3371 1633 3440 quonism

197 3457 264 3514 nihil
281 3457 316 3513 de
333 3457 386 3514 hoe
403 3457 513 3512 nemine
532 3456 669 3526 exigendo
687 3457 834 3514 mendmse
850 3456 990 3514 uideretur
995 3499 1003 3528 ,
1022 3462 1051 3514 et
1067 3457 1139 3530 ideo,
1157 3460 1183 3514 si
1199 3463 1289 3514 ratum
1306 3472 1362 3514 nen
1379 3455 1520 3528 habentur,
1538 3475 1557 3514 a
1572 3473 1633 3528 pre·

164 3551 323 3602 eeuratere
345 3545 533 3616 repetendum.
569 3545 690 3602 Iulianus
714 3547 754 3601 ait
776 3561 865 3615 neque
887 3549 1007 3602 tutorem
1025 3561 1114 3616 neque
1131 3553 1336 3616 proeuratorem
1353 3547 1493 3603 soluentes
1509 3551 1633 3618 repetere
1652 3561 1681 3604 ae

196 3651 279 3707 pesse
297 3649 386 3706 neque
403 3634 545 3705 interesse,
564 3649 642 3690 suern
659 3635 805 3705 peenniem
823 3650 860 3690 an
876 3635 973 3706 pupilli
990 3635 1035 3691 uel
1053 3635 1156 3692 domini
1173 3636 1290 3692 soluerit

160 3721 180 3782 ‘1
249 3725 421 3781 Postremus
443 3722 513 3778 libre
538 3738 610 3780 nene
634 3723 669 3778 ed
688 3722 828 3779 Sabinum.
865 3723 945 3791 Quod
966 3722 1118 3780 indebitum
1139 3738 1190 3796 per
1212 3737 1331 3780 errorem
1353 3723 1476 3794 soluitur,
1494 3717 1632 3808 [hei]
1662 3734 1684 3790 s

196 3817 247 3870 aut
263 3814 354 3884 ipsum
371 3818 420 3868 eut
436 3812 599 3869 tantundem
615 3812 756 3882 repetitur.

159 3899 179 3960 8
249 3903 369 3958 prunos
386 3901 455 3958 libro
473 3906 553 3957 sexte
571 3901 607 3956 ad
624 3899 765 3956 Sabinum.
803 3899 882 3966 Quod
898 3899 1008 3956 nomine
1025 3899 1125 3971 mariti,
1142 3899 1191 3970 qui
1207 3899 1340 3956 soluendo
1357 3913 1413 3956 non
1431 3900 1475 3971 sii,
1494 3894 1633 3986 [itus]
1662 3913 1684 3968 s

197 3992 267 4048 nlius
284 3991 391 4046 mulieri
408 3991 544 4060 noluisset,
561 3993 685 4060 repetere
702 4003 758 4046 non
775 3991 881 4059 petest:
900 3989 970 4045 ade'e
988 3988 1111 4045 debitum
1129 3989 1221 4045 esset·
1239 3988 1353 4044 mulieri.
1651 4007 1681 4048 ao

160 4079 179 4139 9
250 4079 402 4137 Uuemues
418 4077 487 4136 hbro
506 4079 697 4148 sexagensimo
715 4081 794 4134 sexto
812 4076 848 4132 ed
866 4077 994 4133 edietum.
1030 4077 1101 4135 Nam
1119 4081 1148 4134 et
1165 4079 1288 4149 maritus,
1307 4078 1339 4148 si,
1357 4092 1420 4134 oum
1436 4075 1476 4148 ie
1495 4071 1633 4164 Q
1651 4089 1693 4145 'E

197 4185 260 4226 eere
276 4169 343 4226 nihil
360 4168 456 4240 possit,
475 4167 568 4224 dotem
586 4167 706 4239 soluerit,
724 4166 754 4222 in
771 4181 806 4222 ea
823 4181 908 4222 musa
925 4171 969 4224 est
985 4169 1017 4224 ut
1033 4171 1157 4238 repetere
1174 4182 1231 4226 non
1246 4167 1343 4239 possit

196 4275 317 4347 F[P(V,
336 4283 408 4331 enine
426 4276 507 4330 denuo
525 4281 617 4346 incipit
632 4291 724 4329 mortue
741 4279 848 4346 entique
864 4293 891 4329 u.
903 4273 938 4328 25
955 4293 1011 4330 ooo.
1024 4277 1187 4346 competere,
1205 4273 1238 4342 L,
1256 4282 1329 4332 euius
1343 4274 1424 4330 deme
1436 4281 1527 4347 incipit
1542 4293 1633 4330 moeres

197 4355 304 4420 mtiqrre
320 4367 346 4402 rt
358 4345 394 4401 37
411 4365 465 4401 uec.
478 4345 552 4416 qued
569 4345 730 4416 indebitum,
751 4345 799 4416 ω]

198 4489 325 4558 ¹‘preloti
343 4489 390 4544 det
462 4487 536 4557 ¹sit]
555 4487 619 4542 est?
688 4485 887 4544 ³desiderari?
957 4487 1051 4543 ⁴est'i

198 4609 754 4683 emdmpe,rnpptae1²(oam)ut
798 4613 888 4667 lOee
941 4612 1073 4669 lueritP·
1116 4611 1152 4668 28
1162 4616 1334 4684 posterorum
1349 4609 1444 4666 seribit
1458 4609 1498 4665 P⁶
1542 4610 1576 4666 31
1589 4623 1632 4666 se·
1725 4639 1752 4688 0

197 4684 253 4738 lete
271 4683 308 4738 Ρ
363 4685 397 4738 12
415 4682 452 4751 et]
471 4683 515 4736 uel
533 4681 588 4736 PU
638 4683 672 4736 14
693 4687 722 4737 et
738 4683 836 4737 solutis
851 4684 888 4738 ie-
941 4683 1054 4740 hr'i‘tnm
1070 4681 1106 4738 fs
1160 4685 1195 4739 32
1213 4681 1346 4752 debitum]
1359 4680 1632 4743 FPtidindebitunr

195 4755 271 4824 ¹gatis
289 4753 380 4809 siPU
423 4755 457 4809 16
474 4752 657 4879 posthumo!
699 4753 733 4808 16
744 4755 890 4823 ignorsuat
942 4755 1023 4809 F’P·
1069 4755 1168 4810 33rnti
1179 4753 1375 4809 habitationem
1388 4753 1428 4807 P·
1476 4752 1634 4808 deridetur

198 4825 326 4900 fieres)
342 4826 347 4892 Ι
362 4829 601 4895 praesumpserat
638 4825 651 4859 ²
681 4825 714 4880 17
761 4824 869 4881 etheum
869 4827 895 4900 s
942 4825 1040 4894 PVUi
1057 4831 1085 4882 et
1096 4845 1145 4880 ern.
1154 4825 1246 4881 PVU⁰
1284 4825 1321 4880 40
1332 4823 1403 4880 adeo
1415 4822 1631 4893 debitumesset}

199 4897 234 4950 18
251 4895 358 4952 bewe*
372 4897 410 4950 F'
462 4897 497 4952 19
514 4900 642 4951 teneebir
657 4896 699 4952 P⁰
777 4896 813 4951 25
830 4911 890 4966 per·
942 4915 994 4954 nen
1010 4900 1086 4954 utitor
1104 4896 1215 4954 Graeci:
1232 4895 1311 4970 xptos
1329 4895 1375 4970 rip
1394 4893 1471 4952 ΜΒ
1488 4895 1598 4964 (ΔΜ.)

198 4967 318 5023 tinerent
345 4965 400 5022 PU
461 4967 496 5024 27
523 4967 674 5026 indebitum
700 4968 820 5024 solutum
846 4982 890 5024 se-
