3698 5364
170 202 623 254 mrnanrnnuunnxonnu
841 150 934 252 699
1341 183 1460 252 XXIIII
1481 189 1496 252 1
1517 191 1598 248 5-6

171 346 218 400 illo
235 345 323 414 illata,
342 344 406 398 linet
424 346 510 397 morte
528 341 587 396 eins
605 339 710 396 finitum
728 342 771 396 est
788 330 999 410 matrimonium,
1018 337 1201 416 &notabiliter
1218 348 1311 398 tamen
1328 343 1538 399 duernionem
1556 357 1597 398 re·

124 445 154 490 lt
171 435 298 504 ligiosnm
315 431 382 487 fieri.
418 429 535 486 Proinde
553 437 582 486 et
599 431 623 485 si
641 431 753 484 maritus
773 427 808 483 ad
826 425 992 484 oblationem
1011 430 1055 486 dei
1071 431 1150 487 uxori
1168 431 1292 501 donauit,
1314 432 1359 488 nel
1376 432 1479 501 loeum,
1498 432 1526 488 in
1543 446 1598 502 quo

172 537 242 592 opus
259 521 399 592 puhlieum
417 519 490 590 qnod
507 519 669 589 promiserat
685 516 790 588 iacere,
812 517 889 572 uolut
906 517 1001 574 aedem
1019 517 1163 590 publilium,
1183 519 1335 590 dedicaret,
1351 519 1402 576 tet
1417 523 1494 578 loeus
1512 536 1597 578 saner.

172 609 222 666 sed
240 614 269 664 et
287 609 393 680 siquid
412 610 437 664 oi
454 609 515 678 det,
534 613 565 664 nt
583 607 684 664 donum
702 607 755 663 deo
773 607 853 664 detur
870 608 914 662 uel
932 613 1118 678 consecratur,
1137 608 1250 664 dubium
1268 624 1323 664 non
1340 613 1396 679 est,
1415 611 1481 680 quin
1498 609 1598 666 debeat

125 711 154 756 18
173 701 278 754 ualere:
296 715 380 769 quere
399 703 428 753 et
445 699 468 754 ei
487 699 576 753 oleum
594 713 643 767 pro
662 697 741 752 eain
759 696 827 752 aede
846 711 924 752 saera
940 697 1076 767 posuerit,
1093 699 1170 754 uniet
1186 697 1306 754 donatio.
1342 696 1372 753 Si
1390 699 1502 754 meritus
1520 698 1598 754 heres
1616 704 1629 746 ὅ

172 789 314 844 institutus
332 787 456 856 repudiat
472 786 651 842 hereditatem
671 785 824 842 donationis
841 799 933 854 eausa,
952 786 1072 842 lulianus
1089 787 1198 857 seripsit
1214 786 1283 842 libro
1301 787 1417 858 septimo
1435 787 1541 844 deoimo
1559 787 1598 842 di·

172 883 310 946 gestorum
329 875 503 931 donationem
521 876 625 930 uslere:
644 865 733 944 neque
751 875 822 930 enim
840 875 985 945 pauperior
1001 872 1041 944 tit,
1059 875 1106 944 qni
1123 891 1178 932 non
1195 875 1328 946 adquirat,
1347 875 1397 932 sed
1411 877 1457 946 qui
1470 877 1504 932 de
1516 876 1598 948 patri·

172 967 263 1022 monio
281 981 331 1020 sno
350 965 500 1034 deposuit1.
528 951 679 1034 repudiatio
697 968 789 1018 antem
808 963 898 1018 mariti
915 963 1020 1022 mulieri
1037 963 1162 1034 prodest,
1181 965 1205 1020 si
1223 965 1267 1020 uel
1285 964 1433 1020 substituta
1450 965 1486 1020 sit
1504 966 1600 1020 mulier

126 1064 155 1111 14
172 1055 217 1109 nel
235 1055 317 1110 etiam
336 1052 371 1108 ab
389 1055 519 1108 intestato
536 1053 616 1108 heres
634 1051 734 1108 sutura.
765 1051 851 1108 Simili
868 1052 949 1108 modo
968 1055 997 1107 et
1014 1053 1038 1108 si
1055 1053 1175 1122 legatum
1193 1054 1330 1124 repudiet,
1346 1055 1437 1124 plaoet
1454 1053 1598 1110 nobisne·

171 1145 227 1199 lere
245 1143 427 1212 donationem,
447 1143 471 1198 si
488 1142 585 1196 mulier
602 1141 751 1198 substituta
768 1142 805 1196 sit
821 1141 850 1196 in
867 1142 959 1210 legato
976 1141 1022 1196 uel
1040 1142 1122 1196 etism
1141 1143 1164 1197 si
1181 1158 1317 1214 proponas
1336 1158 1396 1198 eam
1415 1142 1541 1198 heredem
1558 1144 1598 1198 in·
1617 1150 1645 1190 10

125 1241 154 1289 lt
171 1233 305 1287 stimtam.
339 1230 369 1286 Si
387 1231 447 1300 qnia
466 1237 579 1299 rogatus
597 1231 633 1286 sit
650 1235 802 1300 praecepte
817 1235 892 1284 serta
909 1231 1061 1299 quant-itate
1079 1239 1159 1286 uxori
1176 1247 1242 1288 suae
1260 1232 1438 1288 hereditatem
1455 1232 1598 1288 restituere

172 1325 201 1375 et
221 1321 245 1375 is
269 1321 328 1376 sine
351 1320 515 1374 deductione
538 1320 699 1389 restitnerit,
725 1319 820 1374 celsus
843 1317 912 1374 libro
936 1318 1042 1374 decimo
1061 1318 1229 1388 digestorum
1247 1322 1356 1391 seripsit
1373 1321 1461 1390 magis
1478 1320 1598 1392 pleniore

171 1407 261 1466 officio
284 1408 349 1464 fidei
370 1408 554 1479 praestandae
576 1406 699 1464 iunctum
718 1409 844 1463 maritum
863 1423 944 1478 quam
963 1407 1078 1464 donasse
1096 1408 1197 1464 uideri:
1221 1413 1368 1464 attentam
1386 1409 1519 1466 rationem
1536 1409 1599 1464 huie

171 1499 322 1554 sententiae
341 1497 437 1552 Celsus
455 1497 563 1566 adierit,
581 1495 656 1565 quod
673 1496 794 1566 plerique
813 1497 901 1566 megia
920 1496 1001 1552 fidem
1016 1497 1162 1554 exsoluunt
1172 1499 1200 1554 in
1212 1497 1284 1554 huno
1296 1514 1390 1554 oasnm
1403 1514 1485 1568 quam
1497 1498 1600 1554 donant

171 1602 223 1642 nee
241 1587 276 1642 de
294 1602 344 1642 suo
362 1591 461 1656 putant
477 1583 620 1655 proficisci,
639 1585 714 1656 quod
731 1585 765 1640 de
784 1585 871 1640 alieno
888 1586 995 1656 plenius
1012 1586 1159 1642 restituunt
1176 1587 1344 1642 uoluntatem
1362 1585 1483 1644 definnoti
1496 1587 1598 1642 seouti:
1618 1595 1646 1636 1⁵

172 1691 223 1732 neo
241 1676 375 1730 immerito
393 1690 476 1745 saepe
494 1674 631 1730 oredimus
649 1675 750 1744 aliquid
768 1672 927 1730 deluuntum
946 1675 1065 1730 uoluisse
1083 1681 1111 1730 et
1128 1679 1219 1732 nmen
1236 1691 1291 1732 non
1309 1691 1429 1746 rogasse.
1456 1691 1527 1746 quse
1539 1691 1599 1732 sen·

171 1765 258 1820 tentia
275 1764 358 1820 habet
375 1765 508 1819 rationem
526 1763 615 1832 magis
632 1764 660 1818 in
679 1778 720 1834 eo,
739 1763 785 1832 qui
798 1779 851 1820 non
864 1769 922 1818 erat
934 1763 1053 1822 deducta
1064 1769 1163 1833 quarte
1174 1769 1286 1835 rogatus
1298 1765 1439 1820 restituero
1451 1770 1480 1820 et
1490 1765 1599 1820 tamen¹

172 1853 307 1922 integram
330 1851 413 1908 fidem
430 1853 567 1923 praestitit
584 1852 685 1908 omisso
703 1856 815 1908 senatus
833 1853 950 1920 consulti
967 1853 1125 1909 dommodo:
1149 1853 1193 1909 hio
1211 1855 1283 1908 enim
1301 1869 1366 1910 uere
1383 1853 1466 1910 iidem
1484 1854 1602 1910 exsoluit

172 1943 341 1998 uoluntatem
358 1942 498 1996 testatoris
517 1940 691 1996 obsecutus&
719 1940 771 1996 hoe
788 1942 841 2010 ita,
860 1941 883 1996 si
901 1957 956 1998 non
973 1957 1022 2012 per
1040 1957 1157 1998 errorem
1176 1943 1272 1998 ealouli
1290 1941 1369 1998 ieoit:
1388 1949 1508 1998 osterum
1525 1943 1600 1998 inde·

124 2039 154 2087 16
172 2030 222 2086 biti
239 2029 442 2086 fideicommissi
460 2045 521 2085 esse
538 2030 727 2099 repetitionem
745 2031 819 2084 nulla
836 2029 970 2086 dubitatio
989 2033 1040 2086 est.
1068 2030 1136 2086 Cum
1154 2032 1313 2101 igiturnihil
1325 2032 1450 2088 debonis
1464 2034 1599 2101 erogatur,
1619 2041 1647 2081 so

171 2125 247 2175 reeta
269 2119 369 2176 dieitur
391 2122 482 2176 uslere
506 2119 689 2175 donationem.
722 2116 885 2188 ubicumque
907 2119 991 2188 igitur
1011 2135 1067 2176 non
1084 2119 1217 2176 deminuit
1234 2120 1269 2176 de
1287 2119 1462 2178 facultatibus
1480 2121 1536 2176 suis
1554 2119 1601 2190 qni

173 2208 294 2278 donauit,
312 2209 411 2279 nalet⁴‚
430 2210 483 2278 uel,
502 2208 610 2264 etiamsi
628 2207 776 2276 deminuat,
795 2207 955 2278 locupletior
972 2211 1066 2264 tamen
1083 2224 1138 2264 non
1154 2208 1186 2264 fit
1203 2211 1250 2279 qui
1263 2211 1376 2281 aooepit,
1395 2211 1505 2266 donatio
1518 2210 1600 2265 ualet

126 2306 155 2352 1⁷
173 2298 315 2352 llareellns
332 2298 401 2353 libro
420 2299 535 2368 septimo
553 2297 722 2366 digestorum
740 2298 854 2368 quaerit,
873 2296 896 2352 si
914 2297 1010 2352 mulier
1027 2303 1168 2368 aooeptem
1186 2312 1204 2352 a
1220 2299 1318 2354 marito
1330 2300 1472 2368 peonnism
1485 2300 1513 2354 in
1525 2313 1600 2368 spor·

173 2387 244 2442 tuias
261 2402 312 2456 pro
330 2392 448 2455 cognato
466 2401 517 2442 suo
535 2387 624 2442 ordini
641 2387 804 2455 eroganerit,
823 2402 859 2441 an
876 2385 988 2442 donatio
1006 2386 1118 2442 unsar?
1144 2391 1173 2442 et
1190 2386 1230 2441 ait
1246 2387 1338 2442 uslere
1355 2402 1406 2442 neo
1423 2387 1510 2442 uideri
1527 2388 1600 2442 loon-

172 2475 314 2544 pletiorem
332 2476 472 2530 mulierem
490 2473 600 2546 iselam,
621 2475 747 2545 quamuis
764 2479 886 2530 mutuam
904 2475 1048 2545 pecuniam
1066 2480 1141 2530 esset
1158 2479 1305 2546 aeoeptura
1323 2479 1351 2530 et
1367 2491 1417 2544 pro
1435 2474 1524 2532 adfine
1542 2491 1600 2532 ero·
1620 2483 1648 2527 aa

126 2572 155 2619 18
173 2569 280 2634 gstnra.
315 2565 347 2619 ln
370 2563 563 2620 donationibus
586 2569 677 2620 autem
701 2564 760 2619 iure
783 2563 857 2636 oiuili
874 2563 1011 2634 impeditis
1029 2562 1161 2620 haetenus
1178 2569 1324 2620 renoeatnr
1341 2563 1442 2622 donum
1461 2565 1496 2620 ab
1514 2580 1548 2620 eo
1566 2563 1601 2622 ab

174 2667 242 2708 esne
261 2653 305 2708 oni
322 2653 452 2708 donatum
471 2659 525 2724 est,
549 2659 592 2723 ut,
616 2653 640 2708 si
658 2651 768 2723 quidem
786 2657 877 2708 exstet
894 2668 951 2722 res,
969 2653 1137 2724 uindieetur,
1155 2654 1179 2709 si
1197 2657 1359 2723 oonsumpta
1376 2653 1424 2724 sit,
1442 2653 1602 2710 oondioatur

173 2741 313 2811 haetenus,
332 2747 467 2812 quatenns
485 2743 645 2812 locupletior
663 2741 724 2812 quis
742 2757 835 2797 annum
853 2739 943 2796 iaetus
960 2747 1017 2798 est:

137 2829 155 2887 6
226 2830 320 2887 (imus
343 2830 411 2887 libro
434 2831 578 2888 undecimo
602 2831 638 2887 nd
661 2831 780 2888 edietum
803 2830 978 2900 pronineirdo.
1014 2829 1079 2900 qnia
1099 2829 1173 2900 quod
1190 2845 1226 2886 ex
1243 2845 1298 2888 non
1314 2845 1447 2888 oonoessa
1464 2821 1601 2916 Q
1619 2837 1654 2893 s·

172 2937 200 2992 F
204 2937 260 3008 1Ρ(
264 2937 361 3008 VMD]

174 3098 390 3168 ²depr0mpait?
460 3097 582 3153 ’umen
600 3098 647 3154 del.
717 3099 858 3154 ⁸sanutus
876 3097 976 3166 iderti?
1047 3097 1151 3154 ‘uniet
1168 3098 1214 3152 del
1232 3097 1314 3165 (Hal.)

172 3209 597 3238 ““’“--”“““-“”Τ

175 3258 190 3312 1
204 3255 434 3312 laborabiliterF¹
471 3255 596 3328 3l'aoere]
607 3259 691 3314 chm
701 3258 860 3326 B(Anon.):
914 3257 967 3312 diis
980 3273 1056 3312 aram
1069 3255 1171 3312 iaceret
1183 3257 1228 3313 nel
1240 3257 1350 3326 aedem)
1366 3277 1446 3329 snpra
1464 3260 1602 3330 interpola·

176 3328 293 3393 irrtinon,
312 3327 354 3391 ἐφ’
370 3328 547 3396 lineriensis
561 3327 861 3400 airsphundcronipson
914 3335 1047 3384 toremeat.
1073 3348 1153 3401 quare
1170 3337 1252 3400 ipsum
1267 3333 1347 3384 locum
1361 3337 1491 3400 antiquum
1510 3329 1603 3394 indico,

175 3398 452 3526 {rinnon
914 3400 1604 3539 ”rien

175 3561 231 3598 oens
255 3487 321 3595 rili
343 3511 527 3608 (rineni'tirm
552 3564 569 3598 a
591 3545 759 3616 scriptoribus
786 3494 862 3599 eciir-
916 3491 995 3596 detiir
1008 3492 1117 3605 P⁰L¹ii,
1135 3541 1215 3598 detur
1227 3548 1258 3598 ui
1271 3540 1374 3597 P‘VI)
1418 3541 1604 3600 tenesmon

116 3637 125 3645 ·
174 3620 287 3668 atuaticis
305 3621 349 3684 qui
367 3633 432 3684 quae
454 3622 480 3666 in
504 3616 609 3685 dipsitis
633 3617 668 3669 ad
690 3636 743 3670 rem
761 3635 863 3672 aoerom
916 3614 960 3678 Lr,
978 3613 1149 3668 edessacras
1160 3613 1238 3668 PVU
1281 3613 1480 3669 (ilibroom.P
1522 3613 1605 3668 10sit

174 3690 289 3754 apertam
306 3685 368 3738 daia
386 3703 464 3754 opera
482 3704 534 3738 rom
556 3689 649 3740 iiaruni
661 3687 754 3740 Prono
767 3694 863 3740 einno-
916 3685 944 3739 in
961 3724 998 3744 ..·
1014 3685 1166 3739 institutam
1186 3685 1273 3740 om.P
1323 3687 1356 3740 11
1375 3683 1465 3810 uxoria
1482 3683 1604 3749 PV‘Lll,

174 3762 229 3810 tore
241 3757 332 3808 collect.
343 3757 514 3824 constrari(
541 3760 598 3811 oriii
609 3757 863 3825 oro1.2,874.1304)
916 3755 1009 3811 uxoris
1027 3755 1086 3808 FV‘
1135 3757 1168 3810 12
1186 3757 1310 3825 preniore
1328 3757 1355 3810 P
1395 3755 1429 3810 13
1467 3754 1511 3809 dei
1526 3769 1603 3825 prae·

174 3834 240 3879 mire
257 3833 370 3889 omnino,
394 3833 421 3879 nt
445 3827 508 3882 adeo
525 3837 637 3898 auspicio
656 3830 714 3883 inde
731 3829 865 3882 oboriatur·
917 3826 1041 3895 standan]
1063 3827 1245 3896 praestandae
1266 3827 1316 3892 P0,
1337 3825 1519 3896 praestandae
1540 3825 1604 3882 fidei

174 3899 238 3952 laec
255 3917 305 3950 non
321 3899 452 3969 proficisci
463 3899 495 3952 ab
508 3899 659 3964 Iustiniano,
677 3899 723 3954 aed
734 3903 863 3970 eliquanto
916 3897 980 3953 P⁶L
996 3899 1000 3966 Ι
1016 3898 1146 3954 donmmt
1163 3899 1289 3952 FP·VL⁶
1338 3900 1372 3954 14
1389 3899 1500 3954 solunnt
1516 3898 1560 3966 Pl
1575 3899 1604 3953 in

172 3975 301 4040 porteriua
319 3969 419 4022 adiecta
437 3987 497 4034 ease,
516 3991 571 4024 cnm
582 3977 733 4041 praesertim
746 3989 810 4041 quaa
822 3969 863 4024 hir
915 3969 988 4024 huno
1005 3985 1098 4024 ossum
1117 3985 1198 4040 quam
1217 3969 1320 4024 donant
1341 3990 1390 4024 om.
1403 3967 1537 4033 Pirrli‘,
1560 3970 1604 4024 ubi

173 4043 291 4112 ispnnrnr
306 4059 357 4092 non
373 4046 516 4109 pertineant
539 4042 575 4094 ad
594 4043 718 4096 ethnicum
734 4059 807 4094 naum
825 4043 863 4095 in·
915 4059 971 4098 enm
984 4041 1340 4105 anturnacensium
1352 4041 1438 4096 om.2
1451 4049 1476 4094 in
1488 4049 1604 4112 margine

174 4129 266 4166 cernue
285 4119 310 4164 in
333 4118 490 4164 monumento
514 4113 681 4178 dedicandae,
704 4114 750 4167 aad
767 4112 864 4178 (iudica
916 4113 996 4166 denuo
1007 4112 1307 4182 ponuntnrexPi(rano)
1345 4109 1604 4182 15profreiseiquod

174 4190 251 4237 etiam
270 4181 325 4234 Iolr.
339 4181 533 4251 Rape-Rosam,
552 4197 624 4254 quem
640 4185 671 4237 ds
687 4185 800 4238 hocloco
836 4201 865 4236 er
916 4183 951 4237 de
960 4183 1049 4237 alieno
1058 4183 1164 4251 plenius
1172 4183 1319 4238 restituunt
1327 4184 1495 4239 uoluntatem
1505 4202 1553 4236 om.
1565 4183 1604 4236 P·

174 4257 274 4308 litteras
283 4255 409 4320 consului)
419 4254 455 4306 ad
465 4255 603 4308 luminaria
613 4257 773 4308 ecclesiarum
786 4253 809 4307 G
824 4261 863 4306 ri·
917 4255 950 4309 16
968 4254 1112 4324 immerito]
1130 4256 1158 4310 iu
1176 4255 1274 4309 marito
1287 4255 1327 4308 P'
1372 4257 1406 4310 18
1418 4254 1525 4324 prestiit
1537 4254 1604 4318 Pir,

174 4332 317 4380 aiinnnrnm
342 4325 387 4395 (cs.
401 4323 479 4378 Rorsi
498 4333 572 4379 inem.
590 4326 743 4380 christ-urb.
756 4324 867 4378 Rom!
915 4325 1014 4396 prestit
1031 4325 1065 4378 V⁰
1079 4327 1084 4392 Ι
1100 4325 1287 4381 sen'tent’atus
1305 4327 1421 4380 consulti
1437 4326 1464 4378 F
1465 4323 1475 4356 ⁸
1491 4328 1495 4390 Ι
1517 4325 1604 4380 exsol-

174 4416 199 4450 ιι.
212 4395 295 4448 1122:
308 4393 368 4448 Μαι·
379 4402 465 4466 seript-
478 4403 526 4448 nei.
536 4397 562 4460 5,
570 4396 636 4450 213.-
649 4397 776 4468 Ducanye
786 4397 863 4468 plora.
916 4397 966 4465 nit]
984 4402 1013 4450 et
1030 4396 1112 4450 soluit
1123 4398 1199 4451 ΡΨ
1252 4399 1287 4452 22
1303 4392 1453 4466 deminuat]
1472 4396 1605 4451 deminuit

174 4485 195 4522 s.
207 4487 232 4518 ιι.
246 4466 405 4534 luminaria).
433 4467 516 4520 obstat
527 4475 617 4531 iernen,
632 4469 700 4540 quod
711 4487 775 4539 qnae
785 4485 863 4536 prae·
916 4467 976 4532 PV,
988 4469 1022 4522 21
1037 4466 1072 4522 do
1084 4465 1260 4523 facultatibus
1316 4469 1350 4523 22
1358 4468 1498 4524 deminuat
1510 4487 1558 4522 om.
1570 4467 1605 4520 h·

175 4537 266 4592 cedunt
283 4539 300 4592 2
318 4536 432 4606 proinde
449 4543 478 4591 et
492 4538 515 4592 si
529 4540 641 4594 maritus
701 4537 777 4593 3fiet
787 4538 864 4592 loeus
917 4541 951 4594 22
969 4536 1009 4607 tit]
1028 4539 1065 4592 sit
1076 4539 1168 4594 P⁶VL
1185 4541 1189 4608 Ι
1205 4540 1385 4610 quiaoepitl',
1404 4540 1450 4611 qui
1469 4539 1569 4608 seoipit
1581 4537 1608 4591 V
1668 4548 1677 4563 ·

175 4622 254 4663 sacer
273 4617 372 4662 omnino
390 4610 535 4685 reseruntur
548 4612 588 4665 nd
605 4611 764 4664 donationem
779 4627 863 4663 rerum
916 4611 951 4665 23
963 4610 991 4664 in
999 4611 1144 4680 sportulas]
1158 4612 1186 4666 in
1198 4612 1318 4680 portulae
1327 4612 1410 4676 ΡΨ,
1425 4611 1572 4681 imprsnlas
1581 4608 1608 4662 V

175 4681 348 4744 immobilium,
367 4699 397 4734 ea
411 4699 473 4735 nero
486 4701 550 4753 qnae
561 4689 698 4753 sequuntur
709 4682 796 4736 adres
807 4699 862 4734 nro-
916 4683 951 4736 25
969 4681 1108 4736 mulierem
1126 4703 1174 4736 om.
1188 4684 1231 4751 ΡΙ
1251 4683 1394 4752 peouuiam
1410 4701 1460 4740 om.
1474 4683 1517 4749 ΡΙ
1533 4680 1605 4737 aliua

175 4751 251 4804 biles:
278 4753 402 4806 eiusmodi
424 4763 488 4806 enirn
514 4759 685 4807 enarrationis
707 4759 863 4806 concinnitas
916 4751 1100 4817 1²¹,adfinem
1119 4753 1192 4808 L‘U‘·
1235 4757 1270 4810 26
1287 4759 1432 4809 reuocatus
1450 4752 1602 4822 FP0L⁰U·1

176 4821 266 4892 (qnam
279 4823 609 4896 obscuraritneqnetanren
624 4826 862 4893 planeaustnliiin·
916 4822 1027 4892 donum]
1053 4823 1163 4880 domum
1188 4825 1230 4890 U',
1253 4845 1302 4880 om.
1318 4824 1459 4880 Pili-U*
1520 4826 1554 4880 27
1580 4825 1604 4880 si

175 4899 240 4945 scita
253 4897 413 4964 interpolatio
425 4895 559 4948 sertorum
573 4914 597 4948 n.
611 4895 629 4948 2
646 4893 680 4948 ad
698 4893 863 4950 oblationem
917 4900 1081 4964 oonsumpta
1103 4897 1139 4950 sit
1160 4896 1319 4952 eondieatur
1337 4915 1385 4951 om.
1398 4897 1438 4951 Ρ·
1490 4897 1525 4953 29
1542 4909 1604 4966 pro·

175 4961 229 5032 dei,
244 4981 295 5034 pro
313 4965 403 5035 quidm
412 4969 517 5036 suerint
537 4968 613 5021 talia:
635 4966 739 5037 locum,
762 4966 791 5020 in
808 4979 863 5035 qno
916 4967 1061 5024 uineislem
1079 4967 1127 5022 PL
