4320 5340
312 181 515 230 omnrarrns
538 183 758 252 saeculares
991 157 1078 240 887
1102 235 1105 244 ι
1425 163 1573 232 XXVIIII
1594 167 1615 234 2
1635 173 1752 230 ιιι-89

311 321 435 392 ditatem,
454 323 638 378 manumissus
657 321 827 378 alienatusue
845 321 882 376 sit
898 325 928 376 et
945 321 1011 378 nihil
1028 322 1057 378 in
1074 321 1198 378 fraudem
1216 321 1287 392 logis
1304 321 1407 378 iactum
1426 326 1508 391 esset,
1528 323 1588 394 ipse
1600 323 1753 380 admittitur

311 408 347 465 ad
371 411 559 466 hereditatem.
592 410 642 466 sed
665 415 694 466 et
718 411 741 466 si
763 397 870 479 partem
895 423 993 480 capere
1015 412 1104 480 possit
1126 411 1253 468 dominas
1274 411 1349 480 eius,
1374 409 1471 466 eadem
1495 409 1613 466 dlcenda
1635 419 1700 468 sunt
1717 413 1752 469 de

311 505 398 568 parte,
416 513 499 569 qnam
516 499 561 555 ilie
579 513 678 570 capere
695 513 750 554 non
767 503 873 568 potest:
892 497 958 554 nihii
976 499 1049 556 enim
1068 499 1190 569 interest,
1208 499 1244 556 de
1261 499 1390 554 uniuerso
1407 504 1555 568 quaeratur
1566 500 1641 570 quod
1653 516 1752 571 cepere

311 601 366 642 non
383 590 472 658 possit
488 605 524 642 au
542 587 577 642 de
594 588 727 658 portione.
1771 603 1785 642 a

254 673 294 732 83
365 675 515 732 Uarrnaus
538 676 607 732 libro
625 681 724 732 octeno
743 675 849 732 docimo
873 675 908 731 ed
927 676 1016 746 legem
1034 675 1130 732 Iuliam
1149 681 1178 731 et
1195 669 1318 745 Papiam.
1353 673 1383 729 Si
1401 679 1488 731 totam
1507 680 1558 732 an¹
1590 687 1752 761 ΨΜ
1769 683 1815 758 Β]

311 771 427 835 partem,
445 779 480 820 cx
498 779 553 834 qua
570 765 631 834 quis
649 764 729 820 heres
745 765 888 820 institutus
906 771 963 834 est,
982 763 1066 819 tacite
1085 769 1198 833 rogatus
1216 765 1253 818 sii
1270 763 1422 835 restituere,
1444 769 1559 836 apparet
1576 766 1643 821 nihii
1661 767 1687 822 ei
1704 767 1752 822 de-

312 852 376 909 bere
394 853 562 924 adcrescere,
581 855 646 923 qula
663 867 720 908 rem
739 867 794 908 non
812 853 922 907 uidetur
939 851 1049 908 habere.

254 939 293 998 84
365 943 545 998 Parmrnruue
562 942 631 998 libro
649 946 729 997 sexto
747 941 853 996 decImo
871 942 1071 1010 quaestionum.
1104 939 1204 996 Uentre
1222 941 1370 1010 praeterito
1388 942 1413 996 si
1428 939 1559 1014 filiusqul
1591 951 1797 1012 it.ce,14,ltP

312 1031 381 1087 ιἰιιι1
398 1032 587 1102 emancipatus
606 1035 655 1086 aut
673 1036 751 1085 enter
768 1029 848 1086 heres
867 1030 1009 1086 institutus
1028 1030 1077 1099 sit,
1101 1029 1232 1099 quamdiu
1250 1031 1340 1099 rumpi
1357 1033 1554 1086 testamentum
1570 1017 1753 1102 potesis-rm]

311 1119 433 1176 defertur
455 1133 490 1175 er
513 1123 680 1175 testamento
704 1119 848 1176 hereditas.
877 1118 926 1174 sed
950 1119 973 1173 si
997 1131 1086 1173 uecnc
1109 1122 1205 1172 uentre
1228 1119 1325 1174 mulier
1346 1116 1398 1174 huit
1415 1123 1445 1174 et
1461 1119 1566 1175 incerte
1584 1135 1617 1175 eo
1635 1119 1707 1176 filius
1724 1121 1752 1178 in
1773 1135 1800 1176 ιο

311 1208 412 1264 familie
434 1213 558 1264 retentus
580 1208 639 1264 uita
659 1205 792 1278 decessit,
817 1207 896 1264 heres
920 1206 1005 1263 inisse
1027 1206 1205 1276 inteliegihrr:
1229 1207 1416 1277 emancipetur
1440 1212 1489 1262 aut
1506 1213 1584 1263 exter
1601 1223 1656 1264 non
1674 1209 1753 1266 aliter

310 1303 427 1369 possunt
444 1297 623 1353 hereditatem
643 1311 787 1366 quaerere,
811 1311 893 1366 qnam
912 1295 935 1350 si
954 1309 1008 1351 non
1026 1309 1089 1350 esse
1106 1297 1285 1364 praegnatem
1304 1295 1401 1350 sciant.
1432 1311 1498 1366 ergo
1516 1297 1540 1352 si
1557 1302 1654 1353 uentre
1671 1299 1753 1368 pleno

311 1389 348 1444 sit
369 1387 479 1457 mulier,
503 1401 594 1442 nonne
616 1387 739 1456 Iniquum
763 1385 815 1439 erit
836 1385 942 1438 Interea
964 1381 1123 1438 defunctum
1145 1379 1229 1438 hlium
1254 1383 1348 1438 heredi
1370 1399 1421 1440 suo
1443 1385 1596 1455 relinquere
1617 1385 1702 1442 nihil?
1725 1392 1755 1443 et

309 1477 373 1532 ideo
392 1477 502 1530 decreto
521 1473 576 1530 lilio
595 1472 808 1530 succurrendum
828 1477 882 1541 est,
901 1472 974 1541 quia,
994 1473 1053 1528 siue
1072 1471 1157 1528 freter
1174 1471 1200 1528 ei
1219 1477 1349 1532 nascatur
1366 1474 1426 1530 siue
1445 1488 1500 1528 ncn
1518 1479 1660 1544 nascatur,
1680 1476 1753 1546 patri

311 1565 390 1620 heres
417 1561 526 1618 iuturus
552 1566 603 1618 eet.
637 1562 788 1630 cademque
814 1559 884 1616 ratic
907 1557 987 1630 iacit,
1016 1565 1048 1616 ut
1069 1561 1243 1632 emancipato
1267 1575 1376 1632 quoque
1401 1560 1541 1618 subueniri
1565 1561 1678 1634 debeat,
1705 1565 1753 1634 qui
1771 1577 1800 1618 rs

311 1654 442 1709 alterutro
460 1667 526 1708 ceso
544 1667 602 1706 rem
620 1651 778 1707 omnlmcdo
796 1649 939 1706 habiturus
957 1655 1009 1704 est

253 1737 293 1797 85
363 1742 441 1797 inurr
464 1740 534 1797 libro
555 1740 697 1810 trigesimo
720 1739 920 1809 quaestionum.
958 1736 987 1793 Si
1010 1743 1101 1793 metus
1124 1753 1210 1794 causa
1233 1738 1315 1794 adeat
1338 1737 1436 1810 eliquit
1454 1737 1559 1794 heredi·
1578 1735 1753 1826 Q
1770 1749 1798 1804 Ρ

310 1835 404 1900 tatem,
422 1829 471 1885 het
488 1835 527 1900 ut,
546 1830 612 1899 quia
628 1829 731 1884 inuitus
749 1829 828 1884 heres
846 1829 955 1896 existet,
974 1826 1055 1882 detur
1072 1827 1229 1882 abstinendi
1247 1826 1372 1882 facultas.

252 1916 293 1975 86
363 1921 441 1976 Iners
458 1918 527 1974 libro
545 1922 624 1973 sexto
643 1933 846 1988 responsorum.
883 1916 1041 1972 Pannonius
1054 1916 1154 1970 Auitus
1173 1931 1234 1972 cum
1253 1916 1280 1972 In
1294 1916 1391 1972 Cilicia
1402 1920 1561 1986 procuraret
1578 1911 1752 2000 Q
1770 1927 1798 1980 Ρ

310 2009 390 2064 heres
411 2009 553 2064 institutus
576 2013 640 2062 ante
664 2008 722 2061 ulta
740 2006 910 2072 decesserat,
935 2019 1017 2074 quam
1037 2003 1165 2060 heredem
1184 2019 1214 2059 se
1232 2005 1387 2060 institutum
1406 2010 1594 2076 cognosceret.
1621 2005 1686 2075 quia
1703 2003 1752 2060 bo·
1771 2021 1800 2062 ao

310 2113 406 2154 norum
424 2097 640 2167 possessionem,
665 2111 747 2166 quem
765 2098 927 2164 procurater
944 2095 1004 2150 eins
1023 2093 1154 2163 petierat,
1178 2092 1293 2150 heredes
1309 2094 1387 2150 Auiti
1406 2101 1494 2149 ratam
1512 2093 1613 2149 habere
1629 2109 1686 2150 non
1703 2109 1753 2164 po·

310 2191 431 2253 tuerent,
452 2201 487 2240 ex
505 2199 623 2255 persone
640 2182 762 2240 defuncti
780 2183 979 2239 restitutionem
998 2183 1027 2236 in
1044 2182 1181 2251 integrum
1196 2175 1396 2252 'implorabant
1418 2197 1490 2254 quae
1507 2183 1603 2239 stricto
1620 2183 1679 2238 iure
1697 2197 1753 2239 non

310 2276 454 2344 competit,
478 2275 543 2343 quia
565 2273 646 2328 intra·
661 2273 732 2328 diem
757 2273 885 2328 editionis
902 2271 1004 2326 Anium
1025 2269 1137 2327 obisset
1168 2269 1262 2326 diuum
1280 2276 1373 2328 temen
1391 2271 1470 2327 Pium
1503 2285 1531 2332 ci.
1540 2283 1652 2346 cipiet
1660 2297 1695 2346 pr.
1703 2283 1753 2330 iat

311 2369 406 2420 cerua
428 2363 602 2418 constituIsse
620 2362 777 2418 Maecianus
801 2361 870 2416 lilrro
888 2360 1078 2430 quaestionum
1101 2357 1184 2414 refert
1202 2359 1230 2414 in
1248 2375 1295 2429 eo,
1319 2361 1365 2430 qui
1384 2361 1529 2430 legatIonis
1547 2377 1632 2416 cause
1649 2361 1753 2415 Romae

311 2457 371 2507 erat
393 2457 422 2507 et
445 2449 544 2520 lilium,
568 2452 615 2520 qui
637 2452 732 2506 matris
749 2450 868 2506 delatam
887 2447 1107 2519 possessionem·
1126 2446 1226 2502 absens
1245 2449 1388 2519 emiserat,
1413 2449 1472 2505 elne
1489 2453 1617 2520 respectu
1635 2449 1694 2504 eius
1712 2449 1753 2504 di·
1771 2465 1800 2506 re

311 2541 465 2596 stinctionis
491 2541 691 2596 restitutionem
718 2540 807 2594 iocum
831 2537 940 2593 hahere.
971 2535 1045 2614 quod
1068 2541 1097 2591 et
1119 2536 1164 2591 hic
1186 2536 1362 2593 humanitatis
1385 2539 1475 2608 gratie
1496 2537 1675 2609 optinendum
1700 2541 1752 2592 est

280 2635 290 2680 1
311 2631 361 2684 liei
378 2627 570 2698 perduellionis
588 2627 768 2684 hereditatem
780 2641 915 2697 suspensa
927 2625 1083 2696 cognitione
1094 2623 1167 2680 fliius
1179 2626 1376 2696 emancipatus,
1395 2627 1440 2682 eui
1452 2627 1486 2682 de
1498 2627 1584 2698 patris
1595 2625 1754 2682 innocentia

279 2728 293 2772 a
311 2719 404 2788 qunet‚
422 2722 516 2788 potest
533 2731 674 2786 quaerere.
710 2718 763 2772 Pro
782 2715 882 2772 herede
900 2716 1020 2784 gessisse
1038 2713 1123 2770 filium
1141 2715 1258 2786 placuit,
1277 2715 1324 2786 qui
1342 2716 1461 2772 moriens
1479 2720 1619 2786 comperto
1636 2719 1753 2770 matrem

311 2821 390 2864 suem
408 2807 539 2862 intestato
555 2807 615 2862 uita
632 2805 785 2860 decessisse
804 2803 935 2860 codicillis
952 2804 1023 2874 petit
1040 2803 1076 2860 ah
1095 2803 1196 2859 herede
1214 2817 1273 2874 sno,
1292 2809 1324 2860 ut
1341 2810 1525 2860 maternorum
1544 2803 1677 2861 bonorum
1696 2819 1752 2860 ser·

311 2911 378 2952 unm
397 2897 601 2952 manumitteret
617 2911 651 2950 ae
668 2893 722 2950 sibi
739 2893 952 2964 parentibusque
970 2892 1028 2947 suis
1040 2892 1068 2947 in
1079 2892 1253 2962 possessione
1264 2893 1359 2948 matris
1371 2897 1577 2949 monumentum
1590 2897 1751 2949 exacueret
1771 2908 1800 2950 so

254 2981 293 3041 87
365 2986 443 3040 inan
459 2983 529 3040 libro
547 2982 654 3038 decimo
672 2997 874 3054 responsorum.
904 2981 976 3036 Eum
994 2979 1074 3036 bonis
1085 2981 1172 3051 patuis
1184 2995 1215 3036 se
1227 2981 1342 3036 mIscsre
1355 2981 1492 3051 conuenit,
1511 2982 1559 3052 qui
1575 2976 1751 3064 [effusus
1768 2989 1797 3045 Ρ

311 3079 416 3128 remoto
438 3072 557 3128 familiae
579 3073 689 3128 uinculo
712 3088 762 3142 pro
784 3070 884 3126 herede
901 3084 998 3140 gerere
1015 3069 1133 3124 uidetur.
1161 3074 1189 3124 et
1206 3069 1269 3125 ideo
1286 3067 1371 3140 filius,
1396 3070 1443 3139 qui
1460 3075 1601 3140 tamquam
1619 3085 1654 3125 ex
1671 3069 1751 3126 bonit

312 3163 415 3232 matris,
434 3163 512 3217 euius
530 3161 709 3218 heredItetem
728 3161 858 3231 sriscepit,
878 3175 976 3228 agrum
996 3157 1032 3213 ad
1049 3157 1228 3213 hereditatem
1246 3153 1532 3228 petria'psrtinentbm
1551 3164 1583 3213 ut
1598 3162 1751 3213 maternum

311 3251 441 3321 ignorans
458 3251 590 3320 possedit,
608 3249 763 3306 abstinendi
781 3249 931 3317 consilium,
950 3247 1024 3317 quod
1042 3248 1070 3302 in
1088 3246 1168 3304 bonis
1185 3247 1271 3316 patris
1283 3248 1380 3318 tenuit,
1399 3249 1555 3304 amississe⁴
1567 3261 1622 3302 non
1634 3247 1751 3302 uidetur.

279 3348 291 3392 ι
311 3339 432 3410 Pupiiiis,
450 3353 520 3408 quoa
537 3340 641 3410 placuIt
657 3338 786 3396 oneribus
804 3337 975 3394 hereditariis
987 3351 1049 3392 esso
1060 3335 1225 3404 liberandos,
1243 3334 1372 3391 confusas
1383 3337 1505 3391 actiones
1517 3335 1624 3392 restitui
1636 3340 1752 3406 oportet
1770 3353 1799 3395 se

255 3423 294 3482 88
365 3429 484 3484 Pnunus
506 3428 575 3484 libro
600 3429 687 3498 primo
711 3428 912 3498 qnaestIonum.
949 3425 1026 3482 Gerit
1042 3439 1092 3494 pro
1110 3424 1220 3494 herede,
1238 3425 1286 3494 qui
1304 3425 1395 3480 animo
1415 3424 1559 3494 adgnoscit
1577 3419 1751 3508 Q
1768 3435 1796 3490 Ρ

312 3518 530 3586 successionem,
555 3517 619 3572 iicet
642 3515 709 3572 nihil
731 3517 850 3586 attingat
872 3513 1074 3570 hereditarium.
1106 3513 1180 3568 unde
1203 3518 1232 3570 et
1253 3513 1277 3568 si
1301 3511 1411 3568 domum
1433 3513 1541 3583 pignori
1563 3513 1655 3568 datam
1680 3514 1753 3568 sicut

312 3605 504 3661 hereditariam
527 3605 653 3674 retinuit,
680 3606 759 3660 cuins
781 3604 922 3674 possessio
944 3602 1122 3674 qualisqualis
1145 3599 1198 3656 init
1219 3602 1248 3656 in
1271 3601 1436 3671 hereditate,
1459 3617 1509 3672 pro
1533 3601 1633 3658 herede
1655 3617 1768 3672 gerere

312 3694 434 3750 uidetur:
453 3693 582 3763 idemque
599 3699 643 3749 est
660 3697 689 3748 et
706 3694 729 3748 si
747 3694 863 3748 alienam
881 3707 939 3747 rem
956 3695 989 3746 ut
1005 3689 1197 3748 hereditariam
1216 3689 1392 3760 possedisset
1769 3709 1798 3750 ss

254 3779 294 3838 89
364 3781 525 3838 semrom
542 3781 611 3838 libro
624 3782 710 3837 ¹tertio
728 3781 835 3837 decimo
853 3781 1054 3850 quaestionum.
1091 3788 1101 3847 ΙΙ
1116 3779 1146 3836 si
1164 3781 1283 3850 pupillus
1301 3795 1331 3836 se
1348 3779 1499 3835 hereditate
1512 3779 1558 3836 eir-
1590 3790 1617 3838 n.
1626 3791 1664 3846 ec,
1674 3791 1711 3845 ιι,
1720 3791 1751 3838 so
1768 3791 1796 3846 P
1809 3794 1825 3840 i.
1836 3786 1890 3841 481⁹

312 3871 426 3939 sdneat,
449 3869 662 3926 succurrendum
687 3875 730 3926 est
753 3873 781 3925 et
804 3867 1010 3924 fideiussoribus
1032 3868 1068 3924 ah
1088 3883 1122 3924 ec
1140 3868 1227 3940 datis,
1251 3870 1275 3924 sl
1293 3883 1327 3924 ex
1345 3865 1509 3924 hereditario
1527 3853 1751 3924 ccnfflu'c'offi

311 3959 477 4014 uenirentur.

312 4064 536 4136 HWDQEw)

314 4219 321 4252 ¹
342 4231 377 4270 sn
395 4216 442 4269 dei.
467 4219 502 4280 (a.
515 4223 547 4270 l:
575 4215 765 4286 Byairershosi)
838 4215 849 4248 ²
874 4215 920 4283 qui
943 4213 1004 4284 suit]
1029 4230 1095 4270 suus
1119 4215 1184 4271 uel?
1255 4215 1266 4250 ¹
1290 4215 1403 4272 absente
1427 4219 1505 4286 petre
1529 4213 1673 4270 admittere
1696 4229 1751 4270 nou

312 4291 441 4356 potuerat
459 4295 505 4342 tar.
525 4289 569 4360 (cs.
582 4287 597 4340 l.
610 4287 645 4340 30
655 4305 696 4358 pr.
709 4285 734 4338 l.
747 4287 776 4350 t.)
848 4287 858 4318 ⁴
877 4285 1021 4342 omisisse?

313 4434 644 4506 dpcseit1fflQ‘,non
666 4437 755 4506 possit
770 4435 882 4500 WEIO,
907 4445 956 4492 ine.
969 4435 1006 4502 Q·
1058 4436 1215 4506 28placuit]
1230 4437 1369 4506 plaeetii·
1407 4435 1574 4506 29seruum}
1589 4451 1700 4491 sucrum
1712 4437 1752 4490 F·

313 4507 485 4576 3uniuereo]
510 4508 684 4562 uniusreatur
708 4507 744 4562 F·
797 4505 873 4562 tue
894 4513 1005 4578 porte*-
1059 4509 1094 4562 30
1111 4508 1313 4578 possessiouem
1332 4508 1373 4574 Fi
1388 4511 1560 4562 exstrueret
1577 4507 1614 4561 ι’
1656 4508 1692 4562 32
1709 4521 1750 4562 re-

313 4579 386 4634 tione
405 4581 443 4633 Ρ
496 4581 617 4633 dictam
635 4579 680 4647 aa]
700 4579 777 4642 F’E,
800 4583 886 4634 tutem
905 4595 941 4634 an
960 4578 1004 4643 Ρ,
1059 4585 1134 4635 moto
1152 4577 1271 4634 familiae
1288 4579 1407 4648 uinculo]
1429 4577 1515 4633 iacias
1533 4579 1624 4643 ιιοιῶιι,
1645 4578 1692 4633 dee
1710 4577 1748 4634 tat

313 4653 449 4706 totumue
463 4649 710 4715 illectamentis
726 4653 812 4704 mum
825 4649 1005 4706 hereditatem
1058 4649 1184 4712 ὲιωτικοῨ
1215 4650 1306 4714 sitires
1341 4647 1482 4720 ἔιχείρκοιιι
1514 4651 1687 4719 shupououiac
1723 4651 1751 4704 B

313 4727 362 4776 aut
380 4723 444 4784 DC,
468 4725 554 4776 iotam
578 4721 757 4776 hereditatem
782 4720 810 4774 lu
834 4722 860 4776 I:
885 4722 948 4778 duos
972 4722 1005 4776 τὸ
1059 4721 1171 4794 (Trpue.)
1192 4723 1197 4788 ι
1218 4720 1374 4776 uide‘re'tur
1392 4722 1430 4774 F*
1485 4721 1520 4775 34
1539 4719 1694 4776 amia's'isse
1715 4721 1750 4773 F’

314 4791 1010 4934 iirruuaaeuuauicitur
1057 4791 1573 4938 hirsfimruuhuu

313 4933 562 5004 nend'nm'hielli‘
585 4933 766 4992 tdahitusiit
788 4935 1002 5012 recapessat*
