3608 5302
770 155 900 224 uxum

137 331 205 402 longe
226 331 341 388 ninonnt
364 332 484 404 oph'mos
511 347 580 404 quoe
603 331 736 390 habemus
759 331 893 390 losortiatl
920 337 948 389 et
969 333 1041 392 Noui
1068 335 1106 401 (ιι.
1124 349 1152 405 p.
1169 315 1341 403 XXXXVI),
1368 347 1452 390 enum
1478 338 1553 390 eorte

136 453 216 496 eorum
236 437 280 496 sui
297 439 408 510 generis
424 440 687 511 praestantissimum
707 440 797 511 delegi
814 441 928 513 eiusque
946 441 1050 498 uariam
1072 439 1216 498 lectionem
1235 439 1309 496 edidi
1330 455 1385 497 non
1402 455 1464 498 moo
1482 439 1552 498 arbi·

136 545 177 602 trio
199 545 344 617 seleetam,
365 545 415 602 sed
438 545 477 602 ita
499 546 674 619 dispositam,
698 551 730 604 ut
747 548 836 604 ouiuie
859 547 894 604 de
912 549 972 604 eius
989 547 1080 604 indole
1102 547 1156 618 ipsi
1178 546 1299 604 iudiearo
1322 547 1425 604 lioeret
1458 551 1553 604 oontm
1613 541 1616 550 ’

137 666 212 722 nequa
234 652 307 708 idom
332 651 463 723 perfluere
486 653 602 710 eusdnui
625 654 709 710 etiam
730 655 759 710 in
782 652 924 712 Iniortiato
946 658 975 711 et
992 655 1086 726 Nouo,
1109 669 1224 726 quorum
1245 654 1355 712 oodioes
1377 653 1552 712 secundarios

136 773 178 815 nou
203 757 341 816 habebam
368 759 421 815 nisi
447 759 569 816 Parisino
595 759 702 818 Ueteris
732 762 813 833 longe
843 760 997 832 inferiores,
1026 777 1116 833 neque
1143 761 1171 816 iu
1198 760 1298 819 Uetere
1321 762 1413 834 plures
1439 761 1552 819 retundi

135 864 223 921 ordinis
240 864 326 922 libros
344 867 425 937 plene
448 865 571 923 oonierre
593 872 622 923 ot
646 867 759 924 mendas
783 869 888 925 mendis
910 869 1062 940 cumulare,
1086 869 1247 940 praesertim
1270 885 1419 926 numurus
1441 884 1486 926 mo
1504 868 1551 927 do·

24 1021 25 1026 ,
134 973 224 1028 ouhset
246 973 384 1043 quidquid
406 974 472 1030 utile
493 973 613 1031 habeant
634 975 742 1032 oodioes
769 990 803 1032 ox
828 975 849 1031 S
871 976 1015 1047 propagati
1041 977 1240 1047 repraesentari
1265 974 1334 1033 libro
1355 975 1493 1047 Parisino,
1518 989 1552 1032 ea

133 1084 212 1136 sutem
230 1094 305 1151 quoe
322 1080 419 1150 reliqui
435 1079 496 1137 libri
518 1086 674 1152 proponunt
696 1081 749 1138 subi
770 1082 894 1154 proprie,
917 1081 946 1138 id
969 1087 1013 1138 est
1034 1081 1145 1138 diuersa
1166 1099 1184 1138 a
1201 1081 1357 1139 Florentino
1374 1083 1551 1154 Parisinoque

132 1185 373 1258 mandentibus,
397 1191 457 1244 tuto
480 1189 580 1259 sperui.
611 1189 704 1258 itaque
721 1189 932 1246 Bononiensium
955 1187 1084 1246 librorum
1108 1189 1218 1246 unitum
1237 1189 1389 1260 Parisinum
1406 1189 1487 1261 plene
1504 1204 1550 1246 ox·

125 1292 209 1362 mesi,
232 1299 379 1364 praeterea
395 1309 462 1351 uero
479 1309 514 1350 ox
532 1293 689 1352 melioribus
711 1294 864 1367 quibusque
887 1294 962 1352 libris
985 1311 1040 1351 non
1063 1295 1169 1364 multis,
1192 1295 1242 1352 sed
1267 1311 1329 1354 oum
1353 1311 1419 1352 oura
1442 1295 1552 1353 selentia

121 1399 200 1456 attuli
217 1413 292 1470 quae
311 1400 347 1456 ed
364 1415 421 1456 rem
439 1399 530 1458 fanore
548 1401 720 1458 uidebantur.
752 1418 815 1458 nam
834 1402 944 1458 omnino
961 1402 1035 1459 iusta
1052 1407 1193 1458 suetorum
1211 1402 1383 1474 antiquorum
1402 1402 1552 1473 roeognitio

111 1503 148 1562 in
165 1521 201 1562 eo
219 1507 352 1576 uertitur,
375 1511 406 1564 nt
423 1522 458 1563 ex
475 1507 550 1564 libris
568 1509 615 1579 qui
634 1513 730 1566 armni
747 1509 843 1580 optimi
861 1509 962 1580 quique
980 1507 1149 1580 deligantur,
1167 1525 1263 1581 parum
1281 1509 1362 1566 utiles
1379 1509 1423 1566 uel
1441 1509 1552 1566 inutiles

105 1613 215 1682 pmoul
233 1611 401 1685 habeantur,
424 1629 490 1670 uere
507 1616 589 1672 utiles
606 1616 687 1694 plene
704 1621 733 1672 et
753 1615 898 1688 diligenter
916 1615 1103 1686 excutiantur,
1126 1629 1181 1672 non
1199 1620 1231 1671 ut
1247 1631 1283 1672 ex
1299 1614 1374 1672 libris
1393 1631 1474 1687 quarn
1492 1615 1551 1688 plu·

99 1719 196 1776 rimie
215 1720 326 1792 potiora
341 1735 412 1792 quae
430 1721 485 1777 sint
503 1721 683 1778 uideantnruo
701 1722 859 1779 allerantur.
889 1726 963 1778 oerte
980 1722 1056 1793 longi
1078 1721 1116 1778 illi
1139 1722 1289 1778 litterarum
1313 1722 1490 1794 singularium
1509 1737 1551 1780 or·
1598 1783 1600 1790 ,

97 1824 214 1898 dines,
238 1841 310 1896 quoe
327 1828 394 1883 artie
413 1827 523 1886 oritioue
540 1843 606 1885 uero
624 1830 702 1900 gnari
719 1833 775 1885 tam
794 1833 983 1900 expauesount
1004 1844 1086 1900 quam
1110 1833 1300 1900 contemnunt,
1324 1827 1360 1886 ab
1382 1829 1416 1886 iis
1434 1829 1552 1886 maxims

91 1929 344 2005 flammantur,
368 1935 415 2006 qul
432 1949 494 1990 oum
513 1935 631 2006 impares
649 1935 705 1992 sint
722 1936 864 2007 seripturis
887 1941 962 1993 reete
984 1935 1161 1992 aestimandis
1183 1941 1212 1992 et
1229 1934 1322 2008 probis
1340 1935 1517 2007 segregandis
1535 1951 1553 1992 a

89 2039 298 2111 uulganbus,
321 2041 395 2097 inani
417 2041 535 2112 quadam
554 2047 584 2098 et
600 2040 693 2098 iuoata
711 2043 853 2114 diligentia
874 2043 941 2100 artie
962 2043 1143 2114 ignorantiam
1161 2047 1190 2101 et
1207 2043 1300 2100 iudioli
1318 2041 1487 2100 debilitatem
1511 2047 1551 2099 te·

86 2151 191 2216 gunt
208 2148 248 2202 ita
265 2146 350 2204 libros
368 2154 482 2219 agentes
500 2148 537 2205 ad
553 2149 681 2206 lentorem
705 2153 737 2206 ut
760 2165 794 2206 ex
812 2150 877 2207 ouili
894 2165 1003 2222 peoora.
1036 2150 1156 2208 omnium
1178 2164 1244 2206 uero
1267 2149 1385 2206 maxime
1408 2150 1437 2206 ln
1460 2164 1551 2222 opere,

85 2253 209 2324 qualia
232 2253 286 2310 boo
309 2259 366 2325 eet,
389 2259 418 2311 et
440 2255 545 2326 ingenti
567 2261 596 2312 et
612 2257 653 2313 ita
669 2261 841 2328 comparato,
864 2261 896 2314 ut
918 2257 946 2313 in
968 2256 1148 2314 deseribendo
1169 2253 1297 2313 iaoillime
1319 2255 1445 2312 librarius
1468 2256 1551 2312 etiam

87 2361 226 2429 peritus
245 2365 274 2416 et
290 2361 431 2418 modestus
448 2361 564 2433 labatur,
583 2363 736 2420 cauendum
754 2369 797 2420 eet
813 2379 848 2420 no
866 2364 945 2420 testis
962 2363 1122 2420 admittatur
1136 2369 1245 2436 praetor
1256 2365 1456 2420 nenessitatem.
1485 2378 1551 2434 quo·

91 2473 234 2540 proptor
251 2483 314 2524 oum
333 2467 403 2525 hano
420 2484 532 2540 operam
550 2470 732 2542 sueoiperem,
751 2485 812 2526 eam
829 2470 855 2526 ei
871 2470 961 2542 legem
979 2469 1057 2542 dedi,
1078 2475 1110 2526 ut
1127 2469 1162 2526 ab
1180 2471 1240 2542 ipeo
1257 2470 1321 2527 inde
1338 2470 1471 2541 prinoipio
1488 2470 1553 2526 uela

100 2574 311 2632 eunusherem
329 2579 359 2632 et
374 2575 403 2630 in
421 2581 554 2647 apparatu
571 2576 738 2633 instituendo
756 2577 827 2634 intra
841 2577 950 2646 oodiooe
962 2577 1057 2633 striato
1069 2577 1127 2634 iure
1139 2578 1307 2635 neeessarioe
1320 2592 1364 2635 me
1376 2577 1551 2648 continerem,

105 2681 207 2738 nimia
223 2687 317 2740 antem
336 2686 365 2739 et
382 2697 554 2754 superuacua
570 2683 711 2740 euitarsm.

177 2895 304 2952 Diximus
321 2895 357 2952 de
374 2896 543 2967 digestorum
561 2895 636 2952 libris
654 2901 729 2953 reolo
747 2896 924 2953 aoedmandis
941 2901 970 2952 et
987 2895 1162 2954 adhibendis:
1183 2901 1318 2969 superest,
1335 2901 1368 2953 nt
1385 2912 1500 2968 agarum
1517 2895 1552 2954 de
1576 2909 1712 2956 bruscorum

122 3000 319 3090 interpretibus
335 3002 456 3074 Graecis,
474 3004 578 3060 scilieet
594 3021 645 3075 pro
662 3004 743 3060 huius
760 3003 887 3061 editionis
905 3004 1010 3061 ratione
1028 3009 1057 3060 et
1067 3001 1243 3076 praefationis
1255 3003 1374 3075 modulo,
1392 3020 1455 3061 nam
1467 3005 1553 3061 totius
1570 2973 1719 3081 ffatim

128 3110 292 3177 drudonis
314 3110 513 3166 enarrationem
537 3115 566 3166 ot
588 3112 633 3166 alii
657 3113 851 3180 suseeperunt¹
870 3124 958 3181 neque
976 3110 1056 3166 huius
1073 3112 1126 3168 loti
1143 3115 1194 3167 eet.
1214 3139 1247 3151 -
1267 3110 1412 3168 Ueraionen
1430 3110 1552 3168 Graooae
1581 3097 1703 3144 mim

132 3213 292 3286 digestum
318 3217 377 3287 nel,
408 3220 440 3272 nt
465 3217 538 3288 apud
563 3217 714 3290 Bysnntioe
740 3217 924 3288 appellentur,
953 3215 1070 3273 landono
1093 3218 1268 3274 innotuerunt
1289 3217 1461 3289 potissimum
1485 3221 1550 3288 tres,

134 3335 219 3378 onnes
235 3321 326 3379 inemo
344 3327 468 3395 tempore
484 3324 634 3381 Iustiniano
653 3324 697 3380 uel
715 3327 790 3380 oerte
807 3323 917 3380 saooulo
935 3328 1029 3396 sexto,
1049 3325 1132 3396 plena
1148 3340 1217 3396 noa,
1234 3325 1306 3380 duae
1324 3323 1551 3396 oompendieu'ae.

135 3427 206 3498 olem
222 3445 257 3486 ea
274 3435 326 3500 est,
344 3445 427 3501 quam
444 3430 564 3488 indioaui
582 3429 646 3487 alibi
664 3429 717 3488 sub
735 3433 844 3488 nomine
861 3431 909 3495 roi
927 3431 1067 3503 pairarat
1086 3430 1151 3487 alibi
1168 3429 1220 3488 sub
1238 3431 1347 3488 nomine
1364 3429 1496 3502 Stephani
1507 3430 1552 3486 uel

136 3533 269 3592 Dorothei:
293 3537 399 3592 soilioet
418 3537 446 3592 iu
464 3552 498 3593 ea
513 3543 592 3608 purte
610 3537 793 3608 digestorum,
817 3553 899 3609 quam
917 3539 1044 3610 Byzantii
1062 3543 1249 3594 anteeeseores
1266 3536 1375 3608 poblite
1392 3539 1551 3608 iuterpreta-

135 3637 222 3699 bantur
239 3641 316 3710 (uide
334 3643 537 3715 p.v11.v111),
558 3659 620 3699 eam
637 3643 770 3700 babemus
787 3661 849 3700 raro
866 3644 954 3701 torma
971 3646 1111 3716 pristina⁸,
1128 3645 1288 3715 plerumque
1305 3644 1434 3701 insertam
1452 3643 1553 3700 sobolis

136 3744 332 3820 septimanis*
349 3749 464 3806 adiectis
481 3750 542 3806 eius
558 3750 841 3823 interpretationibus,
864 3751 963 3823 quibus
985 3751 1087 3823 passim
1106 3751 1183 3823 ipsae
1201 3750 1355 3808 auditorum
1378 3751 1553 3822 quaeetionea

179 4033 349 4087 ¹Nouissime
372 4051 427 4086 eam
451 4036 615 4103 pertraotauit
635 4035 814 4088 Hoimbaehius
837 4037 863 4089 in
888 4037 929 4090 ed.
944 4036 1108 4090 Baeilioorum
1130 4035 1210 4089 uohb
1231 4036 1355 4104 pedesq.
1461 4035 1473 4070 ²
1496 4033 1552 4087 Hoo

136 4123 246 4176 rombulo
264 4124 343 4176 noemi
362 4133 476 4176 auctores
494 4141 550 4178 oum
568 4124 666 4178 soleant
684 4125 826 4193 significare
844 4127 984 4179 mersionem
1002 4141 1174 4194 quameunque
1191 4143 1242 4178 non
1261 4123 1551 4192 splendentem.

135 4207 158 4262 Β.
169 4211 209 4275 60,
221 4213 248 4276 3,
261 4211 297 4264 27
315 4213 368 4264 seb.
381 4213 428 4264 25:
446 4214 591 4284 upooaeirar
611 4213 649 4268 sic
666 4213 698 4269 rb
715 4213 814 4269 ula'roc
827 4255 901 4270 .....
914 4215 993 4277 τοῨτο
1012 4215 1042 4269 h'e
1060 4215 1092 4269 rb
1110 4214 1175 4269 edna
1191 4214 1267 4268 neira·
1281 4211 1310 4267 ὲκ
1322 4212 1353 4284 τῇ
1366 4211 1414 4274 τοῨ
1426 4211 1551 4283 Κγρίλλογ

135 4293 231 4366 {moeso
251 4300 285 4364 οῨ
303 4299 355 4354 uiro
374 4299 404 4356 δὲ
424 4301 461 4356 sai
480 4300 509 4356 ἐκ
528 4303 568 4370 τῷ
586 4301 744 4372 Ἀκωιιΐιιῳι
763 4303 836 4372 plura
852 4305 1031 4358 Heimbaehius
1050 4303 1066 4355 6
1084 4322 1110 4372 p.
1123 4303 1164 4369 6),
1183 4295 1285 4370 egoibi
1302 4319 1333 4354 eo
1350 4319 1410 4354 usus
1428 4319 1491 4364 sum,
1509 4301 1553 4353 nbi

134 4387 233 4445 indicus
251 4391 321 4445 uolui
338 4392 569 4458 interpretationem
587 4394 694 4446 auotoris
712 4411 762 4446 non
780 4395 841 4446 satie
859 4395 933 4458 corti,
958 4395 1000 4461 qui
1017 4394 1092 4462 plene
1116 4393 1215 4460 digesta
1237 4391 1363 4454 uertieret,
1386 4391 1439 4442 siue
1457 4390 1479 4441 is
1496 4389 1550 4442 Do·

133 4481 222 4534 rothaus
246 4481 296 4536 iuis
318 4481 372 4533 siue
396 4480 539 4548 Stephanus
563 4483 617 4535 eiue
641 4481 704 4536 aliua
728 4483 859 4550 quispiam.
966 4483 978 4518 ⁸
1001 4483 1056 4534 Hoc
1079 4481 1164 4534 euenit
1186 4481 1224 4534 D.
1240 4481 1271 4545 9,
1291 4480 1376 4533 1-3.
1399 4479 1446 4544 11,
1464 4479 1551 4534 3-6.

132 4565 166 4633 22,
181 4571 276 4635 3-6,
301 4570 345 4622 uhi
363 4570 536 4623 delinientibus
554 4571 732 4639 Stepbauianie
756 4573 782 4624 in
805 4589 890 4625 eorum
911 4573 992 4625 loeum
1015 4571 1151 4623 euooedunt
1167 4570 1338 4623 Dorotboana.
1364 4577 1495 4636 praeterea
1519 4567 1552 4619 ad

132 4657 275 4726 digestorum
293 4659 371 4712 libros
393 4659 505 4712 12-15
524 4661 699 4714 adnotationes
717 4661 817 4729 quidem
834 4662 1022 4730 Stephaniunae
1038 4661 1132 4713 multae
1150 4659 1318 4722 inueniuntur,
1339 4658 1384 4710 sed
1402 4675 1458 4709 enm
1475 4673 1550 4708 enar-

130 4751 215 4803 ratione
233 4751 319 4804 usreio
339 4749 433 4801 defluit
461 4749 555 4802 seilicet
571 4749 630 4802 illae
647 4751 789 4818 adscriptae
806 4751 909 4803 fuerunt
926 4751 959 4802 ad
976 4758 1071 4802 textum
1083 4749 1199 4802 Latinum
1211 4749 1246 4816 (u.
1258 4765 1281 4800 e.
1294 4765 1316 4800 e.
1330 4747 1360 4799 B.
1374 4746 1415 4809 14,
1431 4747 1453 4807 1,
1466 4744 1500 4796 29
1512 4761 1551 4811 pr.

130 4847 151 4888 et
165 4841 256 4908 passim
274 4849 329 4892 tam
347 4857 394 4907 per
412 4855 470 4891 eum
486 4839 584 4892 titulum
602 4855 675 4905 quam
694 4839 764 4906 alibi)
782 4840 912 4907 potuitque
929 4840 1004 4908 igitur
1023 4839 1064 4906 qni
1082 4847 1230 4908 apparatum
1248 4837 1410 4890 Basilioorum
1427 4833 1552 4887 ordinauit

129 4943 164 4983 ear
180 4932 290 4996 babere,
314 4927 410 4982 subolis
433 4935 517 4981 autern
540 4928 650 4981 deotitui.
755 4928 767 4962 ⁴
791 4928 863 4992 Quae
886 4939 917 4982 ex
939 4927 1054 4982 mersione
1075 4927 1156 4998 petita
1175 4926 1294 4996 lspmtur
1310 4926 1379 4996 apud
1396 4925 1552 4994 Stephanum
