3608 5302
136 1585 262 1632 ltououieu·

134 1649 191 1694 sium
207 1649 268 1707 priu-

151 1723 205 1769 ceps
222 1725 248 1755 er

138 1771 268 1818 Florentino

140 1834 268 1894 descriptus

946 119 1046 190 LXVI

285 305 407 369 tempore
425 313 479 354 nou
498 298 610 354 multum
629 298 812 369 praecessisse
829 296 969 353 uidsstur:
992 310 1158 367 quamquam
1176 296 1263 353 codex
1280 295 1325 352 blc
1342 312 1396 354 non
1414 300 1470 352 tam
1487 295 1548 367 ipse
1565 294 1709 352 Secundus

286 403 394 460 uidetur
411 403 496 460 fuisse
513 405 664 460 communis
681 419 781 475 pareus
794 403 1007 460 Bononiensium
1024 403 1144 460 omnium
1163 418 1245 474 quam
1262 403 1326 459 iude
1343 403 1505 474 descriptus.
1531 402 1620 458 sodex
1637 402 1710 458 euim

286 511 435 582 Lipsiensis
458 517 487 567 et
509 512 568 582 ipse
590 527 625 567 ex
648 511 843 584 antiquissimis
864 511 992 566 immunis
1014 509 1072 566 iore
1094 510 1194 566 mansit
1215 508 1251 566 ab
1274 509 1348 565 uitiis
1369 509 1422 566 illis
1445 525 1480 566 ex
1502 508 1711 580 Langobardioa

286 618 421 688 scriptura
442 617 610 688 repetendis:
633 623 729 675 contrs
750 618 854 690 passim
878 616 952 688 apud
974 632 1037 674 euru
1055 616 1178 672 offendes
1195 616 1300 672 litteras
1316 638 1333 672 a
1351 621 1380 672 et
1397 617 1412 672 i
1430 621 1611 687 permutatas,
1635 613 1711 686 quod

286 739 374 795 genus
396 725 494 780 enoris
515 740 577 781 cum
595 740 651 782 uon
668 726 728 781 eius
744 725 846 780 saeculi
863 722 945 782 fucrit
962 738 1017 794 quo
1035 723 1123 780 codex
1140 724 1257 794 scriptus
1274 726 1330 794 est,
1354 723 1413 780 siue
1431 722 1514 780 dubio
1531 720 1712 794 proficiscitur

286 846 321 886 ox
345 831 478 902 scriptura
500 811 650 904 srolietypi.
677 831 804 888 uidentur
825 831 910 902 igitur
931 845 967 888 ex
984 831 1006 886 S
1023 830 1079 888 duo
1100 835 1174 887 certe
1191 830 1317 900 exempla
1337 830 1468 900 originem
1489 829 1620 900 emisse,
1644 829 1712 884 slte-

286 953 345 993 rum
368 938 604 1008 Langobardioum
627 939 706 1010 illud,
730 954 748 994 ι
771 953 825 1010 quo
848 937 970 1009 pendent
990 937 1080 1004 PVU,
1104 939 1218 994 alterum
1240 936 1417 1009 archetypum
1441 936 1605 1008 Lipsiensis,
1628 949 1712 1005 quern

286 1045 368 1100 etiarn
392 1046 419 1100 iu
442 1045 558 1102 lectione
580 1045 683 1116 passim
707 1046 826 1116 reperies
846 1045 999 1102 consentire
1017 1060 1078 1101 oum
1097 1045 1252 1102 Florentius
1269 1049 1364 1102 souma
1382 1043 1500 1113 reliquos
1517 1043 1712 1113 antiquiores1.

286 1155 406 1208 ceterum
425 1153 579 1208 accuratius
596 1152 709 1222 exsequi
727 1151 795 1208 haec
813 1152 896 1223 uolui,
914 1167 976 1210 curu
994 1151 1069 1222 quod
1086 1149 1165 1208 Facile
1182 1145 1279 1208 fallunt
1296 1153 1413 1219 (mature
1430 1151 1502 1206 euim
1517 1149 1579 1210 libri
1590 1149 1713 1220 digesto·

286 1274 346 1313 rum
369 1259 440 1314 iuter
461 1274 491 1314 se
509 1259 599 1315 colsti
616 1264 681 1314 snut
697 1259 882 1330 lectionesque
900 1259 1124 1329 contsmiustse),
1147 1261 1206 1314 tum
1225 1259 1343 1314 maxime
1360 1257 1434 1329 quod
1451 1257 1578 1328 exiguam
1596 1257 1657 1328 uel,
1680 1259 1714 1311 ut

285 1379 381 1421 uerum
399 1364 502 1436 dicam,
525 1366 626 1444 nullam
644 1365 788 1422 utilitatem
807 1365 909 1422 babent
926 1370 1037 1422 extsute
1060 1364 1129 1422 libro
1146 1365 1315 1422 Florentino:
1338 1380 1393 1436 quo
1416 1364 1440 1421 si
1463 1379 1618 1420 osreremus
1640 1376 1714 1434 quse

286 1470 454 1528 instituenda
471 1476 545 1528 esset
562 1473 732 1528 austeritatis
751 1473 912 1544 disceptatio
930 1470 1096 1543 difficillima,
1115 1471 1196 1528 hodie
1213 1469 1285 1528 felici
1302 1487 1369 1529 casu
1386 1485 1590 1542 superusosuea
1607 1474 1660 1526 est

338 1577 393 1634 Sed
411 1593 576 1650 quamquem
594 1579 689 1650 negari
706 1594 761 1636 nou
778 1583 871 1650 potest
888 1579 1044 1636 codicemS
1060 1594 1115 1636 nou
1132 1575 1218 1636 fuisse
1235 1579 1324 1650 ipsum
1337 1578 1531 1648 Florentinum,
1549 1592 1604 1634 non
1622 1575 1715 1632 minus

286 1689 394 1740 oonstm
417 1700 480 1741 eum
503 1700 538 1741 ex
558 1701 592 1742 eo
610 1685 777 1758 descriptum
795 1701 865 1744 esse.
897 1685 1015 1758 probunt
1031 1685 1083 1742 boc
1101 1686 1219 1756 primum
1235 1700 1414 1757 qusecuuque
1432 1683 1593 1755 indigestis
1611 1683 1715 1739 tradita

286 1789 418 1848 babemus
435 1797 545 1863 praeter·
561 1792 747 1849 Florentinum
765 1792 863 1850 librum
880 1795 964 1849 etism
983 1793 1019 1849 ab
1036 1793 1097 1848 aliis
1112 1793 1270 1850 Florentino
1288 1793 1450 1849 auctoritate
1467 1791 1588 1863 paribus,
1608 1789 1715 1846 scilicet

286 1900 316 1952 et
332 1898 427 1954 titulus
445 1897 538 1954 linium
557 1899 741 1970 regundorum
760 1900 869 1971 qualem
881 1899 992 1956 exhibet
1004 1915 1102 1970 corpus
1114 1901 1325 1970 gromaticcrum
1338 1904 1366 1956 et
1377 1899 1490 1956 laciniso
1502 1897 1713 1968 Nespolitanse:

286 2019 349 2060 usm
367 2019 546 2076 quaecunque
564 2007 623 2062 ueri
640 2005 669 2062 hi
686 1997 772 2064 testes
790 2007 818 2063 iu
830 2007 986 2064 Florentius
1003 2007 1120 2064 lectione
1134 2005 1282 2063 emendant
1294 2008 1368 2078 (up.
1378 2007 1472 2077 LIlll),
1490 2006 1520 2061 in
1530 2007 1564 2062 iis
1576 2004 1714 2062 ocdioisS

285 2125 407 2182 propago
431 2113 569 2183 eouspirst
591 2129 653 2170 curu
676 2115 841 2171 Florentius.
872 2113 972 2170 deiude
994 2113 1084 2172 histrus
1108 2115 1225 2172 msiores
1247 2113 1308 2170 libri
1331 2113 1478 2170 Florentiui
1501 2115 1595 2183 (supra
1611 2129 1639 2182 p.
1652 2111 1714 2178 LV)

286 2232 375 2288 neque
392 2219 421 2274 iu
433 2217 532 2276 Uetere
550 2235 639 2290 nequo
657 2221 685 2276 iu
702 2219 845 2278 Intortiato
862 2235 952 2290 neque
970 2221 998 2276 iu
1010 2221 1089 2278 Nouo
1107 2220 1143 2278 sb
1160 2221 1220 2277 sliis
1232 2219 1308 2277 libris
1319 2219 1474 2291 explentur:
1492 2219 1608 2276 mendae
1619 2223 1713 2274 autem

286 2325 357 2382 illius
384 2326 512 2382 minimae
535 2342 660 2398 quaeque
684 2332 712 2383 et
734 2328 922 2398 apertissimae
945 2327 1061 2384 redeunt
1082 2329 1186 2400 passim
1209 2329 1238 2384 in
1260 2327 1337 2384 libris
1359 2327 1472 2384 secundi
1495 2326 1598 2382 ordinis
1625 2338 1714 2396 eoque

288 2432 375 2502 magis
393 2432 516 2504 redeunt,
535 2449 589 2504 quo
606 2435 660 2506 ipsi
676 2433 738 2490 libri
754 2435 968 2505 praestantiores
986 2435 1075 2491 sunt’.
1101 2439 1159 2491 tum
1177 2434 1341 2505 quibusdam
1352 2435 1428 2504 locis,
1446 2433 1493 2490 ubi
1504 2433 1620 2505 pristina
1631 2432 1714 2487 lectio

287 2538 443 2596 Florentius
466 2538 501 2595 ab
524 2541 698 2598 emendatore
719 2555 864 2612 perperam
886 2546 992 2598 munta
1014 2546 1071 2613 ost,
1094 2541 1206 2598 secundi
1227 2541 1330 2598 ordinis
1350 2539 1411 2598 libri
1433 2541 1547 2598 esudesn
1567 2538 1714 2610 interpola·

287 2645 389 2702 tionem
412 2650 574 2718 resepernnt
594 2647 650 2716 (ita
671 2662 695 2704 e.
708 2663 732 2704 o.
751 2648 772 2720 l,
790 2649 851 2720 252,
865 2649 891 2704 5.
910 2649 971 2720 329,
985 2650 1027 2704 10.
1045 2649 1107 2720 468,
1120 2650 1184 2717 21);
1208 2648 1268 2704 sliis
1291 2649 1379 2718 iisque
1402 2649 1482 2719 longe
1505 2645 1642 2718 plnrrbus,
1665 2644 1715 2701 nbi

287 2753 316 2810 in
333 2753 488 2810 Florentino
511 2753 579 2810 libro
602 2753 687 2811 uerba
711 2753 846 2826 qusedsm
868 2760 943 2812 recte
967 2753 1076 2813 sublata
1096 2759 1236 2812 ιιιιιιιιιιο
1256 2759 1332 2827 suut,
1355 2755 1468 2812 alterius
1488 2754 1583 2811 classis
1604 2751 1716 2810 codices

289 3021 314 3071 in
334 3021 370 3073 P:
398 3028 467 3074 omni
489 3010 534 3090 (ei)
553 3023 579 3073 irr
597 3030 651 3077 eisc
669 3023 728 3093 (84)
746 3023 807 3086 490,
820 3022 855 3075 26
872 3023 898 3074 iu
917 3022 974 3079 PV
987 3024 1125 3091 similisque
1149 3024 1283 3092 complura.
1310 3023 1510 3091 frequentissimo
1527 3023 1589 3076 haec
1613 3021 1715 3075 suntin

289 3110 415 3176 primitius
438 3111 561 3177 scriptura
582 3112 746 3177 antiquissimi
768 3111 825 3164 libri
843 3113 874 3176 P,
898 3113 944 3164 sed
966 3115 1118 3180 perueniunt
1139 3115 1215 3166 etiam
1233 3113 1267 3165 ad
1283 3111 1339 3168 VU.
1369 3112 1507 3164 numeralis
1528 3113 1554 3164 in
1577 3112 1716 3178 archetypo

289 3199 355 3250 uotis
378 3199 518 3266 siguificsta
535 3200 612 3252 finisse
630 3201 706 3252 etiam
723 3201 771 3264 ibi,
795 3202 838 3254 ubi
855 3202 882 3252 in
899 3201 1014 3254 Parisino
1031 3203 1120 3255 litteris
1138 3204 1278 3270 perscripta
1296 3211 1367 3266 suut,
1385 3203 1480 3255 indicet
1496 3221 1520 3254 u.
1539 3219 1560 3254 c.
1573 3203 1594 3264 1,
1606 3203 1668 3264 498,
1679 3203 1716 3254 34

290 3289 386 3344 decimo
406 3297 492 3361 primo
515 3289 542 3342 P
562 3307 593 3341 ex
617 3308 698 3344 nono:
725 3289 820 3342 scilieet
841 3299 869 3342 ut
892 3298 939 3344 iiis
962 3308 1039 3358 saepe
1062 3292 1187 3359 significet
1208 3298 1282 3346 tertio
1306 3293 1415 3356 decimo,
1438 3292 1474 3344 its
1496 3291 1611 3344 librarius
1634 3309 1665 3343 ex
1689 3298 1717 3344 is

290 3377 352 3430 iliud
375 3379 464 3431 effecit.
485 3409 515 3416 -
540 3377 607 3430 Usus
629 3396 683 3430 sum
706 3379 731 3430 in
749 3379 887 3447 seripturse
906 3380 1092 3447 antiquissimae
1112 3398 1206 3448 genere
1224 3381 1367 3434 definiendo
1384 3381 1493 3434 consiliis
1511 3379 1717 3433 desiderstissimi

290 3467 363 3518 amisi
380 3468 451 3519 Istis.

344 3555 353 3590 ²
377 3555 432 3618 Sic,
455 3565 483 3607 ut
504 3573 580 3606 uuum
603 3555 744 3622 exemplum
768 3573 860 3623 ponam
881 3574 896 3609 e
914 3558 1036 3610 sescentis
1059 3575 1124 3625 quae
1147 3569 1247 3625 prsestc
1270 3567 1340 3620 sunt,
1364 3559 1385 3622 1,
1403 3557 1497 3622 235st
1520 3575 1576 3609 cunr
1597 3557 1624 3609 iu
1644 3557 1665 3608 F
1683 3556 1718 3608 sit

291 3629 469 3708 necinusdies,
498 3645 636 3711 Lipsiensis
663 3663 694 3696 es
721 3645 777 3711 ipss
803 3646 956 3698 traiectionis
985 3647 1059 3713 signs
1085 3647 1194 3699 inissem
1220 3657 1260 3700 est
1285 3649 1332 3700 rio:
1360 3633 1457 3719 irpiitss
1483 3633 1544 3701 diis.
1579 3647 1646 3698 idem
1669 3663 1717 3697 usu

291 3733 360 3784 uenit
377 3733 397 3794 1,
415 3732 476 3794 201,
496 3733 536 3786 18.
643 3733 654 3768 ²
677 3733 752 3785 Unde
773 3733 927 3802 intellegitur
950 3753 1024 3801 quam
1047 3745 1120 3788 caute
1143 3737 1303 3788 iudicandum
1326 3737 1359 3789 sit
1381 3737 1414 3788 do
1436 3753 1559 3788 consensu
1579 3733 1718 3788 Florentiui

290 3819 348 3871 libri
365 3837 421 3872 cunr
439 3831 510 3888 parte
529 3822 732 3875 Bononiensium.
759 3817 855 3875 seilicet
876 3841 932 3876 eum
956 3824 1044 3877 horum
1066 3825 1183 3893 princeps
1207 3844 1238 3877 ex
1256 3826 1401 3878 Florentino
1423 3824 1487 3876 libro
1512 3823 1652 3892 descriptus
1675 3825 1717 3887 sit,

292 3909 383 3960 deiude
401 3910 516 3978 exempls
534 3911 657 3978 quaedem
675 3928 705 3962 ex
724 3928 754 3963 eo
772 3921 912 3979 propsgata
930 3913 963 3965 ad
975 3913 1146 3966 Florentinum
1165 3915 1247 3967 denuc
1266 3923 1362 3976 exacta,
1380 3931 1515 3966 cousensus
1533 3913 1616 3965 redire
1633 3921 1719 3980 potest

292 4007 335 4049 sut
353 3999 386 4049 sd
404 4000 535 4066 pristinam
552 3999 747 4052 Bononiensium
769 3999 901 4053 lectionem
923 4010 1012 4068 postes
1033 4004 1175 4056 ooniecturs
1192 4013 1313 4056 mutatam
1330 4011 1374 4055 sut
1392 4003 1425 4054 sd
1442 4002 1563 4070 pristinae
1581 4002 1719 4068 scripturas

292 4104 401 4138 errorem
419 4087 543 4140 sublatum
555 4108 571 4140 s
582 4089 739 4156 recognitore
751 4090 895 4142 recentioris
907 4091 949 4142 uel
967 4093 1032 4144 adeo
1043 4093 1229 4146 recentissimos
1248 4093 1346 4145 aetatis.
1372 4109 1476 4158 quorum
1492 4091 1555 4142 illud
1573 4090 1719 4158 plerumque

291 4193 338 4228 usu
360 4176 430 4228 uenit
452 4177 478 4228 in
495 4178 593 4230 mendis
610 4178 746 4231 minoribus
764 4178 820 4230 libri
839 4179 990 4243 Fiorenfiui,
1012 4181 1060 4233 hoc
1083 4183 1109 4234 iu
1127 4183 1274 4235 lectionibus
1292 4181 1346 4234 sius
1364 4181 1448 4247 probis
1467 4189 1493 4232 et
1509 4180 1584 4231 ueris.
1611 4179 1720 4246 exempli

292 4265 533 4328 sauss1,185,ll
554 4286 585 4320 ne
593 4269 668 4339 forts
686 4275 823 4331 macerit,
847 4269 915 4334 quod
936 4279 976 4321 est
998 4271 1024 4321 iu
1046 4270 1110 4323 libro
1134 4271 1278 4323 Florentino
1301 4280 1328 4322 et
1349 4269 1597 4336 exABououisusibus
1619 4269 1645 4319 in
1668 4285 1719 4320 uno

292 4352 405 4405 Parisino
423 4373 439 4404 a
456 4354 537 4421 prima
554 4372 643 4418 ursnn,
666 4357 737 4407 uenit
754 4356 808 4407 siue
826 4356 902 4410 dnbio
920 4374 951 4410 ox
970 4359 996 4411 F
1007 4360 1033 4410 in
1053 4359 1074 4413 S
1091 4368 1118 4412 et
1134 4359 1194 4412 inde
1211 4361 1236 4411 in
1255 4359 1301 4424 Ρ·,
1324 4376 1380 4411 cum
1398 4358 1485 4424 reliqui
1503 4373 1587 4409 omues
1608 4356 1721 4408 habeant

292 4451 336 4493 snt
357 4461 387 4497 ιιι
402 4445 478 4514 sorte
500 4450 633 4498 cessarat
650 4461 681 4496 ex
698 4445 841 4497 coniectura
858 4463 920 4498 uers
942 4455 987 4499 sut
1003 4467 1062 4502 sssm
1076 4450 1152 4518 soris
1175 4455 1308 4504 ιιιιιιιιιιιιι
1329 4465 1361 4500 ex
1384 4449 1525 4514 coniectura
1544 4447 1626 4498 miuus
1643 4445 1719 4501 felici.

293 4540 380 4584 eontra
396 4531 417 4594 1,
438 4531 496 4595 192,
513 4531 547 4584 27
566 4550 612 4599 pro
630 4551 778 4604 opsoscsrs,
802 4535 870 4601 quod
893 4545 932 4588 sat
955 4536 981 4587 in
1006 4537 1038 4601 F,
1060 4553 1117 4589 sum
1133 4536 1306 4590 Bononienses
1328 4537 1480 4603 antiquiores
1502 4553 1588 4589 omues
1608 4536 1720 4586 habeant

292 4638 456 4691 copsorcsrc,
479 4638 510 4673 es
528 4621 601 4674 lectio
619 4622 719 4674 omniuo
736 4623 784 4674 luit
801 4624 827 4674 in
845 4622 866 4677 S
884 4643 934 4678 uon
952 4642 983 4676 ex
1002 4642 1086 4678 erroro
1103 4635 1176 4690 nats,
1194 4626 1241 4678 ssd
1258 4643 1289 4677 ex
1307 4626 1511 4693 iuterpoistione:
1534 4625 1601 4691 quod
1619 4625 1640 4676 si
1658 4624 1719 4676 Fle-

293 4709 393 4762 reutius
410 4709 484 4762 leutio
502 4710 575 4762 adest
592 4710 618 4762 in
635 4711 749 4777 margins
766 4711 859 4765 oodiois
870 4713 1008 4781 Lipsiensis
1026 4723 1053 4766 et
1069 4715 1096 4766 iu
1114 4715 1224 4768 editione
1236 4715 1428 4782 Koburgerians
1445 4734 1468 4768 s.
1483 4715 1550 4767 1482
1569 4715 1604 4781 (u.
1616 4713 1637 4776 1,
1650 4712 1720 4781 27⁰),

294 4814 324 4849 eo
344 4799 414 4850 uenit
434 4816 465 4850 ex
486 4799 656 4867 recognitione
680 4801 826 4867 posteriore.
853 4811 922 4856 oerto
944 4811 1028 4856 tsrneu
1051 4803 1114 4858 lines
1137 4805 1265 4871 utriusque
1287 4805 1387 4872 generis
1411 4803 1571 4858 determinari
1592 4809 1721 4868 nequount

289 4904 375 4951 nsque
392 4906 456 4954 opus
474 4898 513 4940 est
531 4890 735 4944 determinentur.
