3674 5362
121 212 166 258 oa
189 210 437 282 murmurabo,
790 185 876 268 365
1351 191 1410 260 XII
1432 195 1550 260 23-'1

120 363 171 406 uec
188 346 292 404 basma
308 348 426 406 adicitur
444 348 610 406 'condicione
627 347 740 405 delata':
764 364 828 406 nam
852 347 877 404 si
893 362 957 404 reus
974 347 1076 404 iurauit
1092 347 1201 406 neruine
1218 347 1244 403 ei
1261 347 1394 406 iusiuran·
1412 343 1550 431 Q
1569 357 1597 414 Ε

120 436 185 494 dum
203 436 353 508 deiemnte,
369 441 480 510 praetor
496 437 525 494 id
542 437 731 496 iusiurandum
748 452 803 493 nou
821 435 953 493 tuebitur:
972 437 1025 494 eibi
1042 437 1114 494 euim
1134 438 1248 496 iurauit:
1269 437 1392 508 dioqnin
1406 435 1551 494 facillimus

118 527 252 597 quisque¹
271 526 308 582 ad
323 526 513 582 iusiurandum
530 526 677 584 decurrens
695 526 802 582 nemine
821 525 875 584 sibi
893 523 1032 582 deferente
1054 526 1242 582 iusiuuandum
1266 524 1394 582 oneribus
1412 526 1551 582 actionum

86 621 98 666 1
118 630 149 671 se
171 613 309 672 liberabit
345 614 523 686 Quacumque
546 621 638 672 autem
661 616 770 672 actione
792 615 854 686 quis
878 616 1070 686 conueniatur,
1084 617 1118 671 'si
1140 614 1283 684 iurauerit,
1307 613 1430 684 proficiet
1452 615 1478 670 ei
1495 615 1550 670 iue-

117 703 280 776 iuraudum,
301 704 362 760 siue
385 705 414 760 in
430 719 575 776 personam
599 706 659 762 siue
681 705 709 760 in
725 719 784 760 rem
807 704 867 760 siue
885 705 914 760 in
931 701 1034 760 iactum
1056 704 1115 760 siue
1132 705 1241 774 poenali
1259 704 1367 759 acdona
1389 704 1435 760 uel
1453 704 1582 774 quaume

79 793 173 848 aelia
195 798 295 863 rgamr
317 793 377 848 siue
400 793 436 850 de
459 794 612 852 interdicto.
648 792 705 850 Sed
722 800 751 850 et
768 793 792 850 ei
809 793 845 850 dc
863 793 1022 852 condicione
1039 807 1172 864 personae
1190 791 1272 848 fuerit
1289 793 1420 864 iuratum,
1440 797 1551 863 praetor

115 881 306 938 iusiurandum
324 882 460 940 tuebitur:
479 889 510 939 ut
526 888 594 956 puta
612 882 697 939 detuli
713 883 902 946 iusiurandum
920 886 949 939 et
965 883 1062 938 iurasti
1078 883 1107 938 in
1124 887 1261 954 potestate
1278 896 1341 936 msa
1357 885 1385 936 te
1403 896 1458 938 non
1476 895 1551 938 esse:

69 976 91 1021 ι
114 970 252 1028 tuendum
274 972 326 1028 erit
348 971 543 1028 iusiurandum.
580 971 660 1028 Unde
676 971 820 1028 Marcellus
843 971 939 1028 scribit
960 972 1043 1028 etiarn
1065 971 1100 1028 de
1118 987 1151 1028 eo
1168 972 1252 1028 iurari
1283 982 1352 1030 Mna
1367 982 1396 1029 D.
1411 965 1550 1040 ιιῖιῆῖῐι

114 1075 209 1131 posse,
227 1075 264 1116 an
281 1075 418 1132 praegnas
435 1061 473 1116 ait
489 1061 584 1116 mulier
601 1061 647 1118 uel
664 1077 720 1117 non
737 1061 781 1132 sit,
800 1065 829 1116 et
846 1062 1014 1126 iuriiurando
1032 1061 1174 1118 standum:
1193 1059 1310 1132 denique
1329 1062 1375 1130 ait,
1394 1062 1418 1116 si
1435 1060 1471 1116 de
1488 1075 1552 1132 poe·

114 1149 242 1206 macione
259 1155 320 1205 erat
336 1150 470 1220 quaeetio,
489 1149 593 1206 seruari
610 1154 744 1222 oportere,
762 1151 787 1206 si
804 1149 875 1208 sorte
893 1151 973 1222 quasi
988 1166 1125 1222 praegnas
1136 1150 1176 1206 ire
1188 1149 1215 1206 iu
1227 1149 1429 1220 possessionem
1440 1148 1552 1206 uolebat
1570 1163 1598 1204 ro

114 1242 153 1309 et,
172 1254 237 1294 curn
255 1238 281 1294 ei
298 1238 537 1310 contradiceretur,
554 1239 600 1294 nel
617 1238 678 1310 ipse
695 1238 796 1296 iurauit
812 1254 843 1296 sc
854 1244 1033 1312 praegnatem
1046 1240 1090 1296 uel
1102 1244 1198 1295 contra
1209 1253 1270 1296 eam
1282 1238 1401 1294 iuratum
1413 1243 1468 1294 cst:
1487 1254 1549 1294 nam

113 1328 140 1382 si
157 1327 234 1398 ipsa,
257 1325 308 1382 ubit
325 1327 354 1383 in
371 1327 573 1398 possessionem
591 1327 649 1384 sinc
668 1333 757 1398 metu,
780 1329 805 1384 si
823 1333 918 1384 contra
936 1344 1010 1399 eam,
1029 1344 1084 1386 non
1101 1327 1165 1399 ibit,
1188 1327 1314 1398 quamuis
1331 1342 1396 1386 uere
1413 1342 1551 1398 praegnas

111 1414 214 1472 fucrit:
232 1416 415 1488 proderitque,
432 1417 521 1488 inquit
538 1417 689 1488 Marcellus,
707 1417 814 1472 mulieri
830 1417 932 1474 iuranti
947 1405 1143 1488 iusiurandum,
1163 1431 1198 1472 ne
1215 1417 1393 1474 conueniatur
1409 1417 1489 1486 quasi
1506 1432 1550 1472 ca·

110 1505 237 1560 lumnias
255 1520 339 1562 causa
357 1505 459 1562 uentis
477 1506 586 1562 nomine
603 1504 688 1562 suerit
703 1506 732 1562 in
749 1507 951 1577 possessiouem
969 1521 1039 1564 usuc
1053 1507 1109 1562 uim
1121 1506 1242 1578 patiatur
1253 1506 1282 1562 iu
1292 1505 1485 1576 possessione„
1501 1504 1552 1562 sed

110 1609 150 1650 au
168 1593 359 1650 iusiurandum
377 1609 410 1652 eo
428 1608 516 1664 usque
532 1595 628 1666 prosit,
647 1599 679 1652 ιιι
695 1600 759 1666 pest
776 1595 880 1652 editum
897 1601 1006 1666 partum
1024 1610 1080 1652 non
1097 1598 1251 1666 quaeratur,
1270 1609 1305 1650 cx
1318 1609 1351 1650 eo
1364 1594 1454 1650 edibus
1466 1594 1503 1650 sit
1515 1609 1551 1652 an
1570 1605 1598 1648 re

109 1683 229 1740 nonsit
251 1683 328 1740 cuius
347 1698 408 1740 sess
426 1683 539 1754 dicitur,
557 1683 700 1740 Marcellus
716 1688 830 1740 mactat:
854 1688 883 1740 st
900 1685 940 1740 ait
955 1685 1100 1758 ueriutsrn
1118 1699 1180 1740 esse
1198 1683 1395 1754 quaerendam,
1413 1683 1480 1754 quia
1496 1684 1550 1740 ius·

108 1771 262 1828 iurandum
280 1773 465 1844 stannoque
481 1770 596 1844 prodest
611 1786 701 1842 neque
720 1776 815 1829 nocet:
834 1774 928 1830 matris
945 1774 1029 1844 igitur
1046 1772 1234 1830 iusiurandum
1246 1772 1337 1844 partui
1348 1787 1403 1829 non
1414 1770 1550 1844 proficiet:

65 1867 90 1916 4
111 1877 168 1918 uec
187 1859 307 1932 nocebit,
325 1862 350 1916 si
367 1865 454 1916 mater
471 1860 601 1918 detulerit
618 1865 648 1918 et
664 1861 769 1917 iuretur
786 1877 822 1918 ex
839 1877 872 1918 eo
889 1877 1025 1936 praegnas
1043 1877 1098 1918 uon
1115 1877 1185 1918 ease.
1220 1861 1307 1918 Iurari
1323 1863 1416 1918 autem
1434 1865 1550 1934 oportet,

109 1955 145 2006 ut
163 1949 289 2006 delatum
306 1956 350 2006 est
365 1949 568 2007 iusiurandum:
587 1955 708 2008 ceterum
726 1950 751 2006 si
768 1965 821 2022 ego
839 1950 924 2007 detuli
941 1955 973 2008 ut
988 1966 1038 2022 per
1049 1951 1131 2008 deum
1142 1951 1255 2022 iurares,
1273 1955 1305 2008 tu
1315 1965 1365 2022 per
1377 1956 1461 2022 caput
1472 1955 1551 2008 tuum

111 2039 214 2096 inp-„fi
846 2047 863 2078 a
1090 2068 1102 2074 -

75 2125 95 2183 4
168 2129 291 2184 Pennus
307 2125 376 2182 libro
393 2131 492 2184 octauo
510 2127 617 2184 decimo
635 2127 671 2186 ad
689 2127 818 2186 edictum.
844 2129 889 2186 uel
906 2127 1023 2186 tiliorum
1040 2133 1158 2199 brorum,
1428 2171 1549 2210 Q

81 2213 99 2273 b
168 2215 323 2274 Uiuianus
340 2215 410 2272 libro
427 2217 577 2274 uicensimo
594 2217 717 2274 secundo
735 2218 772 2274 ad
789 2217 916 2274 edictum.
941 2233 996 2274 nou
1007 2219 1059 2274 erit
1070 2223 1159 2276 ratum
1172 2216 1327 2274 babendum
1338 2217 1393 2274 ins·
1427 2228 1549 2299 8an
1567 2221 1596 2282 Ε

113 2304 277 2362 iurandum:
295 2304 370 2376 quod
387 2305 411 2362 si
428 2307 517 2378 exegi,
535 2311 567 2362 ut
582 2321 633 2377 per
649 2306 766 2364 salutem
776 2311 853 2362 tuam
866 2306 979 2378 iurares,
997 2313 1027 2364 et
1037 2308 1141 2378 iurasti,
1160 2305 1285 2364 stabitur.
1312 2321 1393 2362 omne
1425 2293 1549 2377 spfruai

114 2395 189 2452 enim
213 2393 323 2450 omniuo
341 2394 444 2450 licitum
462 2395 665 2466 iusiurandum,
690 2411 740 2466 por
757 2395 831 2468 quod
849 2395 938 2452 uoluit
955 2397 1017 2466 quis
1035 2396 1088 2454 sibi
1105 2396 1201 2468 iurari,
1222 2396 1351 2453 idoneum
1368 2396 1498 2451 estetsi
1516 2410 1551 2450 ex

91 2495 101 2542 1
115 2499 147 2540 eo
166 2481 252 2539 inerit
269 2483 397 2556 iuratum,
414 2489 525 2555 praetor
542 2485 571 2541 id
589 2484 719 2542 tuebitur.
756 2485 845 2540 Diuus
862 2485 928 2540 Pius
945 2485 1127 2556 iureiurando,
1145 2485 1220 2556 quod
1237 2485 1346 2556 propria
1360 2498 1456 2555 super·
1474 2479 1550 2568 [Q
1568 2494 1598 2537 ιι

91 2574 229 2630 trtitione
250 2573 369 2630 iuratum
387 2579 441 2646 est,
465 2573 594 2630 amodum
611 2574 759 2646 rescripsit
795 2573 869 2630 Dato
885 2573 1059 2630 iureiurando
1077 2590 1132 2632 nou
1149 2575 1224 2632 aliud
1241 2575 1392 2646 quaeritur,
1415 2588 1497 2644 quam
1514 2589 1550 2628 an

90 2663 237 2718 sinratum
255 2662 299 2733 sit,
313 2653 433 2717 'remissa
450 2663 611 2733 quaestione
629 2679 665 2719 an
683 2662 824 2733 debeatur,
843 2663 923 2734 quasi
940 2663 1008 2718 satis
1025 2663 1170 2734 probatum
1189 2665 1226 2720 ait
1241 2662 1424 2720 iureiurando.
1453 2660 1509 2718 Sed
1526 2662 1551 2718 si

115 2751 177 2822 quis
195 2750 321 2806 illicitum
338 2751 526 2808 iusiurandum
544 2751 679 2822 detulerit,
698 2753 803 2808 seilicet
819 2750 988 2822 improbatae
1004 2752 1113 2824 publico
1130 2753 1277 2824 religionis,
1295 2752 1437 2808 uideamus
1453 2767 1488 2807 an
1500 2765 1550 2821 pro

87 2851 149 2900 teo
173 2837 309 2896 habeatur
330 2846 413 2912 atque
430 2841 454 2896 si
471 2842 591 2896 iuratum
608 2857 664 2898 nou
681 2846 768 2898 esset:
792 2840 866 2912 quod
884 2841 979 2918 nagal
990 2843 1117 2900 existimo
1134 2842 1290 2900 dicendum.
1326 2839 1356 2898 Si
1373 2855 1462 2911 neque
1478 2840 1550 2896 iura·

115 2934 174 2984 tum
197 2932 243 2984 est
265 2942 355 2998 neque
375 2929 520 2986 remissum
537 2930 738 3001 iusiurandum,
763 2944 812 3000 pro
831 2943 864 2986 eo
882 2928 966 2988 debet
982 2929 1089 3002 haberi,
1113 2936 1196 3002 atque
1214 2931 1238 2988 si
1255 2946 1300 2987 rea
1317 2930 1346 2986 in
1362 2929 1551 2986 iusiurandum
1569 2938 1598 2980 ιο

115 3017 240 3074 adnuae
256 3033 312 3074 non
330 3023 413 3074 esset.
438 3018 553 3090 proinde
572 3019 596 3074 si
612 3023 711 3090 postca
727 3019 817 3076 iurare
834 3024 946 3090 paratus
963 3020 1009 3090 sit,
1027 3019 1094 3078 nihil
1110 3021 1137 3078 ei
1153 3019 1207 3077 boo
1220 3017 1407 3076 iusiurandum
1418 3016 1550 3090 proficiet,

115 3107 181 3179 quia
198 3123 235 3163 ex
252 3121 287 3162 eo
304 3105 379 3177 quod
396 3106 517 3164 delatum
535 3114 578 3164 est
595 3108 715 3164 iuratum
732 3123 788 3164 nou
806 3113 857 3164 cst

83 3197 100 3256 6
168 3199 181 3272 Ι
199 3195 407 3252 Psouuslibro
425 3197 621 3254 nonodecimo
640 3197 676 3254 ad
689 3197 817 3254 edictum
843 3195 1176 3268 Remittitiusiruandum,
1193 3197 1241 3268 qni
1253 3195 1393 3256 deserente
1411 3191 1549 3280 [ιίἶῐιῖιῖὁ
1566 3199 1606 3254 Ε·
1622 3201 1695 3250 tues

115 3301 145 3342 se
163 3301 229 3342 curn
246 3291 360 3356 patema
377 3290 452 3341 esset
468 3286 643 3343 aduersarius
660 3287 750 3342 iurare
767 3286 884 3358 gratim
903 3285 929 3342 ei
946 3283 1014 3342 iacit
1030 3289 1175 3342 contentus
1188 3286 1328 3342 uoluntate
1339 3271 1550 3356 suscepti—iffi

115 3374 233 3431 iurandi.
270 3373 345 3446 quod
362 3373 387 3429 si
404 3389 460 3430 non
477 3377 599 3446 smcepit
616 3374 819 3446 iusiurandum,
841 3375 906 3432 licet
922 3379 1020 3446 poster
1035 3379 1133 3447 parato
1150 3375 1240 3432 iurare
1257 3379 1333 3432 actor
1350 3375 1419 3432 nolit
1435 3373 1549 3447 deferre,
1569 3382 1597 3426 tt

115 3480 171 3521 non
188 3461 329 3520 uidebitur
345 3464 503 3520 remissum:
521 3481 585 3520 nam
603 3463 677 3536 qnod
695 3469 854 3534 succeptum
872 3469 916 3520 est
932 3464 1034 3520 remitti
1052 3463 1143 3520 debet.

83 3551 101 3612 '1
169 3553 323 3610 Umerus
340 3553 409 3610 libro
427 3555 576 3612 uicensimo
594 3553 716 3610 secundo
733 3552 770 3609 ad
787 3552 917 3614 edictum.
943 3552 993 3609 Ait
1004 3557 1124 3624 praetor:
1140 3553 1214 3608 'Eius
1226 3551 1274 3624 rei,
1292 3551 1328 3608 da
1340 3567 1395 3622 qua
1412 3545 1551 3636 [Q
1568 3553 1596 3610 Ii

116 3641 314 3700 iusiurandum
331 3641 453 3698 delatum
471 3640 561 3712 fuerit,
579 3658 668 3714 neque
686 3642 715 3698 in
733 3643 824 3714 ipsum
842 3656 931 3713 nsque
949 3641 978 3698 in
995 3656 1058 3698 euru
1076 3641 1212 3712 adquam
1230 3656 1264 3698 ea
1281 3655 1326 3698 res
1336 3641 1455 3712 partinet
1467 3642 1551 3698 actio·

116 3731 186 3789 'nem
204 3729 296 3788 dabo!
323 3731 383 3787 cius
400 3731 441 3788 rei
458 3732 499 3788 sio
516 3731 569 3788 crit
586 3729 783 3804 accipiendum,
802 3731 862 3788 sine
880 3730 915 3786 ds
933 3735 993 3786 tota
1010 3745 1040 3786 re
1058 3731 1117 3788 siue
1134 3730 1170 3786 ds
1187 3734 1265 3802 parto
1283 3730 1321 3786 sit
1337 3731 1467 3786 iuratum:
1486 3746 1551 3788 uam

116 3821 150 3878 dc
167 3836 203 3878 ec
221 3819 298 3892 quod
313 3820 433 3877 iuratum
451 3825 495 3877 cst
511 3821 655 3892 pollicetur
672 3835 703 3878 se
721 3821 858 3877 actionem
876 3834 931 3876 non
948 3820 1076 3876 daturum
1094 3833 1184 3891 neque
1201 3821 1231 3877 in
1247 3835 1310 3876 eum
1328 3819 1376 3892 qui
1393 3818 1493 3878 iurauit
1504 3833 1550 3878 nc·
1568 3827 1598 3870 4⁰

116 3926 169 3982 quc
187 3911 217 3966 in
235 3924 284 3966 eos
301 3910 349 3981 qui
365 3911 395 3968 in
411 3911 502 3984 looapr
519 3911 580 3968 cius
597 3911 642 3968 cui
658 3909 848 3968 iusiurandum
866 3909 988 3968 usuum
1005 3914 1049 3966 est
1066 3909 1227 3982 succedunt,

116 4019 142 4072 F
144 4015 249 4089 [1²(U)]

117 4181 125 4214 ¹
143 4176 181 4233 sa
198 4174 346 4232 immons
363 4183 412 4232 tm.
429 4179 474 4253 (es.
485 4177 523 4231 n.
535 4177 578 4243 ae,
589 4178 616 4243 7,
628 4177 708 4250 apr.)

116 4331 246 4403 tid1ad
265 4333 326 4402 Ρ·Ι
347 4333 409 4405 subi]
427 4334 451 4390 si
468 4335 510 4390 P·
562 4336 651 4391 dsiui
668 4334 723 4393 dei.
742 4337 805 4398 F¹i
860 4335 970 4392 eamB:
989 4335 1143 4401 optineret
1163 4336 1200 4391 sai
1221 4335 1304 4390 baruc
1322 4333 1548 4392 duocsrxardrr'au

115 4404 305 4462 indurandum
325 4405 481 4462 ‘decurrens
501 4407 609 4464 nemine
632 4407 686 4464 siui
707 4405 807 4464 deisre’
861 4407 926 4464 iaiau
946 4409 1090 4479 spueretur,
1109 4407 1308 4464 constandum
1325 4408 1358 4473 P,
1379 4423 1435 4464 nou
1451 4406 1553 4464 stando

115 4475 297 4532 oneribnsffl
331 4477 493 4534 4libcrau1t
504 4477 565 4534 FP·
579 4479 585 4547 Ι
600 4479 640 4534 eis
651 4477 693 4534 P·
728 4479 807 4535 ide·
863 4477 906 4546 U',
924 4488 973 4534 iac.
989 4480 1031 4545 U‘,
1053 4479 1098 4534 abt
1115 4479 1241 4550 Prpm)
1259 4481 1369 4555 offerire
1391 4487 1418 4533 ιἰι
1434 4487 1551 4551 mospius

115 4547 391 4604 triemitonium
415 4546 668 4620 epraegnunsfd
702 4552 736 4606 13
744 4567 807 4622 pro·
860 4551 894 4608 27
917 4550 1071 4677 firmatum]
1095 4549 1194 4622 probat
1216 4551 1256 4606 P·
1309 4549 1492 4620 aspectione
1515 4549 1549 4604 F:

116 4619 297 4692 deritquueF
330 4621 364 4676 15
379 4621 469 4678 editus
478 4621 532 4676 *sit*
540 4621 587 4687 Ρ),
597 4622 701 4678 edituum
713 4623 749 4678 sit
757 4623 811 4678 PU
859 4621 917 4693 pub
929 4623 969 4678 'cc
987 4626 1048 4695 ispit
1065 4623 1210 4695 Stephanus
1227 4621 1287 4689 (Rs
1299 4621 1340 4686 22,
1353 4623 1426 4687 5,26
1442 4622 1495 4678 sei.
1507 4623 1550 4686 1)²

117 4691 149 4746 18
164 4689 390 4762 praegna‘n'w
431 4693 465 4748 19
482 4694 663 4764 pereaputi*
710 4695 744 4749 21
761 4709 807 4750 oc·
862 4691 924 4750 asra
957 4692 1094 4765 dpucatiau
1123 4691 1335 4764 inproperabant
1365 4691 1399 4763 refe
1436 4693 1550 4763 potioria

115 4767 181 4821 tsuo
207 4763 326 4834 decimo]
354 4769 454 4822 octauo
480 4771 579 4820 octeno
606 4765 652 4829 Ρ,
678 4765 756 4822 xciiii
786 4765 812 4820 U
861 4767 896 4821 32
914 4765 979 4836 quia
1041 4780 1096 4822 non
1107 4769 1151 4820 est
1162 4783 1211 4819 om.
1224 4763 1292 4829 ΡΨ,
1310 4764 1354 4819 aba·
1366 4773 1393 4818 sn
1405 4783 1455 4836 esp.
1467 4767 1550 4835 sappi.

116 4835 151 4890 22
177 4833 313 4890 'in'ratum
340 4835 392 4890 F2:
424 4835 472 4898 οῩκ
498 4835 607 4921 ἔρρωται
634 4835 661 4890 Β
690 4837 807 4912 (Aucta)
861 4856 891 4892 aa
913 4835 1038 4905 Pistoris)
1098 4837 1134 4891 34
1156 4833 1331 4905 uolun'p'tato
1352 4835 1377 4890 F
1398 4837 1403 4904 Ι
1429 4835 1551 4905 susccpti

116 4907 150 4962 23
167 4907 259 4978 exegi]
277 4906 366 4978 exigit
383 4907 423 4962 P·
475 4907 511 4963 24
528 4905 753 4963 ru'ri'siuraudum
771 4907 807 4962 F*
860 4907 1134 4978 i.q.siuouonaP⁰
1180 4908 1216 4963 35
1232 4912 1347 4978 parato
1358 4903 1410 4962 ΕΗ
1430 4907 1436 4976 Ι
1456 4911 1559 4964 ιιιιιοι,

115 4979 284 5052 appropria
305 4997 355 5036 οιιι.
368 4978 401 5046 Ρ,
425 4986 473 5036 inc.
488 4979 522 5034 U·
574 4979 609 5035 26
631 4977 813 5048 standum]F
860 4980 901 5036 P·
953 4979 989 5035 ³6
1006 4977 1144 5036 uidouitur
1160 4980 1198 5034 ΕΙ
