<?xml version="1.0" encoding="UTF-8"?>
<!DOCTYPE html PUBLIC "-//W3C//DTD XHTML 1.0 Transitional//EN"
    "http://www.w3.org/TR/xhtml1/DTD/xhtml1-transitional.dtd">
<html xmlns="http://www.w3.org/1999/xhtml" xml:lang="en" lang="en">
 <head>
  <title>
</title>
<meta http-equiv="Content-Type" content="text/html;charset=utf-8" />
  <meta name='ocr-system' content='tesseract 3.04.00' />
  <meta name='ocr-capabilities' content='ocr_page ocr_carea ocr_par ocr_line ocrx_word'/>
</head>
<body>
  <div class='ocr_page' id='page_1' title='image "./digestaiustinia01kruegoog/digestaiustinia01kruegoog_1097.png"; bbox 0 0 4320 5340; ppageno 0'>
   <div class='ocr_carea' id='block_1_1' title="bbox 1314 81 1394 222">
    <p class='ocr_par' dir='ltr' id='par_1_1' title="bbox 1314 81 1394 222">
     <span class='ocr_line' id='line_1_1' title="bbox 1314 81 1394 222; baseline 0 0"><span class='ocrx_word' id='word_1_1' title='bbox 1314 81 1394 222; x_wconf 60' lang='lat'><strong>42⁴</strong></span> 
     </span>
    </p>
   </div>
   <div class='ocr_carea' id='block_1_2' title="bbox 588 298 2070 3163">
    <p class='ocr_par' dir='ltr' id='par_1_2' title="bbox 588 298 2070 3163">
     <span class='ocr_line' id='line_1_2' title="bbox 635 298 2069 373; baseline -0.003 -15"><span class='ocrx_word' id='word_1_2' title='bbox 635 303 688 358; x_wconf 88' lang='lat' dir='ltr'><strong>hiis</strong></span> <span class='ocrx_word' id='word_1_3' title='bbox 706 303 753 373; x_wconf 93' lang='lat' dir='ltr'><strong>qul</strong></span> <span class='ocrx_word' id='word_1_4' title='bbox 770 317 944 373; x_wconf 88' lang='lat' dir='ltr'><strong>nequaquam</strong></span> <span class='ocrx_word' id='word_1_5' title='bbox 963 301 1148 357; x_wconf 83' lang='lat' dir='ltr'><strong>militauerant</strong></span> <span class='ocrx_word' id='word_1_6' title='bbox 1171 303 1334 357; x_wconf 76' lang='lat' dir='ltr'><strong>estimantur</strong></span> <span class='ocrx_word' id='word_1_7' title='bbox 1359 308 1387 358; x_wconf 89' lang='lat' dir='ltr'><strong>et</strong></span> <span class='ocrx_word' id='word_1_8' title='bbox 1404 305 1516 372; x_wconf 92' lang='lat' dir='ltr'><strong>propter</strong></span> <span class='ocrx_word' id='word_1_9' title='bbox 1533 300 1585 356; x_wconf 91' lang='lat' dir='ltr'><strong>hoc</strong></span> <span class='ocrx_word' id='word_1_10' title='bbox 1602 316 1692 371; x_wconf 90' lang='lat' dir='ltr'><strong>neque</strong></span> <span class='ocrx_word' id='word_1_11' title='bbox 1710 300 1764 370; x_wconf 90' lang='lat' dir='ltr'><strong>ipsi</strong></span> <span class='ocrx_word' id='word_1_12' title='bbox 1783 298 1887 354; x_wconf 85' lang='lat' dir='ltr'><strong>habent</strong></span> <span class='ocrx_word' id='word_1_13' title='bbox 1905 299 2069 370; x_wconf 84' lang='lat' dir='ltr'><strong>priuilegium</strong></span> 
     </span>
     <span class='ocr_line' id='line_1_3' title="bbox 635 371 2070 444; baseline -0.003 -15"><span class='ocrx_word' id='word_1_14' title='bbox 635 390 724 444; x_wconf 90' lang='lat' dir='ltr'><strong>neque</strong></span> <span class='ocrx_word' id='word_1_15' title='bbox 743 373 806 429; x_wconf 84' lang='lat' dir='ltr'><strong>liliis</strong></span> <span class='ocrx_word' id='word_1_16' title='bbox 824 373 881 439; x_wconf 83' lang='lat' dir='ltr'><strong>(dlii</strong></span> <span class='ocrx_word' id='word_1_17' title='bbox 900 374 963 438; x_wconf 78' lang='lat' dir='ltr'><strong>PL,</strong></span> <span class='ocrx_word' id='word_1_18' title='bbox 988 373 1041 428; x_wconf 89' lang='lat' dir='ltr'><strong>sibi</strong></span> <span class='ocrx_word' id='word_1_19' title='bbox 1060 374 1095 439; x_wconf 86' lang='grc' dir='ltr'><strong>Ι·)</strong></span> <span class='ocrx_word' id='word_1_20' title='bbox 1114 389 1208 429; x_wconf 89' lang='lat' dir='ltr'><strong>eorum</strong></span> <span class='ocrx_word' id='word_1_21' title='bbox 1231 376 1277 444; x_wconf 90' lang='lat' dir='ltr'><strong>qui</strong></span> <span class='ocrx_word' id='word_1_22' title='bbox 1299 374 1363 429; x_wconf 91' lang='lat' dir='ltr'><strong>olim</strong></span> <span class='ocrx_word' id='word_1_23' title='bbox 1387 372 1500 428; x_wconf 87' lang='lat' dir='ltr'><strong>inerunt</strong></span> <span class='ocrx_word' id='word_1_24' title='bbox 1516 371 1606 439; x_wconf 82' lang='lat' dir='ltr'><strong>(tuere</strong></span> <span class='ocrx_word' id='word_1_25' title='bbox 1624 373 1654 440; x_wconf 89' lang='grc'><em>1)</em></span> <span class='ocrx_word' id='word_1_26' title='bbox 1672 373 1776 427; x_wconf 90' lang='lat' dir='ltr'><strong>milites</strong></span> <span class='ocrx_word' id='word_1_27' title='bbox 1798 377 1905 426; x_wconf 88' lang='lat' dir='ltr'><strong>tutores</strong></span> <span class='ocrx_word' id='word_1_28' title='bbox 1929 371 1987 425; x_wconf 85' lang='lat' dir='ltr'><strong>dati</strong></span> <span class='ocrx_word' id='word_1_29' title='bbox 2009 371 2070 427; x_wconf 91' lang='lat' dir='ltr'><strong>obli-</strong></span> 
     </span>
     <span class='ocr_line' id='line_1_4' title="bbox 603 443 2070 528; baseline -0.004 -25"><span class='ocrx_word' id='word_1_30' title='bbox 603 446 774 515; x_wconf 79' lang='lat' dir='ltr'><strong>tgabuntur</strong></span> <span class='ocrx_word' id='word_1_31' title='bbox 803 445 975 515; x_wconf 79' lang='lat' dir='ltr'>(obligantur</span> <span class='ocrx_word' id='word_1_32' title='bbox 1000 445 1047 511; x_wconf 90' lang='grc'><em>1).</em></span> <span class='ocrx_word' id='word_1_33' title='bbox 1089 445 1259 516; x_wconf 73' lang='lat' dir='ltr'>Quandoque</span> <span class='ocrx_word' id='word_1_34' title='bbox 1283 450 1375 501; x_wconf 90' lang='lat' dir='ltr'><strong>autem</strong></span> <span class='ocrx_word' id='word_1_35' title='bbox 1404 461 1459 500; x_wconf 91' lang='lat' dir='ltr'><strong>non</strong></span> <span class='ocrx_word' id='word_1_36' title='bbox 1482 445 1620 514; x_wconf 87' lang='lat' dir='ltr'><strong>complent</strong></span> <span class='ocrx_word' id='word_1_37' title='bbox 1647 443 1760 515; x_wconf 91' lang='lat' dir='ltr'><strong>quidam</strong></span> <span class='ocrx_word' id='word_1_38' title='bbox 1789 444 1886 498; x_wconf 75' lang='lat' dir='ltr'><strong>militie</strong></span> <span class='ocrx_word' id='word_1_39' title='bbox 1912 448 2020 512; x_wconf 89' lang='lat' dir='ltr'><strong>tempus</strong></span> <span class='ocrx_word' id='word_1_40' title='bbox 2041 450 2070 528; x_wconf 66' lang='lat' dir='ltr'><strong>et</strong></span> 
     </span>
     <span class='ocr_line' id='line_1_5' title="bbox 636 514 2069 584; baseline -0.002 -12"><span class='ocrx_word' id='word_1_41' title='bbox 636 527 729 572; x_wconf 86' lang='lat' dir='ltr'><strong>tamen</strong></span> <span class='ocrx_word' id='word_1_42' title='bbox 747 521 851 579; x_wconf 87' lang='lat' dir='ltr'><strong>(tamen</strong></span> <span class='ocrx_word' id='word_1_43' title='bbox 869 536 916 571; x_wconf 84' lang='lat' dir='ltr'><strong>om.</strong></span> <span class='ocrx_word' id='word_1_44' title='bbox 930 517 967 582; x_wconf 72' lang='grc' dir='ltr'><strong>Ρ)</strong></span> <span class='ocrx_word' id='word_1_45' title='bbox 985 516 1088 571; x_wconf 88' lang='lat' dir='ltr'><strong>habent</strong></span> <span class='ocrx_word' id='word_1_46' title='bbox 1109 518 1297 572; x_wconf 72' lang='lat' dir='ltr'><strong>remissionem</strong></span> <span class='ocrx_word' id='word_1_47' title='bbox 1322 518 1469 573; x_wconf 70' lang='lat' dir='ltr'><strong>tutelarum</strong></span> <span class='ocrx_word' id='word_1_48' title='bbox 1494 517 1645 571; x_wconf 89' lang='lat' dir='ltr'><strong>secundum</strong></span> <span class='ocrx_word' id='word_1_49' title='bbox 1664 521 1725 584; x_wconf 90' lang='lat' dir='ltr'><strong>(set</strong></span> <span class='ocrx_word' id='word_1_50' title='bbox 1743 517 1808 583; x_wconf 83' lang='lat' dir='ltr'><strong>LO)</strong></span> <span class='ocrx_word' id='word_1_51' title='bbox 1827 514 1925 569; x_wconf 88' lang='lat' dir='ltr'><strong>eadem</strong></span> <span class='ocrx_word' id='word_1_52' title='bbox 1944 530 2006 569; x_wconf 88' lang='lat' dir='ltr'><strong>cum</strong></span> <span class='ocrx_word' id='word_1_53' title='bbox 2023 514 2069 569; x_wconf 88' lang='lat' dir='ltr'><strong>hus</strong></span> 
     </span>
     <span class='ocr_line' id='line_1_6' title="bbox 636 586 2069 658; baseline -0.001 -15"><span class='ocrx_word' id='word_1_54' title='bbox 636 591 683 658; x_wconf 94' lang='lat' dir='ltr'><strong>qui</strong></span> <span class='ocrx_word' id='word_1_55' title='bbox 701 590 920 658; x_wconf 88' lang='lat' dir='ltr'><strong>compleuerunt:</strong></span> <span class='ocrx_word' id='word_1_56' title='bbox 944 588 991 657; x_wconf 91' lang='lat' dir='ltr'><strong>qui</strong></span> <span class='ocrx_word' id='word_1_57' title='bbox 1010 589 1082 643; x_wconf 91' lang='lat' dir='ltr'><strong>enim</strong></span> <span class='ocrx_word' id='word_1_58' title='bbox 1101 590 1275 644; x_wconf 82' lang='lat' dir='ltr'><strong>dicessimum</strong></span> <span class='ocrx_word' id='word_1_59' title='bbox 1300 605 1400 644; x_wconf 86' lang='lat' dir='ltr'><strong>annum</strong></span> <span class='ocrx_word' id='word_1_60' title='bbox 1423 588 1518 643; x_wconf 87' lang='lat' dir='ltr'><strong>militie</strong></span> <span class='ocrx_word' id='word_1_61' title='bbox 1542 588 1674 658; x_wconf 85' lang='lat' dir='ltr'><strong>excessit,</strong></span> <span class='ocrx_word' id='word_1_62' title='bbox 1698 587 1796 641; x_wconf 86' lang='lat' dir='ltr'><strong>similis</strong></span> <span class='ocrx_word' id='word_1_63' title='bbox 1819 602 1883 641; x_wconf 88' lang='lat' dir='ltr'><strong>esse</strong></span> <span class='ocrx_word' id='word_1_64' title='bbox 1907 586 2069 642; x_wconf 88' lang='lat' dir='ltr'><strong>crediturei</strong></span> 
     </span>
     <span class='ocr_line' id='line_1_7' title="bbox 604 658 2069 742; baseline -0.003 -26"><span class='ocrx_word' id='word_1_65' title='bbox 604 661 683 730; x_wconf 80' lang='lat' dir='ltr'><strong>eqni</strong></span> <span class='ocrx_word' id='word_1_66' title='bbox 706 661 854 730; x_wconf 89' lang='lat' dir='ltr'><strong>compleuit</strong></span> <span class='ocrx_word' id='word_1_67' title='bbox 876 665 985 728; x_wconf 87' lang='lat' dir='ltr'><strong>tempus</strong></span> <span class='ocrx_word' id='word_1_68' title='bbox 1010 660 1112 714; x_wconf 76' lang='lat' dir='ltr'><strong>militie.</strong></span> <span class='ocrx_word' id='word_1_69' title='bbox 1150 661 1202 726; x_wconf 85' lang='lat' dir='ltr'><strong>Qui</strong></span> <span class='ocrx_word' id='word_1_70' title='bbox 1224 666 1316 716; x_wconf 89' lang='lat' dir='ltr'><strong>autem</strong></span> <span class='ocrx_word' id='word_1_71' title='bbox 1342 661 1430 728; x_wconf 89' lang='lat' dir='ltr'><strong>(enim</strong></span> <span class='ocrx_word' id='word_1_72' title='bbox 1451 661 1487 726; x_wconf 80' lang='lat' dir='ltr'><strong>O)</strong></span> <span class='ocrx_word' id='word_1_73' title='bbox 1510 659 1581 714; x_wconf 87' lang='lat' dir='ltr'><strong>inira</strong></span> <span class='ocrx_word' id='word_1_74' title='bbox 1602 659 1653 714; x_wconf 90' lang='lat' dir='ltr'><strong>hos</strong></span> <span class='ocrx_word' id='word_1_75' title='bbox 1676 673 1763 713; x_wconf 89' lang='lat' dir='ltr'><strong>annos</strong></span> <span class='ocrx_word' id='word_1_76' title='bbox 1788 658 1920 713; x_wconf 89' lang='lat' dir='ltr'><strong>dimissos</strong></span> <span class='ocrx_word' id='word_1_77' title='bbox 1943 665 1997 726; x_wconf 83' lang='lat' dir='ltr'><strong>est,</strong></span> <span class='ocrx_word' id='word_1_78' title='bbox 2021 673 2069 742; x_wconf 79' lang='lat' dir='ltr'><strong>non</strong></span> 
     </span>
     <span class='ocr_line' id='line_1_8' title="bbox 636 730 2069 817; baseline -0.003 -31"><span class='ocrx_word' id='word_1_79' title='bbox 636 731 720 786; x_wconf 90' lang='lat' dir='ltr'><strong>habet</strong></span> <span class='ocrx_word' id='word_1_80' title='bbox 738 733 893 816; x_wconf 71' lang='lat' dir='ltr'><strong>contiquam</strong></span> <span class='ocrx_word' id='word_1_81' title='bbox 911 731 1057 785; x_wconf 78' lang='lat' dir='ltr'><strong>tutelarum</strong></span> <span class='ocrx_word' id='word_1_82' title='bbox 1076 732 1284 817; x_wconf 75' lang='lat' dir='ltr'><strong>immunitatem,</strong></span> <span class='ocrx_word' id='word_1_83' title='bbox 1303 736 1345 786; x_wconf 90' lang='lat' dir='ltr'><strong>set</strong></span> <span class='ocrx_word' id='word_1_84' title='bbox 1363 733 1399 787; x_wconf 95' lang='lat' dir='ltr'><strong>ad</strong></span> <span class='ocrx_word' id='word_1_85' title='bbox 1417 738 1534 816; x_wconf 70' lang='lat' dir='ltr'><strong>tempuq,</strong></span> <span class='ocrx_word' id='word_1_86' title='bbox 1553 730 1784 817; x_wconf 77' lang='lat' dir='ltr'><strong>quemadmodum</strong></span> <span class='ocrx_word' id='word_1_87' title='bbox 1803 735 1833 785; x_wconf 89' lang='lat' dir='ltr'><strong>et</strong></span> <span class='ocrx_word' id='word_1_88' title='bbox 1851 735 1893 814; x_wconf 75' lang='lat' dir='ltr'><strong>(et</strong></span> <span class='ocrx_word' id='word_1_89' title='bbox 1903 749 1952 814; x_wconf 70' lang='lat' dir='ltr'><strong>ons.</strong></span> <span class='ocrx_word' id='word_1_90' title='bbox 1966 730 1999 793; x_wconf 84' lang='lat' dir='ltr'><strong>L)</strong></span> <span class='ocrx_word' id='word_1_91' title='bbox 2015 730 2069 783; x_wconf 88' lang='lat' dir='ltr'><strong>reh-</strong></span> 
     </span>
     <span class='ocr_line' id='line_1_9' title="bbox 637 801 2069 903; baseline -0.003 -45"><span class='ocrx_word' id='word_1_92' title='bbox 637 818 751 872; x_wconf 89' lang='lat' dir='ltr'><strong>quorum</strong></span> <span class='ocrx_word' id='word_1_93' title='bbox 775 803 894 886; x_wconf 67' lang='lat' dir='ltr'><strong>ciuilium</strong></span> <span class='ocrx_word' id='word_1_94' title='bbox 916 817 1058 888; x_wconf 77' lang='lat' dir='ltr'><strong>munerum</strong></span> <span class='ocrx_word' id='word_1_95' title='bbox 1080 818 1266 889; x_wconf 66' lang='lat' dir='ltr'><strong>remissionem</strong></span> <span class='ocrx_word' id='word_1_96' title='bbox 1291 804 1402 888; x_wconf 42' lang='lat' dir='ltr'><strong>habetz·</strong></span> <span class='ocrx_word' id='word_1_97' title='bbox 1413 820 1460 873; x_wconf 84' lang='lat' dir='ltr'><strong>qur</strong></span> <span class='ocrx_word' id='word_1_98' title='bbox 1484 818 1568 888; x_wconf 42' lang='lat' dir='ltr'><strong>emm·</strong></span> <span class='ocrx_word' id='word_1_99' title='bbox 1581 802 1652 858; x_wconf 87' lang='lat' dir='ltr'><strong>mira</strong></span> <span class='ocrx_word' id='word_1_100' title='bbox 1669 803 1694 858; x_wconf 89' lang='lat' dir='ltr'>V</span> <span class='ocrx_word' id='word_1_101' title='bbox 1713 817 1800 856; x_wconf 89' lang='lat' dir='ltr'><strong>annos</strong></span> <span class='ocrx_word' id='word_1_102' title='bbox 1819 819 1837 856; x_wconf 91' lang='lat' dir='ltr'><strong>a</strong></span> <span class='ocrx_word' id='word_1_103' title='bbox 1856 801 1956 890; x_wconf 80' lang='lat' dir='ltr'><strong>mrirtsa</strong></span> <span class='ocrx_word' id='word_1_104' title='bbox 1972 801 2069 903; x_wconf 62' lang='lat' dir='ltr'><strong>soiqtus</strong></span> 
     </span>
     <span class='ocr_line' id='line_1_10' title="bbox 636 873 2069 1029; baseline -0.001 -29"><span class='ocrx_word' id='word_1_105' title='bbox 636 873 2069 1029; x_wconf 54' lang='lat' dir='ltr'><strong>{illiti(illlhlillihlllllil&gt;&#39;lilith‚ierithisrvddtlrhfll</strong></span> 
     </span>
     <span class='ocr_line' id='line_1_11' title="bbox 637 1016 2069 1100; baseline -0.002 -29"><span class='ocrx_word' id='word_1_106' title='bbox 637 1023 728 1071; x_wconf 90' lang='lat' dir='ltr'><strong>autem</strong></span> <span class='ocrx_word' id='word_1_107' title='bbox 747 1020 811 1087; x_wconf 91' lang='lat' dir='ltr'><strong>post</strong></span> <span class='ocrx_word' id='word_1_108' title='bbox 827 1016 889 1084; x_wconf 91' lang='lat' dir='ltr'><strong>Xll,</strong></span> <span class='ocrx_word' id='word_1_109' title='bbox 907 1017 1024 1085; x_wconf 82' lang='lat' dir='ltr'><strong>triennii,</strong></span> <span class='ocrx_word' id='word_1_110' title='bbox 1043 1018 1089 1086; x_wconf 93' lang='lat' dir='ltr'><strong>qui</strong></span> <span class='ocrx_word' id='word_1_111' title='bbox 1107 1024 1199 1073; x_wconf 84' lang='lat' dir='ltr'><strong>autem</strong></span> <span class='ocrx_word' id='word_1_112' title='bbox 1219 1023 1320 1079; x_wconf 88' lang='lat' dir='ltr'><strong>(autem</strong></span> <span class='ocrx_word' id='word_1_113' title='bbox 1334 1039 1382 1072; x_wconf 68' lang='lat' dir='ltr'><strong>om,</strong></span> <span class='ocrx_word' id='word_1_114' title='bbox 1396 1019 1425 1082; x_wconf 95' lang='grc'><em>1)</em></span> <span class='ocrx_word' id='word_1_115' title='bbox 1443 1023 1508 1088; x_wconf 91' lang='lat' dir='ltr'><strong>post</strong></span> <span class='ocrx_word' id='word_1_116' title='bbox 1520 1018 1585 1072; x_wconf 85' lang='lat' dir='ltr'><strong>XVI</strong></span> <span class='ocrx_word' id='word_1_117' title='bbox 1599 1023 1647 1079; x_wconf 86' lang='lat' dir='ltr'><strong>(ru</strong></span> <span class='ocrx_word' id='word_1_118' title='bbox 1660 1018 1704 1085; x_wconf 90' lang='grc'><em>1),</em></span> <span class='ocrx_word' id='word_1_119' title='bbox 1722 1016 1906 1086; x_wconf 87' lang='lat' dir='ltr'><strong>quadnennu,</strong></span> <span class='ocrx_word' id='word_1_120' title='bbox 1925 1030 1973 1100; x_wconf 79' lang='lat' dir='ltr'><strong>qm</strong></span> <span class='ocrx_word' id='word_1_121' title='bbox 1985 1020 2069 1069; x_wconf 87' lang='lat' dir='ltr'><strong>autem</strong></span> 
     </span>
     <span class='ocr_line' id='line_1_12' title="bbox 604 1086 2068 1173; baseline -0.003 -29"><span class='ocrx_word' id='word_1_122' title='bbox 604 1099 620 1145; x_wconf 80' lang='lat' dir='ltr'><strong>l</strong></span> <span class='ocrx_word' id='word_1_123' title='bbox 637 1094 700 1158; x_wconf 87' lang='lat' dir='ltr'><strong>post</strong></span> <span class='ocrx_word' id='word_1_124' title='bbox 712 1089 774 1156; x_wconf 89' lang='lat' dir='ltr'><strong>XX,</strong></span> <span class='ocrx_word' id='word_1_125' title='bbox 792 1088 864 1141; x_wconf 90' lang='lat' dir='ltr'><strong>sicut</strong></span> <span class='ocrx_word' id='word_1_126' title='bbox 881 1103 965 1157; x_wconf 89' lang='lat' dir='ltr'><strong>supra</strong></span> <span class='ocrx_word' id='word_1_127' title='bbox 982 1087 1101 1144; x_wconf 80' lang='lat' dir='ltr'><strong>diximus</strong></span> <span class='ocrx_word' id='word_1_128' title='bbox 1114 1091 1292 1159; x_wconf 86' lang='lat' dir='ltr'><strong>(prediximus</strong></span> <span class='ocrx_word' id='word_1_129' title='bbox 1307 1091 1352 1159; x_wconf 83' lang='lat' dir='ltr'><strong>O),</strong></span> <span class='ocrx_word' id='word_1_130' title='bbox 1371 1090 1652 1173; x_wconf 70' lang='lat' dir='ltr'><strong>coodnuemontinno</strong></span> <span class='ocrx_word' id='word_1_131' title='bbox 1665 1089 1699 1154; x_wconf 85' lang='lat' dir='ltr'><strong>L)</strong></span> <span class='ocrx_word' id='word_1_132' title='bbox 1712 1087 1880 1172; x_wconf 77' lang='lat' dir='ltr'><strong>abscidetur.</strong></span> <span class='ocrx_word' id='word_1_133' title='bbox 1912 1086 1967 1152; x_wconf 82' lang='lat' dir='ltr'><strong>Qus</strong></span> <span class='ocrx_word' id='word_1_134' title='bbox 1983 1095 2068 1171; x_wconf 79' lang='lat' dir='ltr'><strong>autem</strong></span> 
     </span>
     <span class='ocr_line' id='line_1_13' title="bbox 637 1158 2068 1248; baseline -0.001 -34"><span class='ocrx_word' id='word_1_135' title='bbox 637 1162 707 1244; x_wconf 80' lang='lat' dir='ltr'><strong>inter</strong></span> <span class='ocrx_word' id='word_1_136' title='bbox 725 1165 874 1244; x_wconf 75' lang='lat' dir='ltr'><strong>nocturnos</strong></span> <span class='ocrx_word' id='word_1_137' title='bbox 892 1158 1020 1244; x_wconf 72' lang='lat' dir='ltr'><strong>custodes</strong></span> <span class='ocrx_word' id='word_1_138' title='bbox 1031 1161 1085 1244; x_wconf 40' lang='lat' dir='ltr'><strong>&#39;qui</strong></span> <span class='ocrx_word' id='word_1_139' title='bbox 1103 1167 1174 1247; x_wconf 29' lang='lat' dir='ltr'><strong>sunt·</strong></span> <span class='ocrx_word' id='word_1_140' title='bbox 1185 1163 1271 1216; x_wconf 83' lang='lat' dir='ltr'><strong>Rome</strong></span> <span class='ocrx_word' id='word_1_141' title='bbox 1289 1162 1447 1248; x_wconf 62' lang='lat' dir='ltr'><strong>militarucrit</strong></span> <span class='ocrx_word' id='word_1_142' title='bbox 1465 1161 1603 1226; x_wconf 78' lang='lat' dir='ltr'><strong>(militanit</strong></span> <span class='ocrx_word' id='word_1_143' title='bbox 1621 1162 1671 1245; x_wconf 82' lang='grc'><em>1),</em></span> <span class='ocrx_word' id='word_1_144' title='bbox 1692 1175 1757 1245; x_wconf 84' lang='lat' dir='ltr'><strong>anm</strong></span> <span class='ocrx_word' id='word_1_145' title='bbox 1775 1161 1862 1244; x_wconf 79' lang='lat' dir='ltr'><strong>subus</strong></span> <span class='ocrx_word' id='word_1_146' title='bbox 1880 1158 1967 1242; x_wconf 74' lang='lat' dir='ltr'><strong>hebet</strong></span> <span class='ocrx_word' id='word_1_147' title='bbox 1982 1174 2068 1212; x_wconf 79' lang='lat' dir='ltr'><strong>mma-</strong></span> 
     </span>
     <span class='ocr_line' id='line_1_14' title="bbox 605 1231 2067 1390; baseline -0.002 -32"><span class='ocrx_word' id='word_1_148' title='bbox 605 1242 619 1288; x_wconf 78' lang='lat'><strong>⁶</strong></span> <span class='ocrx_word' id='word_1_149' title='bbox 637 1232 1335 1388; x_wconf 58' lang='lat' dir='ltr'><strong>etihsithilrultlitllcal’</strong></span> <span class='ocrx_word' id='word_1_150' title='bbox 1343 1233 1510 1390; x_wconf 57' lang='lat' dir='ltr'><strong>allisi</strong></span> <span class='ocrx_word' id='word_1_151' title='bbox 1519 1231 1793 1389; x_wconf 54' lang='grc'><em>(1911111133)</em></span> <span class='ocrx_word' id='word_1_152' title='bbox 1803 1232 2067 1387; x_wconf 55' lang='grc' dir='ltr'><em>1ξὲἒῶῑῖΤῷ</em></span> 
     </span>
     <span class='ocr_line' id='line_1_15' title="bbox 605 1374 2068 1515; baseline -0.002 -13"><span class='ocrx_word' id='word_1_153' title='bbox 605 1375 958 1510; x_wconf 55' lang='lat' dir='ltr'><strong>tutudistis</strong></span> <span class='ocrx_word' id='word_1_154' title='bbox 972 1374 2068 1515; x_wconf 47' lang='lat' dir='ltr'><strong>tileth‘llllltthzltlltethelstimi&amp;</strong></span> 
     </span>
     <span class='ocr_line' id='line_1_16' title="bbox 637 1517 2013 1676; baseline -0.001 -32"><span class='ocrx_word' id='word_1_155' title='bbox 637 1517 872 1657; x_wconf 48' lang='lat' dir='ltr'><strong>tristitie</strong></span> <span class='ocrx_word' id='word_1_156' title='bbox 887 1517 1168 1673; x_wconf 42' lang='lat' dir='ltr'><strong>sterilescit</strong></span> <span class='ocrx_word' id='word_1_157' title='bbox 1185 1518 1838 1676; x_wconf 66' lang='lat' dir='ltr'><strong>anillecuhah(urnula</strong></span> <span class='ocrx_word' id='word_1_158' title='bbox 1852 1524 2069 1673; x_wconf 58' lang='lat' dir='ltr'><strong>witru</strong></span> 
     </span>
     <span class='ocr_line' id='line_1_17' title="bbox 604 1661 2067 1815; baseline 0.008 -29"><span class='ocrx_word' id='word_1_159' title='bbox 604 1661 1516 1815; x_wconf 56' lang='lat' dir='ltr'><strong>⁷illitulllinitilllllbthillhlihmrilil</strong></span> <span class='ocrx_word' id='word_1_160' title='bbox 1531 1661 2067 1800; x_wconf 56' lang='lat' dir='ltr'><strong>lzlrlll‘lllilllfflllitbsfll</strong></span> 
     </span>
     <span class='ocr_line' id='line_1_18' title="bbox 638 1802 2067 1887; baseline -0.001 -31"><span class='ocrx_word' id='word_1_161' title='bbox 638 1803 717 1856; x_wconf 79' lang='lat' dir='ltr'><strong>militi</strong></span> <span class='ocrx_word' id='word_1_162' title='bbox 734 1802 868 1887; x_wconf 78' lang='lat' dir='ltr'><strong>impuberi</strong></span> <span class='ocrx_word' id='word_1_163' title='bbox 886 1810 995 1858; x_wconf 87' lang='lat' dir='ltr'><strong>curator</strong></span> <span class='ocrx_word' id='word_1_164' title='bbox 1013 1802 1135 1873; x_wconf 91' lang='lat' dir='ltr'><strong>dabitur,</strong></span> <span class='ocrx_word' id='word_1_165' title='bbox 1157 1805 1204 1874; x_wconf 88' lang='lat' dir='ltr'><strong>qui</strong></span> <span class='ocrx_word' id='word_1_166' title='bbox 1221 1805 1285 1859; x_wconf 89' lang='lat' dir='ltr'><strong>oiim</strong></span> <span class='ocrx_word' id='word_1_167' title='bbox 1303 1807 1381 1860; x_wconf 90' lang='lat' dir='ltr'><strong>miles</strong></span> <span class='ocrx_word' id='word_1_168' title='bbox 1399 1804 1492 1873; x_wconf 86' lang='lat' dir='ltr'><strong>inerit,</strong></span> <span class='ocrx_word' id='word_1_169' title='bbox 1516 1805 1620 1859; x_wconf 89' lang='lat' dir='ltr'><strong>scilicet</strong></span> <span class='ocrx_word' id='word_1_170' title='bbox 1637 1804 1661 1858; x_wconf 91' lang='lat' dir='ltr'><strong>si</strong></span> <span class='ocrx_word' id='word_1_171' title='bbox 1679 1804 1801 1869; x_wconf 87' lang='lat' dir='ltr'><strong>(dabitur</strong></span> <span class='ocrx_word' id='word_1_172' title='bbox 1817 1810 1863 1858; x_wconf 91' lang='lat' dir='ltr'><strong>set</strong></span> <span class='ocrx_word' id='word_1_173' title='bbox 1880 1804 1905 1858; x_wconf 90' lang='lat' dir='ltr'><strong>si</strong></span> <span class='ocrx_word' id='word_1_174' title='bbox 1924 1823 1971 1886; x_wconf 73' lang='lat' dir='ltr'><strong>mn,</strong></span> <span class='ocrx_word' id='word_1_175' title='bbox 1983 1805 2024 1856; x_wconf 82' lang='lat' dir='ltr'><strong>ret</strong></span> <span class='ocrx_word' id='word_1_176' title='bbox 2036 1803 2067 1868; x_wconf 85' lang='grc'><em>1)</em></span> 
     </span>
     <span class='ocr_line' id='line_1_19' title="bbox 605 1873 2067 1945; baseline -0.001 -16"><span class='ocrx_word' id='word_1_177' title='bbox 605 1884 619 1929; x_wconf 89' lang='lat'>8</span> <span class='ocrx_word' id='word_1_178' title='bbox 638 1882 717 1944; x_wconf 90' lang='lat' dir='ltr'><strong>pater</strong></span> <span class='ocrx_word' id='word_1_179' title='bbox 734 1873 814 1928; x_wconf 85' lang='lat' dir='ltr'><strong>husus</strong></span> <span class='ocrx_word' id='word_1_180' title='bbox 832 1876 902 1939; x_wconf 88' lang='lat' dir='ltr'><strong>(eius</strong></span> <span class='ocrx_word' id='word_1_181' title='bbox 917 1876 952 1941; x_wconf 82' lang='grc'><strong>0)</strong></span> <span class='ocrx_word' id='word_1_182' title='bbox 971 1880 1095 1930; x_wconf 89' lang='lat' dir='ltr'><strong>mortuus</strong></span> <span class='ocrx_word' id='word_1_183' title='bbox 1112 1875 1208 1930; x_wconf 82' lang='lat' dir='ltr'><strong>fuerit:</strong></span> <span class='ocrx_word' id='word_1_184' title='bbox 1225 1877 1285 1931; x_wconf 89' lang='lat' dir='ltr'><strong>siue</strong></span> <span class='ocrx_word' id='word_1_185' title='bbox 1304 1885 1332 1932; x_wconf 90' lang='lat' dir='ltr'><strong>st</strong></span> <span class='ocrx_word' id='word_1_186' title='bbox 1346 1880 1385 1941; x_wconf 90' lang='lat' dir='ltr'><strong>(et</strong></span> <span class='ocrx_word' id='word_1_187' title='bbox 1397 1896 1445 1930; x_wconf 38' lang='lat' dir='ltr'><strong>om».</strong></span> <span class='ocrx_word' id='word_1_188' title='bbox 1458 1878 1493 1942; x_wconf 91' lang='grc'><em>1)</em></span> <span class='ocrx_word' id='word_1_189' title='bbox 1511 1875 1548 1930; x_wconf 92' lang='lat' dir='ltr'><strong>hii</strong></span> <span class='ocrx_word' id='word_1_190' title='bbox 1565 1876 1730 1945; x_wconf 87' lang='lat' dir='ltr'><strong>emancipati</strong></span> <span class='ocrx_word' id='word_1_191' title='bbox 1749 1874 1859 1945; x_wconf 79' lang='lat' dir='ltr'><strong>fuerint,</strong></span> <span class='ocrx_word' id='word_1_192' title='bbox 1878 1875 2009 1929; x_wconf 77' lang='lat' dir='ltr'><strong>similiter.</strong></span> <span class='ocrx_word' id='word_1_193' title='bbox 2034 1874 2067 1927; x_wconf 80' lang='lat' dir='ltr'><strong>lit</strong></span> 
     </span>
     <span class='ocr_line' id='line_1_20' title="bbox 604 1945 2066 2087; baseline 0 -15"><span class='ocrx_word' id='word_1_194' title='bbox 604 1955 619 2001; x_wconf 85' lang='lat'>⁹</span> <span class='ocrx_word' id='word_1_195' title='bbox 638 1945 689 2031; x_wconf 48' lang='lat' dir='ltr'><strong>¹¹³ss</strong></span> <span class='ocrx_word' id='word_1_196' title='bbox 708 1946 1850 2087; x_wconf 53' lang='lat' dir='ltr'><strong>”l*tlltlllt‘¹‘⁰‘³lcbl⁰⁰lli³¹sllltltilllllllhll&#39;hilii</strong></span> <span class='ocrx_word' id='word_1_197' title='bbox 1868 1952 1971 2072; x_wconf 67' lang='lat' dir='ltr'><strong>litt</strong></span> <span class='ocrx_word' id='word_1_198' title='bbox 1982 1945 2066 2072; x_wconf 70' lang='lat' dir='ltr'><strong>th</strong></span> 
     </span>
     <span class='ocr_line' id='line_1_21' title="bbox 637 2032 2065 2160; baseline 0 -17"><span class='ocrx_word' id='word_1_199' title='bbox 637 2032 735 2143; x_wconf 56' lang='lat' dir='ltr'><strong>iffi:</strong></span> <span class='ocrx_word' id='word_1_200' title='bbox 748 2035 1042 2160; x_wconf 50' lang='lat' dir='ltr'><strong>dacusabuntoffquia</strong></span> <span class='ocrx_word' id='word_1_201' title='bbox 1058 2059 1164 2160; x_wconf 79' lang='lat' dir='ltr'><strong>ingredi</strong></span> <span class='ocrx_word' id='word_1_202' title='bbox 1182 2059 1223 2145; x_wconf 75' lang='lat' dir='ltr'><strong>cis</strong></span> <span class='ocrx_word' id='word_1_203' title='bbox 1240 2093 1311 2150; x_wconf 90' lang='lat' dir='ltr'><strong>(eius</strong></span> <span class='ocrx_word' id='word_1_204' title='bbox 1325 2093 1358 2157; x_wconf 92' lang='grc'><em>1)</em></span> <span class='ocrx_word' id='word_1_205' title='bbox 1378 2090 1473 2146; x_wconf 91' lang='lat' dir='ltr'><strong>urbem</strong></span> <span class='ocrx_word' id='word_1_206' title='bbox 1492 2036 1635 2145; x_wconf 57' lang='lat' dir='ltr'><strong>nongilicd.</strong></span> <span class='ocrx_word' id='word_1_207' title='bbox 1664 2091 1745 2160; x_wconf 89' lang='lat' dir='ltr'><strong>plane</strong></span> <span class='ocrx_word' id='word_1_208' title='bbox 1763 2091 1787 2144; x_wconf 93' lang='lat' dir='ltr'><strong>si</strong></span> <span class='ocrx_word' id='word_1_209' title='bbox 1799 2090 1863 2160; x_wconf 92' lang='lat' dir='ltr'><strong>quis</strong></span> <span class='ocrx_word' id='word_1_210' title='bbox 1875 2091 1905 2144; x_wconf 93' lang='lat' dir='ltr'><strong>in</strong></span> <span class='ocrx_word' id='word_1_211' title='bbox 1918 2035 2065 2144; x_wconf 58' lang='lat' dir='ltr'><strong>cohorliibus</strong></span> 
     </span>
     <span class='ocr_line' id='line_1_22' title="bbox 637 2160 2065 2231; baseline 0 -17"><span class='ocrx_word' id='word_1_212' title='bbox 637 2160 747 2215; x_wconf 88' lang='lat' dir='ltr'><strong>urbanis</strong></span> <span class='ocrx_word' id='word_1_213' title='bbox 764 2161 942 2230; x_wconf 83' lang='lat' dir='ltr'><strong>permilitauit</strong></span> <span class='ocrx_word' id='word_1_214' title='bbox 958 2162 1097 2226; x_wconf 88' lang='lat' dir='ltr'><strong>(militauit</strong></span> <span class='ocrx_word' id='word_1_215' title='bbox 1115 2163 1166 2231; x_wconf 87' lang='grc' dir='ltr'><em>Ι·),</em></span> <span class='ocrx_word' id='word_1_216' title='bbox 1189 2163 1252 2217; x_wconf 92' lang='lat' dir='ltr'><strong>iicet</strong></span> <span class='ocrx_word' id='word_1_217' title='bbox 1270 2169 1334 2218; x_wconf 90' lang='lat' dir='ltr'><strong>ante</strong></span> <span class='ocrx_word' id='word_1_218' title='bbox 1352 2163 1405 2217; x_wconf 90' lang='lat' dir='ltr'><strong>XX</strong></span> <span class='ocrx_word' id='word_1_219' title='bbox 1428 2177 1515 2217; x_wconf 87' lang='lat' dir='ltr'><strong>anuos</strong></span> <span class='ocrx_word' id='word_1_220' title='bbox 1537 2163 1665 2230; x_wconf 87' lang='lat' dir='ltr'><strong>mittitur,</strong></span> <span class='ocrx_word' id='word_1_221' title='bbox 1688 2168 1782 2216; x_wconf 83' lang='lat' dir='ltr'><strong>tamen</strong></span> <span class='ocrx_word' id='word_1_222' title='bbox 1805 2166 1968 2231; x_wconf 88' lang='lat' dir='ltr'><strong>perpetuam</strong></span> <span class='ocrx_word' id='word_1_223' title='bbox 1991 2160 2065 2215; x_wconf 81' lang='lat' dir='ltr'><strong>babet</strong></span> 
     </span>
     <span class='ocr_line' id='line_1_23' title="bbox 588 2233 2065 2303; baseline 0 -17"><span class='ocrx_word' id='word_1_224' title='bbox 588 2240 618 2287; x_wconf 87' lang='lat'><strong>10</strong></span> <span class='ocrx_word' id='word_1_225' title='bbox 638 2248 655 2286; x_wconf 88' lang='lat' dir='ltr'><strong>a</strong></span> <span class='ocrx_word' id='word_1_226' title='bbox 672 2233 765 2286; x_wconf 90' lang='lat' dir='ltr'><strong>tutelis</strong></span> <span class='ocrx_word' id='word_1_227' title='bbox 783 2233 996 2287; x_wconf 82' lang='lat' dir='ltr'><strong>excusationem.</strong></span> <span class='ocrx_word' id='word_1_228' title='bbox 1030 2233 1171 2298; x_wconf 84' lang='lat' dir='ltr'><strong>Qussitum</strong></span> <span class='ocrx_word' id='word_1_229' title='bbox 1190 2239 1351 2303; x_wconf 84' lang='lat' dir='ltr'><strong>astantem,</strong></span> <span class='ocrx_word' id='word_1_230' title='bbox 1371 2240 1460 2289; x_wconf 92' lang='lat' dir='ltr'><strong>utrum</strong></span> <span class='ocrx_word' id='word_1_231' title='bbox 1480 2249 1562 2288; x_wconf 83' lang='lat' dir='ltr'><strong>unam</strong></span> <span class='ocrx_word' id='word_1_232' title='bbox 1581 2240 1610 2288; x_wconf 91' lang='lat' dir='ltr'><strong>et</strong></span> <span class='ocrx_word' id='word_1_233' title='bbox 1627 2235 1712 2288; x_wconf 89' lang='lat' dir='ltr'><strong>semel</strong></span> <span class='ocrx_word' id='word_1_234' title='bbox 1729 2234 1845 2288; x_wconf 80' lang='lat' dir='ltr'><strong>tutelam</strong></span> <span class='ocrx_word' id='word_1_235' title='bbox 1865 2234 2065 2303; x_wconf 68' lang='lat' dir='ltr'><strong>accipiamus</strong></span> 
     </span>
     <span class='ocr_line' id='line_1_24' title="bbox 637 2303 2064 2377; baseline -0.001 -18"><span class='ocrx_word' id='word_1_236' title='bbox 637 2304 741 2372; x_wconf 81' lang='lat' dir='ltr'><strong>cipiunt</strong></span> <span class='ocrx_word' id='word_1_237' title='bbox 761 2305 797 2368; x_wconf 82' lang='grc'><strong>0)</strong></span> <span class='ocrx_word' id='word_1_238' title='bbox 816 2305 861 2373; x_wconf 91' lang='lat' dir='ltr'><strong>qui</strong></span> <span class='ocrx_word' id='word_1_239' title='bbox 879 2305 942 2359; x_wconf 91' lang='lat' dir='ltr'><strong>olim</strong></span> <span class='ocrx_word' id='word_1_240' title='bbox 962 2303 1071 2359; x_wconf 85' lang='lat' dir='ltr'><strong>inerunt</strong></span> <span class='ocrx_word' id='word_1_241' title='bbox 1089 2305 1196 2373; x_wconf 87' lang='lat' dir='ltr'><strong>milites,</strong></span> <span class='ocrx_word' id='word_1_242' title='bbox 1215 2307 1260 2360; x_wconf 92' lang='lat' dir='ltr'><strong>uel</strong></span> <span class='ocrx_word' id='word_1_243' title='bbox 1278 2322 1332 2362; x_wconf 91' lang='lat' dir='ltr'><strong>unc</strong></span> <span class='ocrx_word' id='word_1_244' title='bbox 1350 2312 1474 2377; x_wconf 91' lang='lat' dir='ltr'><strong>tempore</strong></span> <span class='ocrx_word' id='word_1_245' title='bbox 1492 2319 1547 2360; x_wconf 89' lang='lat' dir='ltr'><strong>non</strong></span> <span class='ocrx_word' id='word_1_246' title='bbox 1564 2306 1681 2375; x_wconf 90' lang='lat' dir='ltr'><strong>amplius</strong></span> <span class='ocrx_word' id='word_1_247' title='bbox 1698 2321 1781 2374; x_wconf 91' lang='lat' dir='ltr'><strong>quam</strong></span> <span class='ocrx_word' id='word_1_248' title='bbox 1800 2305 1897 2373; x_wconf 88' lang='lat' dir='ltr'><strong>semel,</strong></span> <span class='ocrx_word' id='word_1_249' title='bbox 1916 2307 2064 2375; x_wconf 78' lang='lat' dir='ltr'><strong>quiescente</strong></span> 
     </span>
     <span class='ocr_line' id='line_1_25' title="bbox 637 2376 2064 2446; baseline 0 -17"><span class='ocrx_word' id='word_1_250' title='bbox 637 2382 728 2430; x_wconf 90' lang='lat' dir='ltr'><strong>autem</strong></span> <span class='ocrx_word' id='word_1_251' title='bbox 751 2376 840 2444; x_wconf 90' lang='lat' dir='ltr'><strong>prima</strong></span> <span class='ocrx_word' id='word_1_252' title='bbox 862 2376 949 2430; x_wconf 89' lang='lat' dir='ltr'><strong>tutela</strong></span> <span class='ocrx_word' id='word_1_253' title='bbox 972 2391 1066 2431; x_wconf 88' lang='lat' dir='ltr'><strong>rursus</strong></span> <span class='ocrx_word' id='word_1_254' title='bbox 1090 2377 1273 2446; x_wconf 86' lang='lat' dir='ltr'><strong>(priuilegium</strong></span> <span class='ocrx_word' id='word_1_255' title='bbox 1297 2388 1344 2433; x_wconf 79' lang='lat' dir='ltr'><strong>las.</strong></span> <span class='ocrx_word' id='word_1_256' title='bbox 1362 2380 1398 2443; x_wconf 87' lang='grc'><em>1)</em></span> <span class='ocrx_word' id='word_1_257' title='bbox 1421 2377 1566 2446; x_wconf 86' lang='lat' dir='ltr'><strong>recipient:</strong></span> <span class='ocrx_word' id='word_1_258' title='bbox 1589 2378 1668 2432; x_wconf 90' lang='lat' dir='ltr'><strong>aliter</strong></span> <span class='ocrx_word' id='word_1_259' title='bbox 1690 2377 1718 2432; x_wconf 92' lang='lat' dir='ltr'><strong>in</strong></span> <span class='ocrx_word' id='word_1_260' title='bbox 1736 2377 1854 2446; x_wconf 82' lang='lat' dir='ltr'><strong>priuatis</strong></span> <span class='ocrx_word' id='word_1_261' title='bbox 1877 2392 1932 2446; x_wconf 88' lang='lat' dir='ltr'><strong>que</strong></span> <span class='ocrx_word' id='word_1_262' title='bbox 1957 2376 2014 2445; x_wconf 90' lang='lat' dir='ltr'><strong>(qui</strong></span> <span class='ocrx_word' id='word_1_263' title='bbox 2035 2376 2064 2440; x_wconf 91' lang='grc'><em>1)</em></span> 
     </span>
     <span class='ocr_line' id='line_1_26' title="bbox 637 2447 2065 2519; baseline -0.001 -17"><span class='ocrx_word' id='word_1_264' title='bbox 637 2447 799 2518; x_wconf 89' lang='lat' dir='ltr'><strong>quieucrunt</strong></span> <span class='ocrx_word' id='word_1_265' title='bbox 816 2462 871 2502; x_wconf 91' lang='lat' dir='ltr'><strong>non</strong></span> <span class='ocrx_word' id='word_1_266' title='bbox 883 2448 965 2514; x_wconf 90' lang='lat' dir='ltr'><strong>(enim</strong></span> <span class='ocrx_word' id='word_1_267' title='bbox 979 2456 1026 2502; x_wconf 72' lang='lat' dir='ltr'><strong>ins.</strong></span> <span class='ocrx_word' id='word_1_268' title='bbox 1039 2448 1074 2514; x_wconf 83' lang='lat' dir='ltr'><strong>L)</strong></span> <span class='ocrx_word' id='word_1_269' title='bbox 1087 2448 1252 2503; x_wconf 85' lang='lat' dir='ltr'><strong>auxiliantur</strong></span> <span class='ocrx_word' id='word_1_270' title='bbox 1264 2448 1323 2518; x_wconf 90' lang='lat' dir='ltr'><strong>hiis,</strong></span> <span class='ocrx_word' id='word_1_271' title='bbox 1342 2449 1389 2519; x_wconf 93' lang='lat' dir='ltr'><strong>qui</strong></span> <span class='ocrx_word' id='word_1_272' title='bbox 1407 2448 1568 2517; x_wconf 88' lang='lat' dir='ltr'><strong>habuerunt,</strong></span> <span class='ocrx_word' id='word_1_273' title='bbox 1587 2463 1675 2517; x_wconf 84' lang='lat' dir='ltr'><strong>neque</strong></span> <span class='ocrx_word' id='word_1_274' title='bbox 1693 2449 1765 2503; x_wconf 87' lang='lat' dir='ltr'><strong>inter</strong></span> <span class='ocrx_word' id='word_1_275' title='bbox 1782 2454 1840 2502; x_wconf 86' lang='lat' dir='ltr'><strong>tres</strong></span> <span class='ocrx_word' id='word_1_276' title='bbox 1860 2451 2065 2503; x_wconf 80' lang='lat' dir='ltr'><strong>annumerantm</strong></span> 
     </span>
     <span class='ocr_line' id='line_1_27' title="bbox 637 2518 2065 2605; baseline 0 -32"><span class='ocrx_word' id='word_1_277' title='bbox 637 2523 841 2585; x_wconf 88' lang='lat' dir='ltr'><strong>(enumerantur</strong></span> <span class='ocrx_word' id='word_1_278' title='bbox 853 2519 902 2585; x_wconf 88' lang='lat' dir='ltr'><strong>L):</strong></span> <span class='ocrx_word' id='word_1_279' title='bbox 921 2519 960 2573; x_wconf 87' lang='lat' dir='ltr'><strong>ita</strong></span> <span class='ocrx_word' id='word_1_280' title='bbox 977 2524 1007 2573; x_wconf 89' lang='lat' dir='ltr'><strong>et</strong></span> <span class='ocrx_word' id='word_1_281' title='bbox 1024 2521 1063 2585; x_wconf 89' lang='lat' dir='ltr'><strong>(et</strong></span> <span class='ocrx_word' id='word_1_282' title='bbox 1075 2519 1114 2604; x_wconf 80' lang='lat' dir='ltr'><strong>ita</strong></span> <span class='ocrx_word' id='word_1_283' title='bbox 1125 2520 1235 2604; x_wconf 59' lang='lat' dir='ltr'><strong>LCiin</strong></span> <span class='ocrx_word' id='word_1_284' title='bbox 1253 2519 1305 2576; x_wconf 91' lang='lat' dir='ltr'><strong>hiis</strong></span> <span class='ocrx_word' id='word_1_285' title='bbox 1323 2522 1369 2590; x_wconf 92' lang='lat' dir='ltr'><strong>qui</strong></span> <span class='ocrx_word' id='word_1_286' title='bbox 1381 2521 1446 2575; x_wconf 91' lang='lat' dir='ltr'><strong>olim</strong></span> <span class='ocrx_word' id='word_1_287' title='bbox 1458 2519 1568 2575; x_wconf 85' lang='lat' dir='ltr'><strong>inerunt</strong></span> <span class='ocrx_word' id='word_1_288' title='bbox 1579 2518 1691 2605; x_wconf 77' lang='lat' dir='ltr'><strong>(luerint</strong></span> <span class='ocrx_word' id='word_1_289' title='bbox 1703 2521 1767 2605; x_wconf 66' lang='lat' dir='ltr'><strong>Lt&#39;)</strong></span> <span class='ocrx_word' id='word_1_290' title='bbox 1780 2520 1889 2605; x_wconf 77' lang='lat' dir='ltr'><strong>milites</strong></span> <span class='ocrx_word' id='word_1_291' title='bbox 1895 2536 1951 2604; x_wconf 80' lang='lat' dir='ltr'><strong>non</strong></span> <span class='ocrx_word' id='word_1_292' title='bbox 1961 2519 2065 2604; x_wconf 75' lang='lat' dir='ltr'><strong>prodest</strong></span> 
     </span>
     <span class='ocr_line' id='line_1_28' title="bbox 637 2589 2065 2747; baseline -0.001 -30"><span class='ocrx_word' id='word_1_293' title='bbox 637 2589 1782 2747; x_wconf 22' lang='lat' dir='ltr'><strong>lllltmlldltttihhmalit&#39;tiltmlllihltltlllllff</strong></span> <span class='ocrx_word' id='word_1_294' title='bbox 1799 2591 2065 2718; x_wconf 59' lang='lat' dir='ltr'><strong>tibitibi</strong></span> 
     </span>
     <span class='ocr_line' id='line_1_29' title="bbox 588 2733 2064 2819; baseline 0.001 -32"><span class='ocrx_word' id='word_1_295' title='bbox 588 2741 616 2787; x_wconf 91' lang='lat'><strong>11</strong></span> <span class='ocrx_word' id='word_1_296' title='bbox 638 2740 723 2789; x_wconf 89' lang='lat' dir='ltr'><strong>const.</strong></span> <span class='ocrx_word' id='word_1_297' title='bbox 743 2735 788 2799; x_wconf 84' lang='lat' dir='ltr'><strong>L).</strong></span> <span class='ocrx_word' id='word_1_298' title='bbox 822 2734 859 2787; x_wconf 86' lang='lat' dir='ltr'><strong>Et</strong></span> <span class='ocrx_word' id='word_1_299' title='bbox 876 2733 958 2788; x_wconf 86' lang='lat' dir='ltr'><strong>nrchrl</strong></span> <span class='ocrx_word' id='word_1_300' title='bbox 975 2733 1074 2818; x_wconf 45' lang='lat' dir='ltr'><strong>drijiert2</strong></span> <span class='ocrx_word' id='word_1_301' title='bbox 1092 2735 1209 2803; x_wconf 88' lang='lat' dir='ltr'><strong>qualiter</strong></span> <span class='ocrx_word' id='word_1_302' title='bbox 1226 2736 1350 2804; x_wconf 78' lang='lat' dir='ltr'><strong>indigent</strong></span> <span class='ocrx_word' id='word_1_303' title='bbox 1367 2733 1415 2790; x_wconf 85' lang='lat' dir='ltr'><strong>filii</strong></span> <span class='ocrx_word' id='word_1_304' title='bbox 1432 2735 1623 2819; x_wconf 74' lang='lat' dir='ltr'><strong>commilitonis</strong></span> <span class='ocrx_word' id='word_1_305' title='bbox 1641 2735 1853 2819; x_wconf 79' lang='lat' dir='ltr'><strong>(commilitones</strong></span> <span class='ocrx_word' id='word_1_306' title='bbox 1872 2735 1901 2800; x_wconf 92' lang='grc'><em>1)</em></span> <span class='ocrx_word' id='word_1_307' title='bbox 1914 2734 2064 2819; x_wconf 32' lang='lat' dir='ltr'><strong>&#39;tutem-nel</strong></span> 
     </span>
     <span class='ocr_line' id='line_1_30' title="bbox 589 2805 2065 2947; baseline 0 -15"><span class='ocrx_word' id='word_1_308' title='bbox 589 2814 618 2858; x_wconf 76' lang='lat'><strong>¹²</strong></span> <span class='ocrx_word' id='word_1_309' title='bbox 637 2805 2065 2947; x_wconf 49' lang='lat' dir='ltr'><strong>stetistislthtlltiltllllhllltthllhh‘lhlllihtlthietrich</strong></span> 
     </span>
     <span class='ocr_line' id='line_1_31' title="bbox 637 2947 2064 3033; baseline -0.001 -29"><span class='ocrx_word' id='word_1_310' title='bbox 637 2948 753 3004; x_wconf 87' lang='lat' dir='ltr'><strong>filiorum</strong></span> <span class='ocrx_word' id='word_1_311' title='bbox 777 2953 861 3032; x_wconf 67' lang='lat' dir='ltr'><strong>erunt⁸</strong></span> <span class='ocrx_word' id='word_1_312' title='bbox 880 2949 968 3032; x_wconf 78' lang='lat' dir='ltr'><strong>(prim.</strong></span> <span class='ocrx_word' id='word_1_313' title='bbox 986 2953 1077 3003; x_wconf 90' lang='lat' dir='ltr'><strong>autem</strong></span> <span class='ocrx_word' id='word_1_314' title='bbox 1102 2954 1154 3003; x_wconf 89' lang='lat' dir='ltr'><strong>tut.</strong></span> <span class='ocrx_word' id='word_1_315' title='bbox 1172 2947 1208 3004; x_wconf 85' lang='lat' dir='ltr'><strong>fil.</strong></span> <span class='ocrx_word' id='word_1_316' title='bbox 1227 2956 1306 3005; x_wconf 90' lang='lat' dir='ltr'><strong>erunt</strong></span> <span class='ocrx_word' id='word_1_317' title='bbox 1324 2969 1372 3004; x_wconf 88' lang='lat' dir='ltr'><strong>om.</strong></span> <span class='ocrx_word' id='word_1_318' title='bbox 1386 2951 1430 3014; x_wconf 89' lang='grc'><em>1).</em></span> <span class='ocrx_word' id='word_1_319' title='bbox 1458 2949 1626 3020; x_wconf 89' lang='lat' dir='ltr'><strong>primipilarii</strong></span> <span class='ocrx_word' id='word_1_320' title='bbox 1648 2956 1745 3033; x_wconf 40' lang='lat' dir='ltr'><strong>autem·</strong></span> <span class='ocrx_word' id='word_1_321' title='bbox 1765 2948 1803 3003; x_wconf 91' lang='lat' dir='ltr'><strong>hii</strong></span> <span class='ocrx_word' id='word_1_322' title='bbox 1827 2951 2003 3018; x_wconf 86' lang='lat' dir='ltr'><strong>estimantur,</strong></span> <span class='ocrx_word' id='word_1_323' title='bbox 2024 2949 2064 3018; x_wconf 90' lang='lat' dir='ltr'><strong>qui</strong></span> 
     </span>
     <span class='ocr_line' id='line_1_32' title="bbox 639 3019 2063 3090; baseline 0 -15"><span class='ocrx_word' id='word_1_324' title='bbox 639 3026 767 3075; x_wconf 86' lang='lat' dir='ltr'><strong>exercent</strong></span> <span class='ocrx_word' id='word_1_325' title='bbox 783 3020 956 3089; x_wconf 83' lang='lat' dir='ltr'><strong>prrmrprium.</strong></span> <span class='ocrx_word' id='word_1_326' title='bbox 983 3021 1006 3074; x_wconf 90' lang='lat' dir='ltr'><strong>si</strong></span> <span class='ocrx_word' id='word_1_327' title='bbox 1024 3026 1115 3075; x_wconf 88' lang='lat' dir='ltr'><strong>autem</strong></span> <span class='ocrx_word' id='word_1_328' title='bbox 1134 3036 1188 3076; x_wconf 91' lang='lat' dir='ltr'><strong>nou</strong></span> <span class='ocrx_word' id='word_1_329' title='bbox 1206 3036 1338 3075; x_wconf 83' lang='lat' dir='ltr'><strong>exercens</strong></span> <span class='ocrx_word' id='word_1_330' title='bbox 1356 3027 1480 3076; x_wconf 88' lang='lat' dir='ltr'><strong>mortuus</strong></span> <span class='ocrx_word' id='word_1_331' title='bbox 1497 3019 1593 3090; x_wconf 86' lang='lat' dir='ltr'><strong>inerit,</strong></span> <span class='ocrx_word' id='word_1_332' title='bbox 1611 3020 1691 3075; x_wconf 91' lang='lat' dir='ltr'><strong>huius</strong></span> <span class='ocrx_word' id='word_1_333' title='bbox 1709 3019 1827 3075; x_wconf 89' lang='lat' dir='ltr'><strong>tihorum</strong></span> <span class='ocrx_word' id='word_1_334' title='bbox 1846 3020 1943 3084; x_wconf 84' lang='lat' dir='ltr'><strong>(fuerit</strong></span> <span class='ocrx_word' id='word_1_335' title='bbox 1958 3020 2063 3076; x_wconf 83' lang='lat' dir='ltr'><strong>tiliorum</strong></span> 
     </span>
     <span class='ocr_line' id='line_1_33' title="bbox 639 3090 1868 3163; baseline 0 -16"><span class='ocrx_word' id='word_1_336' title='bbox 639 3090 711 3147; x_wconf 88' lang='lat' dir='ltr'><strong>tilius</strong></span> <span class='ocrx_word' id='word_1_337' title='bbox 729 3094 764 3158; x_wconf 83' lang='lat' dir='ltr'><strong>L&gt;</strong></span> <span class='ocrx_word' id='word_1_338' title='bbox 781 3091 973 3162; x_wconf 89' lang='lat' dir='ltr'><strong>primipilarius</strong></span> <span class='ocrx_word' id='word_1_339' title='bbox 991 3107 1046 3147; x_wconf 88' lang='lat' dir='ltr'><strong>non</strong></span> <span class='ocrx_word' id='word_1_340' title='bbox 1064 3096 1130 3159; x_wconf 89' lang='lat' dir='ltr'><strong>(non</strong></span> <span class='ocrx_word' id='word_1_341' title='bbox 1147 3092 1339 3163; x_wconf 87' lang='lat' dir='ltr'><strong>primipilarius</strong></span> <span class='ocrx_word' id='word_1_342' title='bbox 1357 3093 1379 3158; x_wconf 88' lang='lat' dir='ltr'><strong>l,</strong></span> <span class='ocrx_word' id='word_1_343' title='bbox 1397 3093 1570 3163; x_wconf 87' lang='lat' dir='ltr'><strong>primipilaris</strong></span> <span class='ocrx_word' id='word_1_344' title='bbox 1588 3107 1642 3149; x_wconf 89' lang='lat' dir='ltr'><strong>non</strong></span> <span class='ocrx_word' id='word_1_345' title='bbox 1660 3094 1695 3160; x_wconf 90' lang='grc'><em>1)</em></span> <span class='ocrx_word' id='word_1_346' title='bbox 1715 3098 1789 3148; x_wconf 91' lang='lat' dir='ltr'><strong>tutor</strong></span> <span class='ocrx_word' id='word_1_347' title='bbox 1807 3093 1868 3148; x_wconf 89' lang='lat' dir='ltr'><strong>erit</strong></span> 
     </span>
    </p>
   </div>
   <div class='ocr_carea' id='block_1_3' title="bbox 601 3195 2064 3411">
    <p class='ocr_par' dir='ltr' id='par_1_3' title="bbox 601 3195 2064 3411">
     <span class='ocr_line' id='line_1_34' title="bbox 601 3195 2064 3270; baseline 0 -16"><span class='ocrx_word' id='word_1_348' title='bbox 601 3195 620 3254; x_wconf 88' lang='grc'><strong>9</strong></span> <span class='ocrx_word' id='word_1_349' title='bbox 691 3197 842 3253; x_wconf 81' lang='lat' dir='ltr'><strong>Unorsuos</strong></span> <span class='ocrx_word' id='word_1_350' title='bbox 858 3196 936 3252; x_wconf 89' lang='lat' dir='ltr'><strong>libro.</strong></span> <span class='ocrx_word' id='word_1_351' title='bbox 973 3196 1002 3252; x_wconf 86' lang='lat' dir='ltr'><strong>Si</strong></span> <span class='ocrx_word' id='word_1_352' title='bbox 1018 3197 1144 3253; x_wconf 90' lang='lat' dir='ltr'><strong>tribunus</strong></span> <span class='ocrx_word' id='word_1_353' title='bbox 1161 3199 1190 3253; x_wconf 92' lang='lat' dir='ltr'><strong>in</strong></span> <span class='ocrx_word' id='word_1_354' title='bbox 1207 3198 1363 3254; x_wconf 86' lang='lat' dir='ltr'><strong>cohortibus</strong></span> <span class='ocrx_word' id='word_1_355' title='bbox 1381 3199 1506 3270; x_wconf 88' lang='lat' dir='ltr'><strong>pretoriis</strong></span> <span class='ocrx_word' id='word_1_356' title='bbox 1525 3199 1647 3265; x_wconf 88' lang='lat' dir='ltr'><strong>(urbanis</strong></span> <span class='ocrx_word' id='word_1_357' title='bbox 1664 3200 1699 3263; x_wconf 91' lang='grc'><em>1)</em></span> <span class='ocrx_word' id='word_1_358' title='bbox 1716 3199 1929 3268; x_wconf 87' lang='lat' dir='ltr'><strong>permilitanerit</strong></span> <span class='ocrx_word' id='word_1_359' title='bbox 1947 3199 2064 3269; x_wconf 82' lang='lat' dir='ltr'><strong>(pel-mili·</strong></span> 
     </span>
     <span class='ocr_line' id='line_1_35' title="bbox 638 3268 2064 3339; baseline 0.001 -15"><span class='ocrx_word' id='word_1_360' title='bbox 638 3270 711 3325; x_wconf 89' lang='lat' dir='ltr'><strong>tauit</strong></span> <span class='ocrx_word' id='word_1_361' title='bbox 730 3270 774 3338; x_wconf 82' lang='grc'><em>0),</em></span> <span class='ocrx_word' id='word_1_362' title='bbox 793 3271 875 3324; x_wconf 90' lang='lat' dir='ltr'><strong>etiam</strong></span> <span class='ocrx_word' id='word_1_363' title='bbox 893 3269 1057 3338; x_wconf 85' lang='lat' dir='ltr'><strong>collegarum</strong></span> <span class='ocrx_word' id='word_1_364' title='bbox 1075 3268 1190 3326; x_wconf 86' lang='lat' dir='ltr'><strong>filiorum</strong></span> <span class='ocrx_word' id='word_1_365' title='bbox 1210 3272 1296 3326; x_wconf 86' lang='lat' dir='ltr'><strong>tutela</strong></span> <span class='ocrx_word' id='word_1_366' title='bbox 1313 3270 1488 3326; x_wconf 79' lang='lat' dir='ltr'><strong>excusabitur</strong></span> <span class='ocrx_word' id='word_1_367' title='bbox 1504 3269 1634 3326; x_wconf 85' lang='lat' dir='ltr'><strong>benefitio</strong></span> <span class='ocrx_word' id='word_1_368' title='bbox 1652 3270 1709 3325; x_wconf 88' lang='lat' dir='ltr'><strong>diui</strong></span> <span class='ocrx_word' id='word_1_369' title='bbox 1727 3270 1796 3338; x_wconf 92' lang='lat' dir='ltr'><strong>(diui</strong></span> <span class='ocrx_word' id='word_1_370' title='bbox 1815 3290 1865 3326; x_wconf 87' lang='lat' dir='ltr'><strong>om.</strong></span> <span class='ocrx_word' id='word_1_371' title='bbox 1878 3273 1916 3339; x_wconf 85' lang='lat' dir='ltr'><strong>L)</strong></span> <span class='ocrx_word' id='word_1_372' title='bbox 1934 3270 2024 3327; x_wconf 83' lang='lat' dir='ltr'><strong>Seueri</strong></span> <span class='ocrx_word' id='word_1_373' title='bbox 2040 3276 2064 3326; x_wconf 90' lang='lat' dir='ltr'><strong>et</strong></span> 
     </span>
     <span class='ocr_line' id='line_1_36' title="bbox 640 3342 1107 3411; baseline 0 -14"><span class='ocrx_word' id='word_1_374' title='bbox 640 3348 679 3408; x_wconf 92' lang='lat' dir='ltr'><strong>(et</strong></span> <span class='ocrx_word' id='word_1_375' title='bbox 697 3362 745 3396; x_wconf 84' lang='lat' dir='ltr'><strong>om.</strong></span> <span class='ocrx_word' id='word_1_376' title='bbox 758 3342 807 3408; x_wconf 84' lang='grc'><strong>11)</strong></span> <span class='ocrx_word' id='word_1_377' title='bbox 825 3342 996 3411; x_wconf 88' lang='lat' dir='ltr'><strong>imperatoris</strong></span> <span class='ocrx_word' id='word_1_378' title='bbox 1012 3343 1107 3397; x_wconf 91' lang='lat' dir='ltr'><strong>nostri.</strong></span> 
     </span>
    </p>
   </div>
   <div class='ocr_carea' id='block_1_4' title="bbox 583 3445 2069 4805">
    <p class='ocr_par' dir='ltr' id='par_1_4' title="bbox 583 3445 2065 3662">
     <span class='ocr_line' id='line_1_37' title="bbox 583 3445 2064 3519; baseline 0.001 -16"><span class='ocrx_word' id='word_1_379' title='bbox 583 3445 622 3504; x_wconf 91' lang='lat'><strong>10</strong></span> <span class='ocrx_word' id='word_1_380' title='bbox 691 3449 884 3503; x_wconf 78' lang='lat' dir='ltr'><strong>Mooasumus</strong></span> <span class='ocrx_word' id='word_1_381' title='bbox 901 3447 978 3503; x_wconf 90' lang='lat' dir='ltr'><strong>libro.</strong></span> <span class='ocrx_word' id='word_1_382' title='bbox 1014 3448 1075 3504; x_wconf 87' lang='lat' dir='ltr'><strong>Non</strong></span> <span class='ocrx_word' id='word_1_383' title='bbox 1093 3449 1180 3504; x_wconf 90' lang='lat' dir='ltr'><strong>solum</strong></span> <span class='ocrx_word' id='word_1_384' title='bbox 1199 3453 1291 3504; x_wconf 89' lang='lat' dir='ltr'><strong>antem</strong></span> <span class='ocrx_word' id='word_1_385' title='bbox 1309 3449 1355 3518; x_wconf 90' lang='lat' dir='ltr'><strong>qai</strong></span> <span class='ocrx_word' id='word_1_386' title='bbox 1373 3448 1409 3503; x_wconf 90' lang='lat' dir='ltr'><strong>ud</strong></span> <span class='ocrx_word' id='word_1_387' title='bbox 1427 3449 1559 3518; x_wconf 71' lang='lat' dir='ltr'><strong>caligatus</strong></span> <span class='ocrx_word' id='word_1_388' title='bbox 1576 3451 1618 3517; x_wconf 72' lang='lat' dir='ltr'><strong>(q.</strong></span> <span class='ocrx_word' id='word_1_389' title='bbox 1635 3447 1746 3519; x_wconf 80' lang='lat' dir='ltr'><strong>[quodi]</strong></span> <span class='ocrx_word' id='word_1_390' title='bbox 1760 3450 1875 3518; x_wconf 83' lang='lat' dir='ltr'><strong>caligat·</strong></span> <span class='ocrx_word' id='word_1_391' title='bbox 1892 3449 1925 3514; x_wconf 77' lang='lat'><strong>1⁰,</strong></span> <span class='ocrx_word' id='word_1_392' title='bbox 1944 3449 1989 3519; x_wconf 93' lang='lat' dir='ltr'><strong>qui</strong></span> <span class='ocrx_word' id='word_1_393' title='bbox 2004 3448 2064 3517; x_wconf 77' lang='lat' dir='ltr'><strong>guli·</strong></span> 
     </span>
     <span class='ocr_line' id='line_1_38' title="bbox 639 3519 2064 3590; baseline 0 -15"><span class='ocrx_word' id='word_1_394' title='bbox 639 3525 720 3590; x_wconf 88' lang='lat' dir='ltr'><strong>gatus</strong></span> <span class='ocrx_word' id='word_1_395' title='bbox 738 3519 774 3586; x_wconf 75' lang='lat'><strong>1⁶)</strong></span> <span class='ocrx_word' id='word_1_396' title='bbox 793 3519 903 3574; x_wconf 90' lang='lat' dir='ltr'><strong>militias</strong></span> <span class='ocrx_word' id='word_1_397' title='bbox 921 3519 1039 3583; x_wconf 88' lang='lat' dir='ltr'><strong>(attritas</strong></span> <span class='ocrx_word' id='word_1_398' title='bbox 1057 3529 1103 3575; x_wconf 77' lang='lat' dir='ltr'><strong>lus.</strong></span> <span class='ocrx_word' id='word_1_399' title='bbox 1118 3521 1154 3587; x_wconf 78' lang='grc' dir='ltr'><strong>Ι”)</strong></span> <span class='ocrx_word' id='word_1_400' title='bbox 1171 3525 1200 3576; x_wconf 91' lang='lat' dir='ltr'><strong>et</strong></span> <span class='ocrx_word' id='word_1_401' title='bbox 1217 3521 1335 3590; x_wconf 87' lang='lat' dir='ltr'><strong>reliquas</strong></span> <span class='ocrx_word' id='word_1_402' title='bbox 1352 3521 1519 3590; x_wconf 88' lang='lat' dir='ltr'><strong>primipilarii</strong></span> <span class='ocrx_word' id='word_1_403' title='bbox 1537 3520 1722 3575; x_wconf 91' lang='lat' dir='ltr'><strong>militanerunt</strong></span> <span class='ocrx_word' id='word_1_404' title='bbox 1740 3521 1902 3585; x_wconf 82' lang='lat' dir='ltr'><strong>(militarent</strong></span> <span class='ocrx_word' id='word_1_405' title='bbox 1920 3522 1959 3584; x_wconf 87' lang='grc'><strong>1,</strong></span> <span class='ocrx_word' id='word_1_406' title='bbox 1977 3521 2064 3575; x_wconf 80' lang='lat' dir='ltr'><strong>milita·</strong></span> 
     </span>
     <span class='ocr_line' id='line_1_39' title="bbox 638 3590 2065 3662; baseline 0.001 -15"><span class='ocrx_word' id='word_1_407' title='bbox 638 3599 702 3647; x_wconf 91' lang='lat' dir='ltr'><strong>runt</strong></span> <span class='ocrx_word' id='word_1_408' title='bbox 716 3592 761 3656; x_wconf 82' lang='grc'><strong>0).</strong></span> <span class='ocrx_word' id='word_1_409' title='bbox 780 3597 823 3646; x_wconf 88' lang='lat' dir='ltr'><strong>set</strong></span> <span class='ocrx_word' id='word_1_410' title='bbox 840 3596 869 3646; x_wconf 90' lang='lat' dir='ltr'><strong>et</strong></span> <span class='ocrx_word' id='word_1_411' title='bbox 886 3592 932 3660; x_wconf 94' lang='lat' dir='ltr'><strong>qni</strong></span> <span class='ocrx_word' id='word_1_412' title='bbox 950 3592 1007 3660; x_wconf 92' lang='lat' dir='ltr'><strong>(qui</strong></span> <span class='ocrx_word' id='word_1_413' title='bbox 1020 3612 1068 3645; x_wconf 88' lang='lat' dir='ltr'><strong>om.</strong></span> <span class='ocrx_word' id='word_1_414' title='bbox 1081 3592 1115 3658; x_wconf 88' lang='grc'><em>1)</em></span> <span class='ocrx_word' id='word_1_415' title='bbox 1128 3592 1351 3662; x_wconf 79' lang='lat' dir='ltr'><strong>qualitercunque</strong></span> <span class='ocrx_word' id='word_1_416' title='bbox 1369 3592 1540 3648; x_wconf 85' lang='lat' dir='ltr'><strong>necessitatis</strong></span> <span class='ocrx_word' id='word_1_417' title='bbox 1552 3591 1660 3661; x_wconf 90' lang='lat' dir='ltr'><strong>publice</strong></span> <span class='ocrx_word' id='word_1_418' title='bbox 1676 3590 1764 3662; x_wconf 90' lang='lat' dir='ltr'><strong>plebis</strong></span> <span class='ocrx_word' id='word_1_419' title='bbox 1779 3593 1966 3648; x_wconf 87' lang='lat' dir='ltr'><strong>Romanorum</strong></span> <span class='ocrx_word' id='word_1_420' title='bbox 1983 3592 2065 3660; x_wconf 84' lang='lat' dir='ltr'><strong>gratia</strong></span> 
     </span>
    </p>

    <p class='ocr_par' dir='ltr' id='par_1_5' title="bbox 606 3661 2065 3949">
     <span class='ocr_line' id='line_1_40' title="bbox 606 3661 2064 3732; baseline 0.001 -16"><span class='ocrx_word' id='word_1_421' title='bbox 606 3671 619 3716; x_wconf 92' lang='lat'>1</span> <span class='ocrx_word' id='word_1_422' title='bbox 639 3663 766 3719; x_wconf 90' lang='lat' dir='ltr'><strong>absentes</strong></span> <span class='ocrx_word' id='word_1_423' title='bbox 784 3661 906 3731; x_wconf 83' lang='lat' dir='ltr'><strong>fuerunt,</strong></span> <span class='ocrx_word' id='word_1_424' title='bbox 931 3664 995 3717; x_wconf 92' lang='lat' dir='ltr'><strong>anni</strong></span> <span class='ocrx_word' id='word_1_425' title='bbox 1018 3662 1119 3718; x_wconf 92' lang='lat' dir='ltr'><strong>habent</strong></span> <span class='ocrx_word' id='word_1_426' title='bbox 1141 3665 1312 3719; x_wconf 87' lang='lat' dir='ltr'><strong>uacationem</strong></span> <span class='ocrx_word' id='word_1_427' title='bbox 1331 3665 1503 3730; x_wconf 71' lang='lat' dir='ltr'><strong>(necatio)</strong></span> <span class='ocrx_word' id='word_1_428' title='bbox 1525 3669 1590 3732; x_wconf 92' lang='lat' dir='ltr'><strong>post</strong></span> <span class='ocrx_word' id='word_1_429' title='bbox 1607 3664 1800 3719; x_wconf 89' lang='lat' dir='ltr'><strong>reuersionem.</strong></span> <span class='ocrx_word' id='word_1_430' title='bbox 1838 3664 1938 3719; x_wconf 84' lang='lat' dir='ltr'><strong>Annus</strong></span> <span class='ocrx_word' id='word_1_431' title='bbox 1956 3663 2064 3732; x_wconf 88' lang='lat' dir='ltr'><strong>denique</strong></span> 
     </span>
     <span class='ocr_line' id='line_1_41' title="bbox 639 3734 2065 3806; baseline -0.001 -16"><span class='ocrx_word' id='word_1_432' title='bbox 639 3735 683 3790; x_wconf 90' lang='lat' dir='ltr'><strong>bic</strong></span> <span class='ocrx_word' id='word_1_433' title='bbox 706 3734 767 3797; x_wconf 90' lang='lat' dir='ltr'><strong>(hic</strong></span> <span class='ocrx_word' id='word_1_434' title='bbox 791 3754 839 3788; x_wconf 82' lang='lat' dir='ltr'><strong>om.</strong></span> <span class='ocrx_word' id='word_1_435' title='bbox 850 3735 892 3798; x_wconf 76' lang='lat'><strong>1¹¹)</strong></span> <span class='ocrx_word' id='word_1_436' title='bbox 916 3750 970 3789; x_wconf 94' lang='lat' dir='ltr'><strong>non</strong></span> <span class='ocrx_word' id='word_1_437' title='bbox 991 3735 1078 3789; x_wconf 90' lang='lat' dir='ltr'><strong>solum</strong></span> <span class='ocrx_word' id='word_1_438' title='bbox 1102 3734 1153 3790; x_wconf 89' lang='lat' dir='ltr'><strong>hiis</strong></span> <span class='ocrx_word' id='word_1_439' title='bbox 1176 3737 1223 3805; x_wconf 93' lang='lat' dir='ltr'><strong>qui</strong></span> <span class='ocrx_word' id='word_1_440' title='bbox 1246 3736 1451 3805; x_wconf 86' lang='lat' dir='ltr'><strong>compleuerant</strong></span> <span class='ocrx_word' id='word_1_441' title='bbox 1475 3740 1634 3790; x_wconf 85' lang='lat' dir='ltr'><strong>consuetum</strong></span> <span class='ocrx_word' id='word_1_442' title='bbox 1659 3737 1755 3791; x_wconf 91' lang='lat' dir='ltr'><strong>militie</strong></span> <span class='ocrx_word' id='word_1_443' title='bbox 1777 3743 1889 3806; x_wconf 86' lang='lat' dir='ltr'><strong>tempus</strong></span> <span class='ocrx_word' id='word_1_444' title='bbox 1912 3737 1941 3791; x_wconf 91' lang='lat' dir='ltr'><strong>in</strong></span> <span class='ocrx_word' id='word_1_445' title='bbox 1961 3735 2065 3804; x_wconf 88' lang='lat' dir='ltr'><strong>reliquis</strong></span> 
     </span>
     <span class='ocr_line' id='line_1_42' title="bbox 638 3805 2065 3877; baseline 0.001 -16"><span class='ocrx_word' id='word_1_446' title='bbox 638 3807 754 3877; x_wconf 90' lang='lat' dir='ltr'><strong>publicis</strong></span> <span class='ocrx_word' id='word_1_447' title='bbox 772 3805 981 3860; x_wconf 89' lang='lat' dir='ltr'><strong>necessitatibus</strong></span> <span class='ocrx_word' id='word_1_448' title='bbox 999 3805 1093 3875; x_wconf 91' lang='lat' dir='ltr'><strong>datur,</strong></span> <span class='ocrx_word' id='word_1_449' title='bbox 1113 3813 1156 3861; x_wconf 90' lang='lat' dir='ltr'><strong>set</strong></span> <span class='ocrx_word' id='word_1_450' title='bbox 1173 3813 1201 3861; x_wconf 89' lang='lat' dir='ltr'><strong>et</strong></span> <span class='ocrx_word' id='word_1_451' title='bbox 1219 3806 1270 3862; x_wconf 91' lang='lat' dir='ltr'><strong>hiis</strong></span> <span class='ocrx_word' id='word_1_452' title='bbox 1292 3808 1340 3876; x_wconf 92' lang='lat' dir='ltr'><strong>qui</strong></span> <span class='ocrx_word' id='word_1_453' title='bbox 1362 3808 1586 3877; x_wconf 88' lang='lat' dir='ltr'><strong>qualitercunque</strong></span> <span class='ocrx_word' id='word_1_454' title='bbox 1609 3808 1773 3876; x_wconf 88' lang='lat' dir='ltr'><strong>quieuerunt</strong></span> <span class='ocrx_word' id='word_1_455' title='bbox 1790 3825 1809 3862; x_wconf 89' lang='lat' dir='ltr'><strong>u</strong></span> <span class='ocrx_word' id='word_1_456' title='bbox 1826 3807 1938 3877; x_wconf 85' lang='lat' dir='ltr'><strong>publica</strong></span> <span class='ocrx_word' id='word_1_457' title='bbox 1956 3807 2065 3862; x_wconf 85' lang='lat' dir='ltr'><strong>necessi·</strong></span> 
     </span>
     <span class='ocr_line' id='line_1_43' title="bbox 639 3877 2065 3949; baseline -0.001 -16"><span class='ocrx_word' id='word_1_458' title='bbox 639 3884 696 3933; x_wconf 89' lang='lat' dir='ltr'><strong>tate</strong></span> <span class='ocrx_word' id='word_1_459' title='bbox 715 3883 743 3932; x_wconf 91' lang='lat' dir='ltr'><strong>et</strong></span> <span class='ocrx_word' id='word_1_460' title='bbox 761 3881 804 3935; x_wconf 89' lang='lat' dir='ltr'><strong>(et</strong></span> <span class='ocrx_word' id='word_1_461' title='bbox 822 3896 870 3931; x_wconf 76' lang='lat' dir='ltr'><strong>orn.</strong></span> <span class='ocrx_word' id='word_1_462' title='bbox 886 3879 922 3943; x_wconf 82' lang='lat' dir='ltr'><strong>(l)</strong></span> <span class='ocrx_word' id='word_1_463' title='bbox 938 3877 1044 3932; x_wconf 81' lang='lat' dir='ltr'><strong>&#39;reuersi</strong></span> <span class='ocrx_word' id='word_1_464' title='bbox 1062 3883 1139 3948; x_wconf 88' lang='lat' dir='ltr'><strong>sunt,</strong></span> <span class='ocrx_word' id='word_1_465' title='bbox 1162 3887 1190 3934; x_wconf 88' lang='lat' dir='ltr'><strong>et</strong></span> <span class='ocrx_word' id='word_1_466' title='bbox 1208 3880 1231 3934; x_wconf 92' lang='lat' dir='ltr'><strong>si</strong></span> <span class='ocrx_word' id='word_1_467' title='bbox 1250 3880 1339 3935; x_wconf 91' lang='lat' dir='ltr'><strong>minus</strong></span> <span class='ocrx_word' id='word_1_468' title='bbox 1356 3884 1465 3949; x_wconf 85' lang='lat' dir='ltr'><strong>tempus</strong></span> <span class='ocrx_word' id='word_1_469' title='bbox 1489 3894 1521 3934; x_wconf 90' lang='lat' dir='ltr'><strong>eo</strong></span> <span class='ocrx_word' id='word_1_470' title='bbox 1539 3878 1615 3948; x_wconf 93' lang='lat' dir='ltr'><strong>quod</strong></span> <span class='ocrx_word' id='word_1_471' title='bbox 1632 3879 1811 3935; x_wconf 88' lang='lat' dir='ltr'><strong>constitutum</strong></span> <span class='ocrx_word' id='word_1_472' title='bbox 1831 3886 1875 3934; x_wconf 89' lang='lat' dir='ltr'><strong>est</strong></span> <span class='ocrx_word' id='word_1_473' title='bbox 1894 3893 2065 3934; x_wconf 73' lang='lat' dir='ltr'><strong>consumans</strong></span> 
     </span>
    </p>

    <p class='ocr_par' dir='ltr' id='par_1_6' title="bbox 607 3948 2067 4161">
     <span class='ocr_line' id='line_1_44' title="bbox 607 3948 2066 4021; baseline 0.001 -19"><span class='ocrx_word' id='word_1_474' title='bbox 607 3955 710 4005; x_wconf 77' lang='lat' dir='ltr'><strong>arunt.</strong></span> <span class='ocrx_word' id='word_1_475' title='bbox 748 3948 821 4014; x_wconf 86' lang='lat' dir='ltr'><strong>Quas</strong></span> <span class='ocrx_word' id='word_1_476' title='bbox 839 3948 956 4017; x_wconf 92' lang='lat' dir='ltr'><strong>denique</strong></span> <span class='ocrx_word' id='word_1_477' title='bbox 974 3950 1048 4019; x_wconf 91' lang='lat' dir='ltr'><strong>prius</strong></span> <span class='ocrx_word' id='word_1_478' title='bbox 1067 3949 1204 4004; x_wconf 89' lang='lat' dir='ltr'><strong>habebant</strong></span> <span class='ocrx_word' id='word_1_479' title='bbox 1221 3951 1330 4019; x_wconf 86' lang='lat' dir='ltr'><strong>tutelas,</strong></span> <span class='ocrx_word' id='word_1_480' title='bbox 1349 3957 1460 4021; x_wconf 89' lang='lat' dir='ltr'><strong>propter</strong></span> <span class='ocrx_word' id='word_1_481' title='bbox 1477 3950 1529 4005; x_wconf 91' lang='lat' dir='ltr'><strong>hoc</strong></span> <span class='ocrx_word' id='word_1_482' title='bbox 1547 3956 1638 4004; x_wconf 90' lang='lat' dir='ltr'><strong>autem</strong></span> <span class='ocrx_word' id='word_1_483' title='bbox 1658 3951 1853 4021; x_wconf 89' lang='lat' dir='ltr'><strong>deposuerunt,</strong></span> <span class='ocrx_word' id='word_1_484' title='bbox 1873 3952 2002 4020; x_wconf 91' lang='lat' dir='ltr'><strong>qnoniam</strong></span> <span class='ocrx_word' id='word_1_485' title='bbox 2013 3949 2066 4019; x_wconf 91' lang='lat' dir='ltr'><strong>(qui</strong></span> 
     </span>
     <span class='ocr_line' id='line_1_45' title="bbox 640 4019 2067 4092; baseline -0.002 -16"><span class='ocrx_word' id='word_1_486' title='bbox 640 4030 687 4077; x_wconf 77' lang='lat' dir='ltr'><strong>lna.</strong></span> <span class='ocrx_word' id='word_1_487' title='bbox 701 4021 735 4078; x_wconf 83' lang='grc'><em>1)</em></span> <span class='ocrx_word' id='word_1_488' title='bbox 753 4019 853 4090; x_wconf 91' lang='lat' dir='ltr'><strong>publici</strong></span> <span class='ocrx_word' id='word_1_489' title='bbox 872 4022 974 4090; x_wconf 88' lang='lat' dir='ltr'><strong>negotii</strong></span> <span class='ocrx_word' id='word_1_490' title='bbox 991 4021 1081 4089; x_wconf 84' lang='lat' dir='ltr'><strong>gratia</strong></span> <span class='ocrx_word' id='word_1_491' title='bbox 1093 4024 1192 4086; x_wconf 87' lang='lat' dir='ltr'><strong>(causa</strong></span> <span class='ocrx_word' id='word_1_492' title='bbox 1205 4022 1233 4087; x_wconf 89' lang='grc'><em>1)</em></span> <span class='ocrx_word' id='word_1_493' title='bbox 1253 4022 1373 4092; x_wconf 84' lang='lat' dir='ltr'><strong>abibant,</strong></span> <span class='ocrx_word' id='word_1_494' title='bbox 1391 4022 1440 4076; x_wconf 91' lang='lat' dir='ltr'><strong>has</strong></span> <span class='ocrx_word' id='word_1_495' title='bbox 1459 4037 1520 4076; x_wconf 90' lang='lat' dir='ltr'><strong>cum</strong></span> <span class='ocrx_word' id='word_1_496' title='bbox 1539 4022 1643 4077; x_wconf 89' lang='lat' dir='ltr'><strong>reuersi</strong></span> <span class='ocrx_word' id='word_1_497' title='bbox 1658 4021 1759 4077; x_wconf 83' lang='lat' dir='ltr'><strong>luerint</strong></span> <span class='ocrx_word' id='word_1_498' title='bbox 1776 4021 1923 4079; x_wconf 86' lang='lat' dir='ltr'><strong>confestim</strong></span> <span class='ocrx_word' id='word_1_499' title='bbox 1942 4023 2067 4092; x_wconf 86' lang='lat' dir='ltr'><strong>recipient</strong></span> 
     </span>
     <span class='ocr_line' id='line_1_46' title="bbox 640 4092 2066 4161; baseline -0.001 -14"><span class='ocrx_word' id='word_1_500' title='bbox 640 4092 721 4148; x_wconf 90' lang='lat' dir='ltr'><strong>nichil</strong></span> <span class='ocrx_word' id='word_1_501' title='bbox 740 4093 779 4145; x_wconf 92' lang='lat' dir='ltr'><strong>eis</strong></span> <span class='ocrx_word' id='word_1_502' title='bbox 799 4093 840 4154; x_wconf 93' lang='lat' dir='ltr'><strong>(ei</strong></span> <span class='ocrx_word' id='word_1_503' title='bbox 861 4093 897 4157; x_wconf 81' lang='lat'><strong>0)</strong></span> <span class='ocrx_word' id='word_1_504' title='bbox 916 4093 1062 4146; x_wconf 85' lang='lat' dir='ltr'><strong>auxiliante</strong></span> <span class='ocrx_word' id='word_1_505' title='bbox 1081 4109 1166 4149; x_wconf 87' lang='lat' dir='ltr'><strong>anno:</strong></span> <span class='ocrx_word' id='word_1_506' title='bbox 1190 4109 1279 4148; x_wconf 91' lang='lat' dir='ltr'><strong>annus</strong></span> <span class='ocrx_word' id='word_1_507' title='bbox 1297 4094 1369 4148; x_wconf 91' lang='lat' dir='ltr'><strong>enim</strong></span> <span class='ocrx_word' id='word_1_508' title='bbox 1388 4093 1423 4148; x_wconf 93' lang='lat' dir='ltr'><strong>ad</strong></span> <span class='ocrx_word' id='word_1_509' title='bbox 1441 4092 1546 4148; x_wconf 81' lang='lat' dir='ltr'><strong>futuras</strong></span> <span class='ocrx_word' id='word_1_510' title='bbox 1568 4110 1654 4148; x_wconf 88' lang='lat' dir='ltr'><strong>nouas</strong></span> <span class='ocrx_word' id='word_1_511' title='bbox 1672 4092 1789 4160; x_wconf 81' lang='lat' dir='ltr'><strong>(iuturus</strong></span> <span class='ocrx_word' id='word_1_512' title='bbox 1807 4095 1911 4149; x_wconf 88' lang='lat' dir='ltr'><strong>tutelas</strong></span> <span class='ocrx_word' id='word_1_513' title='bbox 1930 4094 1966 4160; x_wconf 78' lang='grc' dir='ltr'><strong>Ι·)</strong></span> <span class='ocrx_word' id='word_1_514' title='bbox 1984 4094 2066 4161; x_wconf 86' lang='lat' dir='ltr'><strong>datur,</strong></span> 
     </span>
    </p>

    <p class='ocr_par' dir='ltr' id='par_1_7' title="bbox 608 4163 2067 4306">
     <span class='ocr_line' id='line_1_47' title="bbox 608 4163 2066 4235; baseline 0.001 -18"><span class='ocrx_word' id='word_1_515' title='bbox 608 4172 622 4217; x_wconf 85' lang='lat' dir='ltr'><strong>t</strong></span> <span class='ocrx_word' id='word_1_516' title='bbox 641 4180 695 4219; x_wconf 92' lang='lat' dir='ltr'><strong>non</strong></span> <span class='ocrx_word' id='word_1_517' title='bbox 713 4163 749 4217; x_wconf 93' lang='lat' dir='ltr'><strong>ad</strong></span> <span class='ocrx_word' id='word_1_518' title='bbox 767 4179 815 4217; x_wconf 88' lang='lat' dir='ltr'><strong>eas</strong></span> <span class='ocrx_word' id='word_1_519' title='bbox 833 4178 886 4232; x_wconf 90' lang='lat' dir='ltr'><strong>que</strong></span> <span class='ocrx_word' id='word_1_520' title='bbox 905 4165 1006 4218; x_wconf 90' lang='lat' dir='ltr'><strong>resumi</strong></span> <span class='ocrx_word' id='word_1_521' title='bbox 1024 4163 1125 4219; x_wconf 88' lang='lat' dir='ltr'><strong>debent</strong></span> <span class='ocrx_word' id='word_1_522' title='bbox 1142 4164 1313 4230; x_wconf 79' lang='lat' dir='ltr'><strong>(debentem.</strong></span> <span class='ocrx_word' id='word_1_523' title='bbox 1327 4166 1371 4232; x_wconf 59' lang='lat'><strong>1⁹).</strong></span> <span class='ocrx_word' id='word_1_524' title='bbox 1399 4165 1496 4220; x_wconf 85' lang='lat' dir='ltr'><strong>Annus</strong></span> <span class='ocrx_word' id='word_1_525' title='bbox 1513 4171 1604 4220; x_wconf 89' lang='lat' dir='ltr'><strong>autem</strong></span> <span class='ocrx_word' id='word_1_526' title='bbox 1619 4167 1808 4235; x_wconf 89' lang='lat' dir='ltr'><strong>copulatorum</strong></span> <span class='ocrx_word' id='word_1_527' title='bbox 1820 4167 2020 4235; x_wconf 84' lang='lat' dir='ltr'><strong>(copulatarum</strong></span> <span class='ocrx_word' id='word_1_528' title='bbox 2034 4167 2066 4229; x_wconf 80' lang='grc'><strong>0)</strong></span> 
     </span>
     <span class='ocr_line' id='line_1_48' title="bbox 641 4234 2067 4306; baseline 0.001 -17"><span class='ocrx_word' id='word_1_529' title='bbox 641 4236 744 4289; x_wconf 91' lang='lat' dir='ltr'><strong>dierum</strong></span> <span class='ocrx_word' id='word_1_530' title='bbox 764 4235 929 4289; x_wconf 87' lang='lat' dir='ltr'><strong>scrutabitur</strong></span> <span class='ocrx_word' id='word_1_531' title='bbox 946 4234 1111 4301; x_wconf 90' lang='lat' dir='ltr'><strong>(seruabitur</strong></span> <span class='ocrx_word' id='word_1_532' title='bbox 1129 4237 1172 4305; x_wconf 82' lang='lat' dir='ltr'><strong>L),</strong></span> <span class='ocrx_word' id='word_1_533' title='bbox 1190 4251 1225 4291; x_wconf 84' lang='lat' dir='ltr'><strong>ex</strong></span> <span class='ocrx_word' id='word_1_534' title='bbox 1243 4252 1297 4306; x_wconf 91' lang='lat' dir='ltr'><strong>quo</strong></span> <span class='ocrx_word' id='word_1_535' title='bbox 1315 4237 1376 4305; x_wconf 92' lang='lat' dir='ltr'><strong>quis</strong></span> <span class='ocrx_word' id='word_1_536' title='bbox 1395 4237 1457 4305; x_wconf 92' lang='lat' dir='ltr'><strong>(qui</strong></span> <span class='ocrx_word' id='word_1_537' title='bbox 1477 4238 1513 4300; x_wconf 84' lang='grc'><strong>0)</strong></span> <span class='ocrx_word' id='word_1_538' title='bbox 1531 4252 1659 4292; x_wconf 89' lang='lat' dir='ltr'><strong>reuersus</strong></span> <span class='ocrx_word' id='word_1_539' title='bbox 1676 4243 1719 4292; x_wconf 88' lang='lat' dir='ltr'><strong>cst</strong></span> <span class='ocrx_word' id='word_1_540' title='bbox 1737 4242 1840 4292; x_wconf 88' lang='lat' dir='ltr'><strong>rectam</strong></span> <span class='ocrx_word' id='word_1_541' title='bbox 1859 4240 1934 4292; x_wconf 89' lang='lat' dir='ltr'><strong>uiam</strong></span> <span class='ocrx_word' id='word_1_542' title='bbox 1953 4238 2067 4306; x_wconf 90' lang='lat' dir='ltr'><strong>dirigens</strong></span> 
     </span>
    </p>

    <p class='ocr_par' dir='ltr' id='par_1_8' title="bbox 607 4305 2067 4521">
     <span class='ocr_line' id='line_1_49' title="bbox 607 4305 2067 4378; baseline 0 -16"><span class='ocrx_word' id='word_1_543' title='bbox 607 4308 684 4362; x_wconf 79' lang='lat' dir='ltr'><strong>tusi</strong></span> <span class='ocrx_word' id='word_1_544' title='bbox 704 4307 821 4375; x_wconf 87' lang='lat' dir='ltr'><strong>dirigere</strong></span> <span class='ocrx_word' id='word_1_545' title='bbox 840 4305 951 4376; x_wconf 87' lang='lat' dir='ltr'><strong>debens,</strong></span> <span class='ocrx_word' id='word_1_546' title='bbox 970 4322 1024 4362; x_wconf 89' lang='lat' dir='ltr'><strong>non</strong></span> <span class='ocrx_word' id='word_1_547' title='bbox 1043 4322 1103 4362; x_wconf 90' lang='lat' dir='ltr'><strong>eam</strong></span> <span class='ocrx_word' id='word_1_548' title='bbox 1121 4323 1175 4377; x_wconf 93' lang='lat' dir='ltr'><strong>que</strong></span> <span class='ocrx_word' id='word_1_549' title='bbox 1193 4313 1288 4362; x_wconf 88' lang='lat' dir='ltr'><strong>estex</strong></span> <span class='ocrx_word' id='word_1_550' title='bbox 1306 4307 1472 4363; x_wconf 89' lang='lat' dir='ltr'><strong>circuitibus.</strong></span> <span class='ocrx_word' id='word_1_551' title='bbox 1499 4308 1536 4362; x_wconf 82' lang='lat' dir='ltr'><strong>Et</strong></span> <span class='ocrx_word' id='word_1_552' title='bbox 1554 4309 1600 4378; x_wconf 92' lang='lat' dir='ltr'><strong>qui</strong></span> <span class='ocrx_word' id='word_1_553' title='bbox 1618 4309 1646 4363; x_wconf 93' lang='lat' dir='ltr'><strong>in</strong></span> <span class='ocrx_word' id='word_1_554' title='bbox 1664 4309 1701 4375; x_wconf 92' lang='lat' dir='ltr'><strong>(in</strong></span> <span class='ocrx_word' id='word_1_555' title='bbox 1719 4328 1767 4362; x_wconf 84' lang='lat' dir='ltr'><strong>om.</strong></span> <span class='ocrx_word' id='word_1_556' title='bbox 1779 4309 1817 4375; x_wconf 89' lang='grc' dir='ltr'><strong>Ι·)</strong></span> <span class='ocrx_word' id='word_1_557' title='bbox 1832 4315 1998 4364; x_wconf 86' lang='lat' dir='ltr'><strong>testamento</strong></span> <span class='ocrx_word' id='word_1_558' title='bbox 2016 4308 2067 4362; x_wconf 87' lang='lat' dir='ltr'><strong>dati</strong></span> 
     </span>
     <span class='ocr_line' id='line_1_50' title="bbox 640 4379 2067 4448; baseline 0.001 -16"><span class='ocrx_word' id='word_1_559' title='bbox 640 4384 705 4432; x_wconf 89' lang='lat' dir='ltr'><strong>sunt</strong></span> <span class='ocrx_word' id='word_1_560' title='bbox 723 4384 835 4445; x_wconf 87' lang='lat' dir='ltr'><strong>tutores,</strong></span> <span class='ocrx_word' id='word_1_561' title='bbox 854 4383 968 4432; x_wconf 90' lang='lat' dir='ltr'><strong>renuent</strong></span> <span class='ocrx_word' id='word_1_562' title='bbox 986 4379 1113 4442; x_wconf 88' lang='lat' dir='ltr'><strong>(retinent</strong></span> <span class='ocrx_word' id='word_1_563' title='bbox 1125 4381 1157 4442; x_wconf 84' lang='grc'><em>1,</em></span> <span class='ocrx_word' id='word_1_564' title='bbox 1176 4380 1295 4434; x_wconf 90' lang='lat' dir='ltr'><strong>renuerit</strong></span> <span class='ocrx_word' id='word_1_565' title='bbox 1308 4381 1344 4445; x_wconf 81' lang='grc'><strong>0)</strong></span> <span class='ocrx_word' id='word_1_566' title='bbox 1364 4379 1513 4435; x_wconf 89' lang='lat' dir='ltr'><strong>secundum</strong></span> <span class='ocrx_word' id='word_1_567' title='bbox 1531 4380 1608 4448; x_wconf 86' lang='lat' dir='ltr'><strong>leges</strong></span> <span class='ocrx_word' id='word_1_568' title='bbox 1626 4381 1899 4436; x_wconf 87' lang='lat' dir='ltr'><strong>amministrationem</strong></span> <span class='ocrx_word' id='word_1_569' title='bbox 1914 4397 2007 4436; x_wconf 83' lang='lat' dir='ltr'><strong>earum</strong></span> <span class='ocrx_word' id='word_1_570' title='bbox 2020 4394 2067 4447; x_wconf 90' lang='lat' dir='ltr'><strong>quc</strong></span> 
     </span>
     <span class='ocr_line' id='line_1_51' title="bbox 640 4449 2066 4521; baseline 0.001 -17"><span class='ocrx_word' id='word_1_571' title='bbox 640 4450 668 4504; x_wconf 92' lang='lat' dir='ltr'><strong>in</strong></span> <span class='ocrx_word' id='word_1_572' title='bbox 686 4449 740 4504; x_wconf 89' lang='lat' dir='ltr'><strong>alia</strong></span> <span class='ocrx_word' id='word_1_573' title='bbox 776 4449 893 4505; x_wconf 88' lang='lat' dir='ltr'><strong>rouintia</strong></span> <span class='ocrx_word' id='word_1_574' title='bbox 910 4455 974 4504; x_wconf 90' lang='lat' dir='ltr'><strong>sunt</strong></span> <span class='ocrx_word' id='word_1_575' title='bbox 992 4451 1061 4514; x_wconf 93' lang='lat' dir='ltr'><strong>(sint</strong></span> <span class='ocrx_word' id='word_1_576' title='bbox 1075 4452 1112 4517; x_wconf 85' lang='lat'><strong>0)</strong></span> <span class='ocrx_word' id='word_1_577' title='bbox 1130 4452 1348 4520; x_wconf 90' lang='lat' dir='ltr'><strong>possessionum:</strong></span> <span class='ocrx_word' id='word_1_578' title='bbox 1366 4467 1435 4521; x_wconf 88' lang='lat' dir='ltr'><strong>quas</strong></span> <span class='ocrx_word' id='word_1_579' title='bbox 1453 4451 1573 4506; x_wconf 89' lang='lat' dir='ltr'><strong>ostendit</strong></span> <span class='ocrx_word' id='word_1_580' title='bbox 1585 4451 1709 4506; x_wconf 87' lang='lat' dir='ltr'><strong>subiecta</strong></span> <span class='ocrx_word' id='word_1_581' title='bbox 1725 4451 1784 4506; x_wconf 92' lang='lat' dir='ltr'><strong>diui</strong></span> <span class='ocrx_word' id='word_1_582' title='bbox 1796 4451 1894 4508; x_wconf 89' lang='lat' dir='ltr'><strong>Seueri</strong></span> <span class='ocrx_word' id='word_1_583' title='bbox 1905 4453 2066 4508; x_wconf 84' lang='lat' dir='ltr'><strong>constitutio.</strong></span> 
     </span>
    </p>

    <p class='ocr_par' dir='ltr' id='par_1_9' title="bbox 640 4466 2067 4591">
     <span class='ocr_line' id='line_1_52' title="bbox 640 4466 2067 4591; baseline 0.001 -16"><span class='ocrx_word' id='word_1_584' title='bbox 640 4519 729 4576; x_wconf 88' lang='lat' dir='ltr'><strong>Diuus</strong></span> <span class='ocrx_word' id='word_1_585' title='bbox 753 4466 872 4576; x_wconf 59' lang='lat' dir='ltr'><strong>generos</strong></span> <span class='ocrx_word' id='word_1_586' title='bbox 896 4526 924 4575; x_wconf 89' lang='lat' dir='ltr'><strong>et</strong></span> <span class='ocrx_word' id='word_1_587' title='bbox 941 4521 1096 4577; x_wconf 88' lang='lat' dir='ltr'><strong>Antoninus</strong></span> <span class='ocrx_word' id='word_1_588' title='bbox 1115 4522 1235 4591; x_wconf 80' lang='lat' dir='ltr'><strong>Augusti</strong></span> <span class='ocrx_word' id='word_1_589' title='bbox 1257 4525 1334 4591; x_wconf 88' lang='lat' dir='ltr'><strong>(aug.</strong></span> <span class='ocrx_word' id='word_1_590' title='bbox 1352 4541 1400 4576; x_wconf 79' lang='lat' dir='ltr'><strong>ons.</strong></span> <span class='ocrx_word' id='word_1_591' title='bbox 1413 4523 1442 4588; x_wconf 93' lang='grc'><em>1)</em></span> <span class='ocrx_word' id='word_1_592' title='bbox 1461 4521 1578 4577; x_wconf 81' lang='lat' dir='ltr'><strong>Ualerio.</strong></span> <span class='ocrx_word' id='word_1_593' title='bbox 1605 4523 1783 4578; x_wconf 82' lang='lat' dir='ltr'><strong>Testamenta</strong></span> <span class='ocrx_word' id='word_1_594' title='bbox 1806 4531 1883 4579; x_wconf 88' lang='lat' dir='ltr'><strong>tutor</strong></span> <span class='ocrx_word' id='word_1_595' title='bbox 1905 4525 1987 4579; x_wconf 90' lang='lat' dir='ltr'><strong>datus</strong></span> <span class='ocrx_word' id='word_1_596' title='bbox 2010 4529 2067 4578; x_wconf 80' lang='lat' dir='ltr'><strong>ente</strong></span> 
     </span>
    </p>

    <p class='ocr_par' dir='ltr' id='par_1_10' title="bbox 641 4591 2067 4664">
     <span class='ocr_line' id='line_1_53' title="bbox 641 4591 2067 4664; baseline 0.003 -19"><span class='ocrx_word' id='word_1_597' title='bbox 641 4591 711 4646; x_wconf 91' lang='lat' dir='ltr'><strong>diem</strong></span> <span class='ocrx_word' id='word_1_598' title='bbox 731 4591 885 4661; x_wconf 83' lang='lat' dir='ltr'><strong>prefinitum</strong></span> <span class='ocrx_word' id='word_1_599' title='bbox 904 4592 979 4647; x_wconf 89' lang='lat' dir='ltr'><strong>adire</strong></span> <span class='ocrx_word' id='word_1_600' title='bbox 997 4593 1143 4663; x_wconf 90' lang='lat' dir='ltr'><strong>(presidem</strong></span> <span class='ocrx_word' id='word_1_601' title='bbox 1157 4602 1203 4648; x_wconf 74' lang='lat' dir='ltr'><strong>ins.</strong></span> <span class='ocrx_word' id='word_1_602' title='bbox 1217 4595 1252 4661; x_wconf 92' lang='grc'><em>1)</em></span> <span class='ocrx_word' id='word_1_603' title='bbox 1270 4593 1389 4649; x_wconf 88' lang='lat' dir='ltr'><strong>debuisti</strong></span> <span class='ocrx_word' id='word_1_604' title='bbox 1407 4598 1435 4647; x_wconf 90' lang='lat' dir='ltr'><strong>et</strong></span> <span class='ocrx_word' id='word_1_605' title='bbox 1452 4595 1599 4664; x_wconf 83' lang='lat' dir='ltr'><strong>postulare,</strong></span> <span class='ocrx_word' id='word_1_606' title='bbox 1618 4599 1648 4648; x_wconf 90' lang='lat' dir='ltr'><strong>ut</strong></span> <span class='ocrx_word' id='word_1_607' title='bbox 1666 4594 1701 4649; x_wconf 90' lang='lat' dir='ltr'><strong>ab</strong></span> <span class='ocrx_word' id='word_1_608' title='bbox 1720 4596 1967 4652; x_wconf 89' lang='lat' dir='ltr'><strong>amministratione</strong></span> <span class='ocrx_word' id='word_1_609' title='bbox 1985 4610 2067 4650; x_wconf 86' lang='lat' dir='ltr'><strong>rerum</strong></span> 
     </span>
    </p>

    <p class='ocr_par' dir='ltr' id='par_1_11' title="bbox 609 4664 2069 4805">
     <span class='ocr_line' id='line_1_54' title="bbox 609 4664 2067 4791; baseline 0.003 -75"><span class='ocrx_word' id='word_1_610' title='bbox 609 4670 693 4732; x_wconf 83' lang='lat' dir='ltr'><strong>tque</strong></span> <span class='ocrx_word' id='word_1_611' title='bbox 711 4664 739 4717; x_wconf 91' lang='lat' dir='ltr'><strong>in</strong></span> <span class='ocrx_word' id='word_1_612' title='bbox 757 4664 810 4718; x_wconf 88' lang='lat' dir='ltr'><strong>ulia</strong></span> <span class='ocrx_word' id='word_1_613' title='bbox 828 4664 965 4733; x_wconf 91' lang='lat' dir='ltr'><strong>prouintia</strong></span> <span class='ocrx_word' id='word_1_614' title='bbox 982 4671 1060 4719; x_wconf 88' lang='lat' dir='ltr'><strong>erant</strong></span> <span class='ocrx_word' id='word_1_615' title='bbox 1082 4664 1241 4720; x_wconf 88' lang='lat' dir='ltr'><strong>liberareris.</strong></span> <span class='ocrx_word' id='word_1_616' title='bbox 1278 4666 1329 4730; x_wconf 82' lang='lat' dir='ltr'><strong>Qui</strong></span> <span class='ocrx_word' id='word_1_617' title='bbox 1347 4666 1510 4791; x_wconf 60' lang='lat' dir='ltr'><strong>grimipiinm</strong></span> <span class='ocrx_word' id='word_1_618' title='bbox 1534 4666 1655 4735; x_wconf 85' lang='lat' dir='ltr'><strong>expleuit</strong></span> <span class='ocrx_word' id='word_1_619' title='bbox 1672 4668 1813 4731; x_wconf 83' lang='lat' dir='ltr'><strong>(exercuit</strong></span> <span class='ocrx_word' id='word_1_620' title='bbox 1832 4669 1871 4733; x_wconf 82' lang='grc'><strong>0)</strong></span> <span class='ocrx_word' id='word_1_621' title='bbox 1890 4669 1928 4737; x_wconf 91' lang='lat' dir='ltr'><strong>si,</strong></span> <span class='ocrx_word' id='word_1_622' title='bbox 1952 4683 2013 4722; x_wconf 89' lang='lat' dir='ltr'><strong>cum</strong></span> <span class='ocrx_word' id='word_1_623' title='bbox 2031 4674 2067 4720; x_wconf 88' lang='lat' dir='ltr'><strong>tu·</strong></span> 
     </span>
     <span class='ocr_line' id='line_1_55' title="bbox 642 4735 2069 4805; baseline 0.004 -18"><span class='ocrx_word' id='word_1_624' title='bbox 642 4735 723 4787; x_wconf 89' lang='lat' dir='ltr'><strong>telam</strong></span> <span class='ocrx_word' id='word_1_625' title='bbox 743 4736 909 4805; x_wconf 90' lang='lat' dir='ltr'><strong>suscepisset</strong></span> <span class='ocrx_word' id='word_1_626' title='bbox 927 4736 1053 4790; x_wconf 89' lang='lat' dir='ltr'><strong>etunius</strong></span> <span class='ocrx_word' id='word_1_627' title='bbox 1071 4737 1162 4802; x_wconf 93' lang='lat' dir='ltr'><strong>(uiuus</strong></span> <span class='ocrx_word' id='word_1_628' title='bbox 1181 4737 1215 4798; x_wconf 91' lang='grc'><em>1)</em></span> <span class='ocrx_word' id='word_1_629' title='bbox 1233 4735 1318 4791; x_wconf 89' lang='lat' dir='ltr'><strong>lilium</strong></span> <span class='ocrx_word' id='word_1_630' title='bbox 1336 4742 1345 4802; x_wconf 94' lang='lat'><strong>(</strong></span> <span class='ocrx_word' id='word_1_631' title='bbox 1366 4738 1418 4791; x_wconf 91' lang='lat' dir='ltr'><strong>llus</strong></span> <span class='ocrx_word' id='word_1_632' title='bbox 1437 4738 1480 4804; x_wconf 84' lang='lat' dir='ltr'><strong>L),</strong></span> <span class='ocrx_word' id='word_1_633' title='bbox 1499 4752 1552 4792; x_wconf 91' lang='lat' dir='ltr'><strong>non</strong></span> <span class='ocrx_word' id='word_1_634' title='bbox 1570 4752 1663 4791; x_wconf 90' lang='lat' dir='ltr'><strong>rursus</strong></span> <span class='ocrx_word' id='word_1_635' title='bbox 1682 4742 1821 4799; x_wconf 89' lang='lat' dir='ltr'><strong>(reuersus</strong></span> <span class='ocrx_word' id='word_1_636' title='bbox 1842 4740 1880 4803; x_wconf 82' lang='lat' dir='ltr'><strong>G)</strong></span> <span class='ocrx_word' id='word_1_637' title='bbox 1899 4741 1927 4794; x_wconf 93' lang='lat' dir='ltr'><strong>in</strong></span> <span class='ocrx_word' id='word_1_638' title='bbox 1945 4740 2069 4794; x_wconf 85' lang='lat' dir='ltr'><strong>militares</strong></span> 
     </span>
    </p>
   </div>
   <div class='ocr_carea' id='block_1_5' title="bbox 498 4790 2070 5022">
    <p class='ocr_par' dir='ltr' id='par_1_12' title="bbox 498 4790 2070 5022">
     <span class='ocr_line' id='line_1_56' title="bbox 498 4790 2068 4878; baseline 0.005 -21"><span class='ocrx_word' id='word_1_639' title='bbox 498 4790 500 4794; x_wconf 38' lang='lat'><strong>¹</strong></span> <span class='ocrx_word' id='word_1_640' title='bbox 609 4812 624 4858; x_wconf 83' lang='lat' dir='ltr'><strong>t</strong></span> <span class='ocrx_word' id='word_1_641' title='bbox 642 4806 820 4860; x_wconf 87' lang='lat' dir='ltr'><strong>necessitates</strong></span> <span class='ocrx_word' id='word_1_642' title='bbox 838 4812 994 4876; x_wconf 88' lang='lat' dir='ltr'><strong>assumptus</strong></span> <span class='ocrx_word' id='word_1_643' title='bbox 1008 4809 1067 4877; x_wconf 87' lang='lat' dir='ltr'><strong>erit,</strong></span> <span class='ocrx_word' id='word_1_644' title='bbox 1086 4808 1205 4878; x_wconf 89' lang='lat' dir='ltr'><strong>deponet</strong></span> <span class='ocrx_word' id='word_1_645' title='bbox 1216 4808 1423 4863; x_wconf 90' lang='lat' dir='ltr'><strong>sollicitudinem</strong></span> <span class='ocrx_word' id='word_1_646' title='bbox 1435 4809 1529 4863; x_wconf 88' lang='lat' dir='ltr'><strong>tutele.</strong></span> <span class='ocrx_word' id='word_1_647' title='bbox 1556 4807 1685 4864; x_wconf 82' lang='lat' dir='ltr'><strong>Similiter</strong></span> <span class='ocrx_word' id='word_1_648' title='bbox 1699 4815 1728 4864; x_wconf 90' lang='lat' dir='ltr'><strong>et</strong></span> <span class='ocrx_word' id='word_1_649' title='bbox 1739 4811 1768 4863; x_wconf 94' lang='lat' dir='ltr'><strong>in</strong></span> <span class='ocrx_word' id='word_1_650' title='bbox 1780 4810 1871 4865; x_wconf 90' lang='lat' dir='ltr'><strong>locum</strong></span> <span class='ocrx_word' id='word_1_651' title='bbox 1885 4811 1957 4865; x_wconf 93' lang='lat' dir='ltr'><strong>iilius</strong></span> <span class='ocrx_word' id='word_1_652' title='bbox 1970 4811 2068 4874; x_wconf 79' lang='lat' dir='ltr'><strong>tutoris,</strong></span> 
     </span>
     <span class='ocr_line' id='line_1_57' title="bbox 642 4877 2069 4952; baseline 0.003 -21"><span class='ocrx_word' id='word_1_653' title='bbox 642 4891 721 4945; x_wconf 89' lang='lat' dir='ltr'><strong>quem</strong></span> <span class='ocrx_word' id='word_1_654' title='bbox 741 4884 838 4946; x_wconf 87' lang='lat' dir='ltr'><strong>postea</strong></span> <span class='ocrx_word' id='word_1_655' title='bbox 855 4877 906 4933; x_wconf 89' lang='lat' dir='ltr'><strong>sibi</strong></span> <span class='ocrx_word' id='word_1_656' title='bbox 924 4879 1056 4946; x_wconf 84' lang='lat' dir='ltr'><strong>collegam</strong></span> <span class='ocrx_word' id='word_1_657' title='bbox 1074 4880 1135 4949; x_wconf 92' lang='lat' dir='ltr'><strong>quis</strong></span> <span class='ocrx_word' id='word_1_658' title='bbox 1154 4880 1226 4948; x_wconf 89' lang='lat' dir='ltr'><strong>(quis</strong></span> <span class='ocrx_word' id='word_1_659' title='bbox 1244 4899 1291 4933; x_wconf 85' lang='lat' dir='ltr'><strong>om.</strong></span> <span class='ocrx_word' id='word_1_660' title='bbox 1305 4880 1342 4944; x_wconf 84' lang='grc' dir='ltr'><strong>Ι·)</strong></span> <span class='ocrx_word' id='word_1_661' title='bbox 1360 4879 1505 4935; x_wconf 84' lang='lat' dir='ltr'><strong>abduxerit</strong></span> <span class='ocrx_word' id='word_1_662' title='bbox 1523 4879 1649 4940; x_wconf 83' lang='lat' dir='ltr'><strong>(abduxit</strong></span> <span class='ocrx_word' id='word_1_663' title='bbox 1669 4881 1698 4948; x_wconf 84' lang='lat'><strong>0,</strong></span> <span class='ocrx_word' id='word_1_664' title='bbox 1718 4880 1865 4936; x_wconf 85' lang='lat' dir='ltr'><strong>adduxerit</strong></span> <span class='ocrx_word' id='word_1_665' title='bbox 1885 4883 1949 4952; x_wconf 91' lang='grc'><em>11),</em></span> <span class='ocrx_word' id='word_1_666' title='bbox 1968 4882 2069 4937; x_wconf 80' lang='lat' dir='ltr'><strong>dabitur</strong></span> 
     </span>
     <span class='ocr_line' id='line_1_58' title="bbox 641 4949 2070 5022; baseline 0.005 -21"><span class='ocrx_word' id='word_1_667' title='bbox 641 4954 763 5017; x_wconf 87' lang='lat' dir='ltr'><strong>curator,</strong></span> <span class='ocrx_word' id='word_1_668' title='bbox 782 4955 813 5002; x_wconf 92' lang='lat' dir='ltr'><strong>ut</strong></span> <span class='ocrx_word' id='word_1_669' title='bbox 830 4949 869 5002; x_wconf 91' lang='lat' dir='ltr'><strong>ait</strong></span> <span class='ocrx_word' id='word_1_670' title='bbox 887 4950 1045 5006; x_wconf 88' lang='lat' dir='ltr'><strong>constitutio</strong></span> <span class='ocrx_word' id='word_1_671' title='bbox 1063 4951 1120 5006; x_wconf 90' lang='lat' dir='ltr'><strong>diui</strong></span> <span class='ocrx_word' id='word_1_672' title='bbox 1138 4949 1246 5006; x_wconf 87' lang='lat' dir='ltr'><strong>Seueri:</strong></span> <span class='ocrx_word' id='word_1_673' title='bbox 1265 4967 1346 5021; x_wconf 92' lang='lat' dir='ltr'><strong>quam</strong></span> <span class='ocrx_word' id='word_1_674' title='bbox 1365 4957 1438 5008; x_wconf 90' lang='lat' dir='ltr'><strong>recte</strong></span> <span class='ocrx_word' id='word_1_675' title='bbox 1457 4952 1590 5022; x_wconf 84' lang='lat' dir='ltr'><strong>adaptans</strong></span> <span class='ocrx_word' id='word_1_676' title='bbox 1609 4952 1734 5007; x_wconf 89' lang='lat' dir='ltr'><strong>omnibus</strong></span> <span class='ocrx_word' id='word_1_677' title='bbox 1753 4953 1898 5020; x_wconf 79' lang='lat' dir='ltr'><strong>(omnibus</strong></span> <span class='ocrx_word' id='word_1_678' title='bbox 1917 4973 1968 5008; x_wconf 79' lang='lat' dir='ltr'><strong>cm.</strong></span> <span class='ocrx_word' id='word_1_679' title='bbox 1982 4956 2019 5021; x_wconf 79' lang='lat' dir='ltr'><strong>G)</strong></span> <span class='ocrx_word' id='word_1_680' title='bbox 2039 4952 2070 5008; x_wconf 89' lang='lat' dir='ltr'><strong>si·</strong></span> 
     </span>
    </p>
   </div>
   <div class='ocr_carea' id='block_1_6' title="bbox 0 0 2164 5340">
    <p class='ocr_par' dir='ltr' id='par_1_13' title="bbox 0 0 2164 5340">
     <span class='ocr_line' id='line_1_59' title="bbox 0 0 2164 5340; baseline 0 0"><span class='ocrx_word' id='word_1_681' title='bbox 0 0 2164 5340; x_wconf 95' lang='lat' dir='ltr'><strong> </strong></span> 
     </span>
    </p>
   </div>
  </div>
 </body>
</html>
