<?xml version="1.0" encoding="UTF-8"?>
<!DOCTYPE html PUBLIC "-//W3C//DTD XHTML 1.0 Transitional//EN"
    "http://www.w3.org/TR/xhtml1/DTD/xhtml1-transitional.dtd">
<html xmlns="http://www.w3.org/1999/xhtml" xml:lang="en" lang="en">
 <head>
  <title>
</title>
<meta http-equiv="Content-Type" content="text/html;charset=utf-8" />
  <meta name='ocr-system' content='tesseract 3.04.00' />
  <meta name='ocr-capabilities' content='ocr_page ocr_carea ocr_par ocr_line ocrx_word'/>
</head>
<body>
  <div class='ocr_page' id='page_1' title='image "./digestaiustinia01kruegoog_0844.png"; bbox 0 0 3698 5364; ppageno 0'>
   <div class='ocr_carea' id='block_1_1' title="bbox 181 155 1609 246">
    <p class='ocr_par' dir='ltr' id='par_1_1' title="bbox 181 129 1609 246">
     <span class='ocr_line' id='line_1_1' title="bbox 181 155 1609 246; baseline -0.004 -6"><span class='ocrx_word' id='word_1_1' title='bbox 181 190 310 240; x_wconf 79' lang='lat' dir='ltr'><strong>nouam</strong></span> <span class='ocrx_word' id='word_1_2' title='bbox 855 155 943 246; x_wconf 85' lang='lat'><strong>695</strong></span> <span class='ocrx_word' id='word_1_3' title='bbox 1327 171 1432 240; x_wconf 74' lang='lat' dir='ltr'><strong>LXIII</strong></span> <span class='ocrx_word' id='word_1_4' title='bbox 1452 173 1472 240; x_wconf 88' lang='lat'>5</span> <span class='ocrx_word' id='word_1_5' title='bbox 1494 178 1609 235; x_wconf 87' lang='lat' dir='ltr'><strong>1e-1e</strong></span> 
     </span>
    </p>
   </div>
   <div class='ocr_carea' id='block_1_2' title="bbox 126 327 1759 1908">
    <p class='ocr_par' dir='ltr' id='par_1_2' title="bbox 126 327 1759 1908">
     <span class='ocr_line' id='line_1_2' title="bbox 182 327 1610 400; baseline -0.001 -14"><span class='ocrx_word' id='word_1_6' title='bbox 182 335 238 400; x_wconf 90' lang='lat' dir='ltr'><strong>est,</strong></span> <span class='ocrx_word' id='word_1_7' title='bbox 256 330 331 385; x_wconf 88' lang='lat' dir='ltr'><strong>ualet</strong></span> <span class='ocrx_word' id='word_1_8' title='bbox 347 329 483 400; x_wconf 76' lang='lat' dir='ltr'><strong>legatum,</strong></span> <span class='ocrx_word' id='word_1_9' title='bbox 501 327 640 399; x_wconf 86' lang='lat' dir='ltr'><strong>siminus,</strong></span> <span class='ocrx_word' id='word_1_10' title='bbox 659 343 695 383; x_wconf 87' lang='lat' dir='ltr'><strong>an</strong></span> <span class='ocrx_word' id='word_1_11' title='bbox 712 342 767 384; x_wconf 91' lang='lat' dir='ltr'><strong>non</strong></span> <span class='ocrx_word' id='word_1_12' title='bbox 784 327 884 396; x_wconf 77' lang='lat' dir='ltr'><strong>ualeat,</strong></span> <span class='ocrx_word' id='word_1_13' title='bbox 903 329 1050 398; x_wconf 85' lang='lat' dir='ltr'><strong>quaeritur.</strong></span> <span class='ocrx_word' id='word_1_14' title='bbox 1077 327 1217 400; x_wconf 84' lang='lat' dir='ltr'><strong>Scaeuola,</strong></span> <span class='ocrx_word' id='word_1_15' title='bbox 1237 333 1265 386; x_wconf 89' lang='lat' dir='ltr'><strong>et</strong></span> <span class='ocrx_word' id='word_1_16' title='bbox 1282 330 1306 385; x_wconf 92' lang='lat' dir='ltr'><strong>si</strong></span> <span class='ocrx_word' id='word_1_17' title='bbox 1324 345 1378 386; x_wconf 95' lang='lat' dir='ltr'><strong>non</strong></span> <span class='ocrx_word' id='word_1_18' title='bbox 1395 333 1478 398; x_wconf 89' lang='lat' dir='ltr'><strong>totus,</strong></span> <span class='ocrx_word' id='word_1_19' title='bbox 1498 327 1547 384; x_wconf 87' lang='lat' dir='ltr'><strong>sed</strong></span> <span class='ocrx_word' id='word_1_20' title='bbox 1564 329 1610 384; x_wconf 94' lang='lat' dir='ltr'><strong>uel</strong></span> 
     </span>
     <span class='ocr_line' id='line_1_3' title="bbox 182 415 1609 490; baseline -0.001 -16"><span class='ocrx_word' id='word_1_21' title='bbox 182 419 273 490; x_wconf 77' lang='lat' dir='ltr'><strong>dique</strong></span> <span class='ocrx_word' id='word_1_22' title='bbox 293 433 358 488; x_wconf 92' lang='lat' dir='ltr'><strong>pars</strong></span> <span class='ocrx_word' id='word_1_23' title='bbox 381 433 416 474; x_wconf 88' lang='lat' dir='ltr'><strong>cx</strong></span> <span class='ocrx_word' id='word_1_24' title='bbox 438 433 471 473; x_wconf 89' lang='lat' dir='ltr'><strong>eo</strong></span> <span class='ocrx_word' id='word_1_25' title='bbox 488 417 622 474; x_wconf 85' lang='lat' dir='ltr'><strong>uindicari</strong></span> <span class='ocrx_word' id='word_1_26' title='bbox 639 417 740 488; x_wconf 78' lang='lat' dir='ltr'><strong>possit,</strong></span> <span class='ocrx_word' id='word_1_27' title='bbox 760 417 799 472; x_wconf 92' lang='lat' dir='ltr'><strong>¹si</strong></span> <span class='ocrx_word' id='word_1_28' title='bbox 822 415 903 472; x_wconf 91' lang='lat' dir='ltr'><strong>modo</strong></span> <span class='ocrx_word' id='word_1_29' title='bbox 922 417 1012 487; x_wconf 83' lang='lat' dir='ltr'><strong>aliqua</strong></span> <span class='ocrx_word' id='word_1_30' title='bbox 1029 433 1094 488; x_wconf 87' lang='lat' dir='ltr'><strong>pars</strong></span> <span class='ocrx_word' id='word_1_31' title='bbox 1112 417 1147 472; x_wconf 92' lang='lat' dir='ltr'><strong>ad</strong></span> <span class='ocrx_word' id='word_1_32' title='bbox 1165 418 1257 474; x_wconf 91' lang='lat' dir='ltr'><strong>dotem</strong></span> <span class='ocrx_word' id='word_1_33' title='bbox 1275 417 1454 488; x_wconf 80' lang='lat' dir='ltr'><strong>supplendam</strong></span> <span class='ocrx_word' id='word_1_34' title='bbox 1473 417 1556 487; x_wconf 88' lang='lat' dir='ltr'><strong>desit,</strong></span> <span class='ocrx_word' id='word_1_35' title='bbox 1580 417 1609 472; x_wconf 92' lang='lat' dir='ltr'><strong>id</strong></span> 
     </span>
     <span class='ocr_line' id='line_1_4' title="bbox 182 505 1349 576; baseline -0.003 -13"><span class='ocrx_word' id='word_1_36' title='bbox 182 507 327 564; x_wconf 82' lang='lat' dir='ltr'><strong>dumtaxat</strong></span> <span class='ocrx_word' id='word_1_37' title='bbox 343 522 377 562; x_wconf 84' lang='lat' dir='ltr'><strong>ex</strong></span> <span class='ocrx_word' id='word_1_38' title='bbox 395 521 429 562; x_wconf 92' lang='lat' dir='ltr'><strong>eo</strong></span> <span class='ocrx_word' id='word_1_39' title='bbox 447 521 588 562; x_wconf 82' lang='lat' dir='ltr'><strong>remanere</strong></span> <span class='ocrx_word' id='word_1_40' title='bbox 607 505 679 576; x_wconf 87' lang='lat' dir='ltr'><strong>apud</strong></span> <span class='ocrx_word' id='word_1_41' title='bbox 697 506 838 561; x_wconf 89' lang='lat' dir='ltr'><strong>mulierem</strong></span> <span class='ocrx_word' id='word_1_42' title='bbox 856 505 902 575; x_wconf 87' lang='lat' dir='ltr'><strong>cit,</strong></span> <span class='ocrx_word' id='word_1_43' title='bbox 921 506 995 574; x_wconf 91' lang='lat' dir='ltr'><strong>quod</strong></span> <span class='ocrx_word' id='word_1_44' title='bbox 1012 507 1157 576; x_wconf 77' lang='lat' dir='ltr'><strong>quantitati</strong></span> <span class='ocrx_word' id='word_1_45' title='bbox 1175 507 1246 562; x_wconf 89' lang='lat' dir='ltr'><strong>dotis</strong></span> <span class='ocrx_word' id='word_1_46' title='bbox 1264 507 1349 562; x_wconf 89' lang='lat' dir='ltr'><strong>deest.</strong></span> 
     </span>
     <span class='ocr_line' id='line_1_5' title="bbox 127 587 1677 679; baseline -0.001 -25"><span class='ocrx_word' id='word_1_47' title='bbox 127 597 164 654; x_wconf 80' lang='lat'><strong>14</strong></span> <span class='ocrx_word' id='word_1_48' title='bbox 235 597 354 652; x_wconf 75' lang='lat' dir='ltr'><strong>Patruus</strong></span> <span class='ocrx_word' id='word_1_49' title='bbox 376 593 445 651; x_wconf 91' lang='lat' dir='ltr'><strong>libro</strong></span> <span class='ocrx_word' id='word_1_50' title='bbox 467 595 547 650; x_wconf 86' lang='lat' dir='ltr'><strong>tortio</strong></span> <span class='ocrx_word' id='word_1_51' title='bbox 571 595 606 650; x_wconf 88' lang='lat' dir='ltr'><strong>ds</strong></span> <span class='ocrx_word' id='word_1_52' title='bbox 624 594 772 650; x_wconf 83' lang='lat' dir='ltr'><strong>adulteriis.</strong></span> <span class='ocrx_word' id='word_1_53' title='bbox 808 593 838 648; x_wconf 87' lang='lat' dir='ltr'><strong>Si</strong></span> <span class='ocrx_word' id='word_1_54' title='bbox 856 600 975 664; x_wconf 87' lang='lat' dir='ltr'><strong>nuptura</strong></span> <span class='ocrx_word' id='word_1_55' title='bbox 992 595 1065 650; x_wconf 87' lang='lat' dir='ltr'><strong>Titio</strong></span> <span class='ocrx_word' id='word_1_56' title='bbox 1083 597 1224 650; x_wconf 86' lang='lat' dir='ltr'><strong>uoluntate</strong></span> <span class='ocrx_word' id='word_1_57' title='bbox 1243 596 1301 650; x_wconf 91' lang='lat' dir='ltr'><strong>eius</strong></span> <span class='ocrx_word' id='word_1_58' title='bbox 1319 594 1433 650; x_wconf 85' lang='lat' dir='ltr'><strong>fundum</strong></span> <span class='ocrx_word' id='word_1_59' title='bbox 1451 587 1608 679; x_wconf 57' lang='lat' dir='ltr'><strong>[Q</strong></span> <span class='ocrx_word' id='word_1_60' title='bbox 1638 599 1677 671; x_wconf 81' lang='lat' dir='ltr'><strong>Ss</strong></span> 
     </span>
     <span class='ocr_line' id='line_1_6' title="bbox 182 682 1640 754; baseline -0.004 -14"><span class='ocrx_word' id='word_1_61' title='bbox 182 685 255 742; x_wconf 89' lang='lat' dir='ltr'><strong>dotis</strong></span> <span class='ocrx_word' id='word_1_62' title='bbox 272 685 379 740; x_wconf 88' lang='lat' dir='ltr'><strong>nominc</strong></span> <span class='ocrx_word' id='word_1_63' title='bbox 397 685 504 740; x_wconf 86' lang='lat' dir='ltr'><strong>biceuio</strong></span> <span class='ocrx_word' id='word_1_64' title='bbox 521 683 613 753; x_wconf 86' lang='lat' dir='ltr'><strong>tradit,</strong></span> <span class='ocrx_word' id='word_1_65' title='bbox 632 683 682 738; x_wconf 87' lang='lat' dir='ltr'><strong>dos</strong></span> <span class='ocrx_word' id='word_1_66' title='bbox 700 684 759 738; x_wconf 91' lang='lat' dir='ltr'><strong>eius</strong></span> <span class='ocrx_word' id='word_1_67' title='bbox 777 683 943 738; x_wconf 88' lang='lat' dir='ltr'><strong>condicionis</strong></span> <span class='ocrx_word' id='word_1_68' title='bbox 961 684 1020 752; x_wconf 86' lang='lat' dir='ltr'><strong>erit,</strong></span> <span class='ocrx_word' id='word_1_69' title='bbox 1039 685 1116 739; x_wconf 90' lang='lat' dir='ltr'><strong>cuius</strong></span> <span class='ocrx_word' id='word_1_70' title='bbox 1135 689 1216 754; x_wconf 86' lang='lat' dir='ltr'><strong>esset,</strong></span> <span class='ocrx_word' id='word_1_71' title='bbox 1234 685 1258 739; x_wconf 91' lang='lat' dir='ltr'><strong>si</strong></span> <span class='ocrx_word' id='word_1_72' title='bbox 1275 684 1328 754; x_wconf 93' lang='lat' dir='ltr'><strong>ipsi</strong></span> <span class='ocrx_word' id='word_1_73' title='bbox 1340 684 1413 739; x_wconf 81' lang='lat' dir='ltr'><strong>Titio</strong></span> <span class='ocrx_word' id='word_1_74' title='bbox 1427 682 1542 739; x_wconf 82' lang='lat' dir='ltr'><strong>fundum</strong></span> <span class='ocrx_word' id='word_1_75' title='bbox 1554 691 1608 738; x_wconf 87' lang='lat' dir='ltr'><strong>tra·</strong></span> <span class='ocrx_word' id='word_1_76' title='bbox 1627 695 1640 734; x_wconf 85' lang='lat' dir='ltr'><strong>a</strong></span> 
     </span>
     <span class='ocr_line' id='line_1_7' title="bbox 150 770 1609 842; baseline 0.001 -18"><span class='ocrx_word' id='word_1_77' title='bbox 150 779 162 824; x_wconf 90' lang='lat'>1</span> <span class='ocrx_word' id='word_1_78' title='bbox 183 773 304 829; x_wconf 75' lang='lat' dir='ltr'><strong>didisset</strong></span> <span class='ocrx_word' id='word_1_79' title='bbox 341 773 370 828; x_wconf 91' lang='lat' dir='ltr'><strong>Si</strong></span> <span class='ocrx_word' id='word_1_80' title='bbox 393 773 513 834; x_wconf 88' lang='lat' dir='ltr'><strong>mulieris</strong></span> <span class='ocrx_word' id='word_1_81' title='bbox 536 773 645 828; x_wconf 89' lang='lat' dir='ltr'><strong>nomine</strong></span> <span class='ocrx_word' id='word_1_82' title='bbox 670 773 732 842; x_wconf 84' lang='lat' dir='ltr'><strong>quis</strong></span> <span class='ocrx_word' id='word_1_83' title='bbox 749 770 863 827; x_wconf 84' lang='lat' dir='ltr'><strong>fundum</strong></span> <span class='ocrx_word' id='word_1_84' title='bbox 881 772 908 826; x_wconf 93' lang='lat' dir='ltr'><strong>in</strong></span> <span class='ocrx_word' id='word_1_85' title='bbox 927 771 1018 827; x_wconf 85' lang='lat' dir='ltr'><strong>dotem</strong></span> <span class='ocrx_word' id='word_1_86' title='bbox 1038 772 1154 842; x_wconf 85' lang='lat' dir='ltr'><strong>dederit,</strong></span> <span class='ocrx_word' id='word_1_87' title='bbox 1178 773 1276 828; x_wconf 87' lang='lat' dir='ltr'><strong>dotalis</strong></span> <span class='ocrx_word' id='word_1_88' title='bbox 1294 773 1394 828; x_wconf 87' lang='lat' dir='ltr'><strong>fundus</strong></span> <span class='ocrx_word' id='word_1_89' title='bbox 1412 773 1475 827; x_wconf 88' lang='lat' dir='ltr'><strong>erit:</strong></span> <span class='ocrx_word' id='word_1_90' title='bbox 1497 777 1609 842; x_wconf 90' lang='lat' dir='ltr'><strong>propter</strong></span> 
     </span>
     <span class='ocr_line' id='line_1_8' title="bbox 149 859 1609 931; baseline 0.001 -19"><span class='ocrx_word' id='word_1_91' title='bbox 149 866 294 918; x_wconf 74' lang='lat' dir='ltr'><strong>aurorem</strong></span> <span class='ocrx_word' id='word_1_92' title='bbox 313 863 384 916; x_wconf 90' lang='lat' dir='ltr'><strong>enim</strong></span> <span class='ocrx_word' id='word_1_93' title='bbox 404 862 512 916; x_wconf 89' lang='lat' dir='ltr'><strong>uidetur</strong></span> <span class='ocrx_word' id='word_1_94' title='bbox 529 861 552 916; x_wconf 91' lang='lat' dir='ltr'><strong>is</strong></span> <span class='ocrx_word' id='word_1_95' title='bbox 569 859 671 916; x_wconf 81' lang='lat' dir='ltr'><strong>fundus</strong></span> <span class='ocrx_word' id='word_1_96' title='bbox 689 861 724 916; x_wconf 89' lang='lat' dir='ltr'><strong>ad</strong></span> <span class='ocrx_word' id='word_1_97' title='bbox 743 861 869 916; x_wconf 87' lang='lat' dir='ltr'><strong>maritum</strong></span> <span class='ocrx_word' id='word_1_98' title='bbox 888 861 1054 931; x_wconf 88' lang='lat' dir='ltr'><strong>peruenisse.</strong></span> <span class='ocrx_word' id='word_1_99' title='bbox 1082 861 1111 916; x_wconf 87' lang='lat' dir='ltr'><strong>Si</strong></span> <span class='ocrx_word' id='word_1_100' title='bbox 1129 860 1242 916; x_wconf 84' lang='lat' dir='ltr'><strong>fundum</strong></span> <span class='ocrx_word' id='word_1_101' title='bbox 1260 862 1376 916; x_wconf 87' lang='lat' dir='ltr'><strong>alienum</strong></span> <span class='ocrx_word' id='word_1_102' title='bbox 1392 862 1497 916; x_wconf 90' lang='lat' dir='ltr'><strong>mulieri</strong></span> <span class='ocrx_word' id='word_1_103' title='bbox 1509 860 1609 916; x_wconf 90' lang='lat' dir='ltr'><strong>debeat</strong></span> 
     </span>
     <span class='ocr_line' id='line_1_9' title="bbox 183 948 1608 1020; baseline -0.001 -14"><span class='ocrx_word' id='word_1_104' title='bbox 183 951 296 1006; x_wconf 84' lang='lat' dir='ltr'><strong>maritus</strong></span> <span class='ocrx_word' id='word_1_105' title='bbox 314 966 430 1020; x_wconf 90' lang='lat' dir='ltr'><strong>eumque</strong></span> <span class='ocrx_word' id='word_1_106' title='bbox 448 951 545 1006; x_wconf 92' lang='lat' dir='ltr'><strong>mulier</strong></span> <span class='ocrx_word' id='word_1_107' title='bbox 562 950 588 1005; x_wconf 93' lang='lat' dir='ltr'><strong>ei</strong></span> <span class='ocrx_word' id='word_1_108' title='bbox 606 950 677 1005; x_wconf 90' lang='lat' dir='ltr'><strong>dotis</strong></span> <span class='ocrx_word' id='word_1_109' title='bbox 696 950 804 1006; x_wconf 89' lang='lat' dir='ltr'><strong>nomine</strong></span> <span class='ocrx_word' id='word_1_110' title='bbox 821 950 982 1019; x_wconf 82' lang='lat' dir='ltr'><strong>promiserit,</strong></span> <span class='ocrx_word' id='word_1_111' title='bbox 1000 949 1028 1004; x_wconf 90' lang='lat' dir='ltr'><strong>in</strong></span> <span class='ocrx_word' id='word_1_112' title='bbox 1040 949 1169 1020; x_wconf 86' lang='lat' dir='ltr'><strong>pendenti</strong></span> <span class='ocrx_word' id='word_1_113' title='bbox 1182 952 1234 1005; x_wconf 89' lang='lat' dir='ltr'><strong>erit</strong></span> <span class='ocrx_word' id='word_1_114' title='bbox 1246 955 1274 1006; x_wconf 91' lang='lat' dir='ltr'><strong>et</strong></span> <span class='ocrx_word' id='word_1_115' title='bbox 1285 956 1350 1005; x_wconf 88' lang='lat' dir='ltr'><strong>tuno</strong></span> <span class='ocrx_word' id='word_1_116' title='bbox 1362 948 1410 1004; x_wconf 89' lang='lat' dir='ltr'><strong>fiet</strong></span> <span class='ocrx_word' id='word_1_117' title='bbox 1421 950 1527 1018; x_wconf 88' lang='lat' dir='ltr'><strong>dotalis,</strong></span> <span class='ocrx_word' id='word_1_118' title='bbox 1547 966 1608 1004; x_wconf 89' lang='lat' dir='ltr'><strong>eum</strong></span> 
     </span>
     <span class='ocr_line' id='line_1_10' title="bbox 149 1037 1608 1110; baseline 0.001 -20"><span class='ocrx_word' id='word_1_119' title='bbox 149 1044 164 1090; x_wconf 77' lang='grc'><strong>3</strong></span> <span class='ocrx_word' id='word_1_120' title='bbox 182 1040 218 1096; x_wconf 88' lang='lat' dir='ltr'><strong>ed</strong></span> <span class='ocrx_word' id='word_1_121' title='bbox 236 1055 298 1094; x_wconf 88' lang='lat' dir='ltr'><strong>eum</strong></span> <span class='ocrx_word' id='word_1_122' title='bbox 315 1041 477 1109; x_wconf 83' lang='lat' dir='ltr'><strong>peruenerit</strong></span> <span class='ocrx_word' id='word_1_123' title='bbox 504 1038 534 1094; x_wconf 89' lang='lat' dir='ltr'><strong>Si</strong></span> <span class='ocrx_word' id='word_1_124' title='bbox 551 1037 665 1094; x_wconf 82' lang='lat' dir='ltr'><strong>fundum</strong></span> <span class='ocrx_word' id='word_1_125' title='bbox 683 1040 804 1108; x_wconf 86' lang='lat' dir='ltr'><strong>legatum</strong></span> <span class='ocrx_word' id='word_1_126' title='bbox 823 1038 875 1092; x_wconf 87' lang='lat' dir='ltr'><strong>sibi</strong></span> <span class='ocrx_word' id='word_1_127' title='bbox 893 1037 964 1094; x_wconf 91' lang='lat' dir='ltr'><strong>dotis</strong></span> <span class='ocrx_word' id='word_1_128' title='bbox 983 1054 1067 1094; x_wconf 85' lang='lat' dir='ltr'><strong>causa</strong></span> <span class='ocrx_word' id='word_1_129' title='bbox 1085 1039 1181 1094; x_wconf 89' lang='lat' dir='ltr'><strong>mulier</strong></span> <span class='ocrx_word' id='word_1_130' title='bbox 1199 1039 1383 1110; x_wconf 86' lang='lat' dir='ltr'><strong>repudiauerit</strong></span> <span class='ocrx_word' id='word_1_131' title='bbox 1395 1039 1439 1094; x_wconf 94' lang='lat' dir='ltr'><strong>uel</strong></span> <span class='ocrx_word' id='word_1_132' title='bbox 1451 1039 1534 1093; x_wconf 84' lang='lat' dir='ltr'><strong>etiam</strong></span> <span class='ocrx_word' id='word_1_133' title='bbox 1545 1037 1608 1092; x_wconf 89' lang='lat' dir='ltr'><strong>sub·</strong></span> 
     </span>
     <span class='ocr_line' id='line_1_11' title="bbox 181 1125 1655 1196; baseline -0.004 -12"><span class='ocrx_word' id='word_1_134' title='bbox 181 1129 277 1184; x_wconf 88' lang='lat' dir='ltr'><strong>stituto</strong></span> <span class='ocrx_word' id='word_1_135' title='bbox 294 1129 354 1184; x_wconf 90' lang='lat' dir='ltr'><strong>uiro</strong></span> <span class='ocrx_word' id='word_1_136' title='bbox 373 1129 494 1184; x_wconf 87' lang='lat' dir='ltr'><strong>omiserit</strong></span> <span class='ocrx_word' id='word_1_137' title='bbox 511 1128 688 1183; x_wconf 72' lang='lat' dir='ltr'><strong>hereditatem</strong></span> <span class='ocrx_word' id='word_1_138' title='bbox 706 1127 751 1182; x_wconf 92' lang='lat' dir='ltr'><strong>uel</strong></span> <span class='ocrx_word' id='word_1_139' title='bbox 768 1127 897 1196; x_wconf 86' lang='lat' dir='ltr'><strong>legatum,</strong></span> <span class='ocrx_word' id='word_1_140' title='bbox 916 1127 967 1182; x_wconf 88' lang='lat' dir='ltr'><strong>erit</strong></span> <span class='ocrx_word' id='word_1_141' title='bbox 984 1125 1084 1182; x_wconf 81' lang='lat' dir='ltr'><strong>fundus</strong></span> <span class='ocrx_word' id='word_1_142' title='bbox 1103 1128 1210 1184; x_wconf 85' lang='lat' dir='ltr'><strong>dotalis.</strong></span> <span class='ocrx_word' id='word_1_143' title='bbox 1627 1136 1655 1178; x_wconf 85' lang='lat' dir='ltr'><strong>ro</strong></span> 
     </span>
     <span class='ocr_line' id='line_1_12' title="bbox 126 1209 1759 1300; baseline -0.002 -30"><span class='ocrx_word' id='word_1_144' title='bbox 126 1213 163 1271; x_wconf 83' lang='grc'><strong>15</strong></span> <span class='ocrx_word' id='word_1_145' title='bbox 234 1219 414 1274; x_wconf 76' lang='lat' dir='ltr'><strong>Pnrmsuus</strong></span> <span class='ocrx_word' id='word_1_146' title='bbox 430 1217 500 1272; x_wconf 92' lang='lat' dir='ltr'><strong>libro</strong></span> <span class='ocrx_word' id='word_1_147' title='bbox 517 1217 598 1272; x_wconf 87' lang='lat' dir='ltr'><strong>tertio</strong></span> <span class='ocrx_word' id='word_1_148' title='bbox 616 1227 815 1286; x_wconf 87' lang='lat' dir='ltr'><strong>responsorum.</strong></span> <span class='ocrx_word' id='word_1_149' title='bbox 851 1216 949 1270; x_wconf 83' lang='lat' dir='ltr'><strong>Dotals</strong></span> <span class='ocrx_word' id='word_1_150' title='bbox 968 1216 979 1284; x_wconf 84' lang='lat' dir='ltr'><strong>l</strong></span> <span class='ocrx_word' id='word_1_151' title='bbox 998 1216 1153 1288; x_wconf 87' lang='lat' dir='ltr'><strong>praedium,</strong></span> <span class='ocrx_word' id='word_1_152' title='bbox 1172 1218 1249 1274; x_wconf 90' lang='lat' dir='ltr'><strong>cuius</strong></span> <span class='ocrx_word' id='word_1_153' title='bbox 1267 1217 1310 1272; x_wconf 93' lang='lat' dir='ltr'><strong>uir</strong></span> <span class='ocrx_word' id='word_1_154' title='bbox 1326 1231 1434 1287; x_wconf 88' lang='lat' dir='ltr'><strong>posses·</strong></span> <span class='ocrx_word' id='word_1_155' title='bbox 1452 1209 1608 1300; x_wconf 58' lang='lat' dir='ltr'><em>Q</em></span> <span class='ocrx_word' id='word_1_156' title='bbox 1637 1219 1665 1273; x_wconf 90' lang='lat' dir='ltr'><strong><em>P</em></strong></span> <span class='ocrx_word' id='word_1_157' title='bbox 1680 1214 1759 1268; x_wconf 63' lang='grc' dir='ltr'><strong>Μεθ’</strong></span> 
     </span>
     <span class='ocr_line' id='line_1_13' title="bbox 181 1304 1608 1376; baseline -0.004 -13"><span class='ocrx_word' id='word_1_158' title='bbox 181 1307 285 1363; x_wconf 90' lang='lat' dir='ltr'><strong>sionem</strong></span> <span class='ocrx_word' id='word_1_159' title='bbox 303 1307 415 1362; x_wconf 91' lang='lat' dir='ltr'><strong>retinuit</strong></span> <span class='ocrx_word' id='word_1_160' title='bbox 431 1311 495 1376; x_wconf 90' lang='lat' dir='ltr'><strong>post</strong></span> <span class='ocrx_word' id='word_1_161' title='bbox 512 1307 616 1360; x_wconf 78' lang='lat' dir='ltr'><strong>litteras</strong></span> <span class='ocrx_word' id='word_1_162' title='bbox 635 1305 670 1360; x_wconf 94' lang='lat' dir='ltr'><strong>ad</strong></span> <span class='ocrx_word' id='word_1_163' title='bbox 687 1320 800 1360; x_wconf 80' lang='lat' dir='ltr'><strong>uxorem</strong></span> <span class='ocrx_word' id='word_1_164' title='bbox 819 1304 940 1374; x_wconf 88' lang='lat' dir='ltr'><strong>emissas,</strong></span> <span class='ocrx_word' id='word_1_165' title='bbox 959 1304 1058 1374; x_wconf 88' lang='lat' dir='ltr'><strong>quibus</strong></span> <span class='ocrx_word' id='word_1_166' title='bbox 1076 1305 1148 1361; x_wconf 84' lang='lat' dir='ltr'><strong>dctis</strong></span> <span class='ocrx_word' id='word_1_167' title='bbox 1160 1322 1214 1362; x_wconf 88' lang='lat' dir='ltr'><strong>non</strong></span> <span class='ocrx_word' id='word_1_168' title='bbox 1227 1304 1284 1361; x_wconf 84' lang='lat' dir='ltr'><strong>lore</strong></span> <span class='ocrx_word' id='word_1_169' title='bbox 1297 1305 1438 1376; x_wconf 86' lang='lat' dir='ltr'><strong>praedium</strong></span> <span class='ocrx_word' id='word_1_170' title='bbox 1451 1305 1608 1374; x_wconf 85' lang='lat' dir='ltr'><strong>declarauit,</strong></span> 
     </span>
     <span class='ocr_line' id='line_1_14' title="bbox 181 1393 1609 1465; baseline -0.001 -13"><span class='ocrx_word' id='word_1_171' title='bbox 181 1396 209 1452; x_wconf 89' lang='lat' dir='ltr'><strong>in</strong></span> <span class='ocrx_word' id='word_1_172' title='bbox 232 1396 403 1452; x_wconf 84' lang='lat' dir='ltr'><strong>matrimonio</strong></span> <span class='ocrx_word' id='word_1_173' title='bbox 427 1393 557 1450; x_wconf 84' lang='lat' dir='ltr'><strong>defunctu</strong></span> <span class='ocrx_word' id='word_1_174' title='bbox 579 1394 690 1450; x_wconf 88' lang='lat' dir='ltr'><strong>muliere</strong></span> <span class='ocrx_word' id='word_1_175' title='bbox 714 1395 802 1449; x_wconf 91' lang='lat' dir='ltr'><strong>uirum</strong></span> <span class='ocrx_word' id='word_1_176' title='bbox 825 1393 941 1448; x_wconf 87' lang='lat' dir='ltr'><strong>retinere</strong></span> <span class='ocrx_word' id='word_1_177' title='bbox 964 1395 1078 1464; x_wconf 82' lang='lat' dir='ltr'><strong>placuit,</strong></span> <span class='ocrx_word' id='word_1_178' title='bbox 1105 1395 1172 1465; x_wconf 86' lang='lat' dir='ltr'><strong>quia</strong></span> <span class='ocrx_word' id='word_1_179' title='bbox 1195 1395 1290 1450; x_wconf 92' lang='lat' dir='ltr'><strong>mulier</strong></span> <span class='ocrx_word' id='word_1_180' title='bbox 1313 1395 1447 1450; x_wconf 89' lang='lat' dir='ltr'><strong>actionem</strong></span> <span class='ocrx_word' id='word_1_181' title='bbox 1471 1397 1609 1464; x_wconf 84' lang='lat' dir='ltr'><strong>expecto</strong></span> 
     </span>
     <span class='ocr_line' id='line_1_15' title="bbox 181 1483 1657 1540; baseline -0.007 -1"><span class='ocrx_word' id='word_1_182' title='bbox 181 1499 236 1540; x_wconf 91' lang='lat' dir='ltr'><strong>uon</strong></span> <span class='ocrx_word' id='word_1_183' title='bbox 254 1483 358 1538; x_wconf 87' lang='lat' dir='ltr'><strong>habuit.</strong></span> <span class='ocrx_word' id='word_1_184' title='bbox 1628 1489 1657 1530; x_wconf 85' lang='grc' dir='ltr'><strong>ιι</strong></span> 
     </span>
     <span class='ocr_line' id='line_1_16' title="bbox 126 1568 1665 1642; baseline 0.001 -17"><span class='ocrx_word' id='word_1_185' title='bbox 126 1568 163 1626; x_wconf 88' lang='grc'><strong>16</strong></span> <span class='ocrx_word' id='word_1_186' title='bbox 234 1573 425 1628; x_wconf 73' lang='lat' dir='ltr'><strong>lurnounrus</strong></span> <span class='ocrx_word' id='word_1_187' title='bbox 442 1571 511 1628; x_wconf 89' lang='lat' dir='ltr'><strong>libro</strong></span> <span class='ocrx_word' id='word_1_188' title='bbox 529 1570 673 1626; x_wconf 88' lang='lat' dir='ltr'><strong>undecimo</strong></span> <span class='ocrx_word' id='word_1_189' title='bbox 692 1570 916 1642; x_wconf 87' lang='lat' dir='ltr'><strong>disputationum.</strong></span> <span class='ocrx_word' id='word_1_190' title='bbox 953 1569 982 1626; x_wconf 89' lang='lat' dir='ltr'><strong>Si</strong></span> <span class='ocrx_word' id='word_1_191' title='bbox 999 1569 1121 1642; x_wconf 80' lang='lat' dir='ltr'><strong>fundum,</strong></span> <span class='ocrx_word' id='word_1_192' title='bbox 1144 1586 1224 1642; x_wconf 86' lang='lat' dir='ltr'><strong>quem</strong></span> <span class='ocrx_word' id='word_1_193' title='bbox 1242 1571 1331 1626; x_wconf 81' lang='lat' dir='ltr'><strong>Titius</strong></span> <span class='ocrx_word' id='word_1_194' title='bbox 1348 1571 1434 1642; x_wconf 88' lang='lat' dir='ltr'><strong>possi·</strong></span> <span class='ocrx_word' id='word_1_195' title='bbox 1467 1583 1493 1630; x_wconf 80' lang='lat' dir='ltr'><strong>u.</strong></span> <span class='ocrx_word' id='word_1_196' title='bbox 1503 1585 1540 1638; x_wconf 82' lang='lat'><strong>29,</strong></span> <span class='ocrx_word' id='word_1_197' title='bbox 1548 1584 1570 1638; x_wconf 84' lang='lat' dir='ltr'><strong>o,</strong></span> <span class='ocrx_word' id='word_1_198' title='bbox 1580 1585 1609 1632; x_wconf 82' lang='grc' dir='ltr'>ιε</span> <span class='ocrx_word' id='word_1_199' title='bbox 1637 1572 1665 1626; x_wconf 91' lang='lat' dir='ltr'><em>P</em></span> 
     </span>
     <span class='ocr_line' id='line_1_17' title="bbox 182 1648 1609 1730; baseline 0.001 -14"><span class='ocrx_word' id='word_1_200' title='bbox 182 1660 266 1716; x_wconf 84' lang='lat' dir='ltr'><strong>debat</strong></span> <span class='ocrx_word' id='word_1_201' title='bbox 282 1660 355 1716; x_wconf 88' lang='lat' dir='ltr'><strong>bona</strong></span> <span class='ocrx_word' id='word_1_202' title='bbox 372 1659 443 1716; x_wconf 83' lang='lat' dir='ltr'><strong>fide²</strong></span> <span class='ocrx_word' id='word_1_203' title='bbox 460 1660 536 1730; x_wconf 77' lang='lat' dir='ltr'><strong>longi</strong></span> <span class='ocrx_word' id='word_1_204' title='bbox 553 1659 683 1730; x_wconf 88' lang='lat' dir='ltr'><strong>temporis</strong></span> <span class='ocrx_word' id='word_1_205' title='bbox 701 1661 876 1728; x_wconf 88' lang='lat' dir='ltr'><strong>possessione</strong></span> <span class='ocrx_word' id='word_1_206' title='bbox 893 1665 1003 1730; x_wconf 83' lang='lat' dir='ltr'><strong>poterat</strong></span> <span class='ocrx_word' id='word_1_207' title='bbox 1019 1659 1071 1716; x_wconf 90' lang='lat' dir='ltr'><strong>sibi</strong></span> <span class='ocrx_word' id='word_1_208' title='bbox 1088 1675 1231 1730; x_wconf 88' lang='lat' dir='ltr'><strong>quaerere,</strong></span> <span class='ocrx_word' id='word_1_209' title='bbox 1253 1661 1349 1715; x_wconf 89' lang='lat' dir='ltr'><strong>mulier</strong></span> <span class='ocrx_word' id='word_1_210' title='bbox 1366 1667 1397 1714; x_wconf 87' lang='lat' dir='ltr'><strong>ut</strong></span> <span class='ocrx_word' id='word_1_211' title='bbox 1415 1648 1609 1717; x_wconf 67' lang='lat' dir='ltr'><strong>suun‘n&#39;arit‘o</strong></span> 
     </span>
     <span class='ocr_line' id='line_1_18' title="bbox 182 1747 1608 1819; baseline 0.001 -15"><span class='ocrx_word' id='word_1_212' title='bbox 182 1749 258 1804; x_wconf 87' lang='lat' dir='ltr'><strong>dedit</strong></span> <span class='ocrx_word' id='word_1_213' title='bbox 274 1750 303 1804; x_wconf 89' lang='lat' dir='ltr'><strong>in</strong></span> <span class='ocrx_word' id='word_1_214' title='bbox 320 1750 412 1806; x_wconf 87' lang='lat' dir='ltr'><strong>dotem</strong></span> <span class='ocrx_word' id='word_1_215' title='bbox 431 1763 548 1818; x_wconf 88' lang='lat' dir='ltr'><strong>eumque</strong></span> <span class='ocrx_word' id='word_1_216' title='bbox 565 1755 659 1819; x_wconf 87' lang='lat' dir='ltr'><strong>petere</strong></span> <span class='ocrx_word' id='word_1_217' title='bbox 677 1748 898 1817; x_wconf 66' lang='lat' dir='ltr'><strong>neglexerunt,</strong></span> <span class='ocrx_word' id='word_1_218' title='bbox 918 1763 980 1804; x_wconf 90' lang='lat' dir='ltr'><strong>cum</strong></span> <span class='ocrx_word' id='word_1_219' title='bbox 998 1748 1027 1804; x_wconf 93' lang='lat' dir='ltr'><strong>id</strong></span> <span class='ocrx_word' id='word_1_220' title='bbox 1044 1747 1134 1804; x_wconf 84' lang='lat' dir='ltr'><strong>facere</strong></span> <span class='ocrx_word' id='word_1_221' title='bbox 1152 1752 1254 1818; x_wconf 88' lang='lat' dir='ltr'><strong>posset,</strong></span> <span class='ocrx_word' id='word_1_222' title='bbox 1273 1763 1330 1804; x_wconf 87' lang='lat' dir='ltr'><strong>rem</strong></span> <span class='ocrx_word' id='word_1_223' title='bbox 1348 1749 1460 1819; x_wconf 88' lang='lat' dir='ltr'><strong>periculi</strong></span> <span class='ocrx_word' id='word_1_224' title='bbox 1475 1750 1519 1804; x_wconf 87' lang='lat' dir='ltr'><strong>sui</strong></span> <span class='ocrx_word' id='word_1_225' title='bbox 1532 1749 1608 1806; x_wconf 86' lang='lat' dir='ltr'><strong>fecit:</strong></span> 
     </span>
     <span class='ocr_line' id='line_1_19' title="bbox 182 1835 1608 1908; baseline 0 -14"><span class='ocrx_word' id='word_1_226' title='bbox 182 1855 245 1894; x_wconf 88' lang='lat' dir='ltr'><strong>uam</strong></span> <span class='ocrx_word' id='word_1_227' title='bbox 264 1839 327 1893; x_wconf 91' lang='lat' dir='ltr'><strong>licet</strong></span> <span class='ocrx_word' id='word_1_228' title='bbox 343 1839 388 1894; x_wconf 81' lang='lat' dir='ltr'><strong>lex</strong></span> <span class='ocrx_word' id='word_1_229' title='bbox 405 1838 482 1906; x_wconf 87' lang='lat' dir='ltr'><strong>lulla,</strong></span> <span class='ocrx_word' id='word_1_230' title='bbox 500 1853 570 1908; x_wconf 84' lang='lat' dir='ltr'><strong>quae</strong></span> <span class='ocrx_word' id='word_1_231' title='bbox 588 1843 666 1892; x_wconf 87' lang='lat' dir='ltr'><strong>uetat</strong></span> <span class='ocrx_word' id='word_1_232' title='bbox 683 1835 797 1892; x_wconf 81' lang='lat' dir='ltr'><strong>fundum</strong></span> <span class='ocrx_word' id='word_1_233' title='bbox 816 1836 934 1894; x_wconf 88' lang='lat' dir='ltr'><strong>dotalem</strong></span> <span class='ocrx_word' id='word_1_234' title='bbox 954 1837 1074 1906; x_wconf 83' lang='lat' dir='ltr'><strong>alienari,</strong></span> <span class='ocrx_word' id='word_1_235' title='bbox 1092 1837 1228 1906; x_wconf 79' lang='lat' dir='ltr'><strong>pertineat</strong></span> <span class='ocrx_word' id='word_1_236' title='bbox 1246 1837 1327 1892; x_wconf 88' lang='lat' dir='ltr'><strong>etiam</strong></span> <span class='ocrx_word' id='word_1_237' title='bbox 1346 1837 1383 1892; x_wconf 85' lang='lat' dir='ltr'><strong>ad</strong></span> <span class='ocrx_word' id='word_1_238' title='bbox 1395 1837 1550 1894; x_wconf 89' lang='lat' dir='ltr'><strong>huiusmodi</strong></span> <span class='ocrx_word' id='word_1_239' title='bbox 1562 1839 1608 1894; x_wconf 85' lang='lat' dir='ltr'><strong>ad-</strong></span> 
     </span>
    </p>
   </div>
   <div class='ocr_carea' id='block_1_3' title="bbox 182 1919 1693 1998">
    <p class='ocr_par' dir='ltr' id='par_1_3' title="bbox 182 1919 1693 1998">
     <span class='ocr_line' id='line_1_20' title="bbox 182 1919 1693 1998; baseline 0.001 -16"><span class='ocrx_word' id='word_1_240' title='bbox 182 1927 364 1997; x_wconf 87' lang='lat' dir='ltr'><strong>quisitionem,</strong></span> <span class='ocrx_word' id='word_1_241' title='bbox 382 1931 546 1982; x_wconf 87' lang='lat' dir='ltr'><strong>nontamen</strong></span> <span class='ocrx_word' id='word_1_242' title='bbox 564 1927 717 1996; x_wconf 84' lang='lat' dir='ltr'><strong>interpellat</strong></span> <span class='ocrx_word' id='word_1_243' title='bbox 734 1941 794 1980; x_wconf 90' lang='lat' dir='ltr'><strong>eam</strong></span> <span class='ocrx_word' id='word_1_244' title='bbox 812 1926 1021 1996; x_wconf 89' lang='lat' dir='ltr'><strong>possessionem,</strong></span> <span class='ocrx_word' id='word_1_245' title='bbox 1041 1941 1111 1995; x_wconf 86' lang='lat' dir='ltr'><strong>quae</strong></span> <span class='ocrx_word' id='word_1_246' title='bbox 1129 1941 1179 1995; x_wconf 92' lang='lat' dir='ltr'><strong>per</strong></span> <span class='ocrx_word' id='word_1_247' title='bbox 1195 1925 1306 1994; x_wconf 86' lang='lat' dir='ltr'><strong>longum</strong></span> <span class='ocrx_word' id='word_1_248' title='bbox 1324 1930 1432 1996; x_wconf 85' lang='lat' dir='ltr'><strong>tempus</strong></span> <span class='ocrx_word' id='word_1_249' title='bbox 1444 1925 1482 1996; x_wconf 89' lang='lat' dir='ltr'><strong>fit,</strong></span> <span class='ocrx_word' id='word_1_250' title='bbox 1502 1928 1525 1982; x_wconf 88' lang='lat' dir='ltr'><strong>si</strong></span> <span class='ocrx_word' id='word_1_251' title='bbox 1537 1932 1608 1998; x_wconf 89' lang='lat' dir='ltr'><strong>ante,</strong></span> <span class='ocrx_word' id='word_1_252' title='bbox 1692 1919 1693 1922; x_wconf 55' lang='grc'>’</span> 
     </span>
    </p>
   </div>
   <div class='ocr_carea' id='block_1_4' title="bbox 126 2102 1681 3244">
    <p class='ocr_par' dir='ltr' id='par_1_4' title="bbox 180 2102 1412 2175">
     <span class='ocr_line' id='line_1_21' title="bbox 180 2102 1412 2175; baseline -0.002 -14"><span class='ocrx_word' id='word_1_253' title='bbox 180 2105 254 2175; x_wconf 83' lang='lat' dir='ltr'><strong>longi</strong></span> <span class='ocrx_word' id='word_1_254' title='bbox 272 2105 401 2175; x_wconf 88' lang='lat' dir='ltr'><strong>temporis</strong></span> <span class='ocrx_word' id='word_1_255' title='bbox 418 2103 619 2173; x_wconf 87' lang='lat' dir='ltr'><strong>possessionem</strong></span> <span class='ocrx_word' id='word_1_256' title='bbox 637 2102 838 2174; x_wconf 81' lang='lat' dir='ltr'><strong>superfuerunt,</strong></span> <span class='ocrx_word' id='word_1_257' title='bbox 856 2102 922 2158; x_wconf 91' lang='lat' dir='ltr'><strong>nibil</strong></span> <span class='ocrx_word' id='word_1_258' title='bbox 940 2103 999 2173; x_wconf 88' lang='lat' dir='ltr'><strong>erit,</strong></span> <span class='ocrx_word' id='word_1_259' title='bbox 1018 2103 1092 2173; x_wconf 92' lang='lat' dir='ltr'><strong>quod</strong></span> <span class='ocrx_word' id='word_1_260' title='bbox 1109 2102 1287 2174; x_wconf 89' lang='lat' dir='ltr'><strong>imputabitur</strong></span> <span class='ocrx_word' id='word_1_261' title='bbox 1305 2103 1412 2162; x_wconf 84' lang='lat' dir='ltr'><strong>marito.</strong></span> 
     </span>
    </p>

    <p class='ocr_par' dir='ltr' id='par_1_5' title="bbox 126 2187 1681 2442">
     <span class='ocr_line' id='line_1_22' title="bbox 126 2187 1681 2275; baseline 0.003 -28"><span class='ocrx_word' id='word_1_262' title='bbox 126 2188 164 2248; x_wconf 80' lang='grc'><strong>17</strong></span> <span class='ocrx_word' id='word_1_263' title='bbox 234 2193 426 2249; x_wconf 68' lang='lat' dir='ltr'><strong>Maroneus·</strong></span> <span class='ocrx_word' id='word_1_264' title='bbox 449 2191 517 2247; x_wconf 90' lang='lat' dir='ltr'><strong>libro</strong></span> <span class='ocrx_word' id='word_1_265' title='bbox 541 2193 657 2261; x_wconf 88' lang='lat' dir='ltr'><strong>septimo</strong></span> <span class='ocrx_word' id='word_1_266' title='bbox 680 2193 856 2261; x_wconf 86' lang='lat' dir='ltr'><strong>digestorum.</strong></span> <span class='ocrx_word' id='word_1_267' title='bbox 892 2191 1019 2247; x_wconf 84' lang='lat' dir='ltr'><strong>Fundam</strong></span> <span class='ocrx_word' id='word_1_268' title='bbox 1043 2192 1162 2248; x_wconf 89' lang='lat' dir='ltr'><strong>dotalem</strong></span> <span class='ocrx_word' id='word_1_269' title='bbox 1180 2192 1292 2246; x_wconf 88' lang='lat' dir='ltr'><strong>maritus</strong></span> <span class='ocrx_word' id='word_1_270' title='bbox 1310 2191 1435 2247; x_wconf 87' lang='lat' dir='ltr'><strong>uendidit</strong></span> <span class='ocrx_word' id='word_1_271' title='bbox 1452 2187 1608 2275; x_wconf 60' lang='grc' dir='ltr'><strong>[ῆεῖᾖ</strong></span> <span class='ocrx_word' id='word_1_272' title='bbox 1637 2196 1681 2251; x_wconf 82' lang='lat' dir='ltr'><strong>P?</strong></span> 
     </span>
     <span class='ocr_line' id='line_1_23' title="bbox 182 2279 1610 2353; baseline 0.001 -15"><span class='ocrx_word' id='word_1_273' title='bbox 182 2287 211 2338; x_wconf 92' lang='lat' dir='ltr'><strong>et</strong></span> <span class='ocrx_word' id='word_1_274' title='bbox 232 2282 357 2337; x_wconf 82' lang='lat' dir='ltr'><strong>tradidit:</strong></span> <span class='ocrx_word' id='word_1_275' title='bbox 382 2283 406 2336; x_wconf 91' lang='lat' dir='ltr'><strong>si</strong></span> <span class='ocrx_word' id='word_1_276' title='bbox 427 2282 454 2336; x_wconf 97' lang='lat' dir='ltr'><strong>in</strong></span> <span class='ocrx_word' id='word_1_277' title='bbox 473 2281 643 2338; x_wconf 87' lang='lat' dir='ltr'><strong>matrimonio</strong></span> <span class='ocrx_word' id='word_1_278' title='bbox 661 2282 757 2336; x_wconf 90' lang='lat' dir='ltr'><strong>mulier</strong></span> <span class='ocrx_word' id='word_1_279' title='bbox 775 2281 924 2336; x_wconf 77' lang='lat' dir='ltr'><strong>decesserit</strong></span> <span class='ocrx_word' id='word_1_280' title='bbox 941 2287 970 2336; x_wconf 92' lang='lat' dir='ltr'><strong>et</strong></span> <span class='ocrx_word' id='word_1_281' title='bbox 988 2281 1038 2336; x_wconf 89' lang='lat' dir='ltr'><strong>dos</strong></span> <span class='ocrx_word' id='word_1_282' title='bbox 1056 2281 1130 2336; x_wconf 91' lang='lat' dir='ltr'><strong>lucro</strong></span> <span class='ocrx_word' id='word_1_283' title='bbox 1149 2280 1238 2336; x_wconf 88' lang='lat' dir='ltr'><strong>mariti</strong></span> <span class='ocrx_word' id='word_1_284' title='bbox 1256 2281 1351 2350; x_wconf 89' lang='lat' dir='ltr'><strong>cessit,</strong></span> <span class='ocrx_word' id='word_1_285' title='bbox 1374 2279 1475 2336; x_wconf 80' lang='lat' dir='ltr'><strong>fundus</strong></span> <span class='ocrx_word' id='word_1_286' title='bbox 1495 2285 1610 2353; x_wconf 89' lang='lat' dir='ltr'><strong>emptori</strong></span> 
     </span>
     <span class='ocr_line' id='line_1_24' title="bbox 182 2373 1658 2442; baseline -0.004 -15"><span class='ocrx_word' id='word_1_287' title='bbox 182 2373 262 2428; x_wconf 83' lang='lat' dir='ltr'><strong>auelli</strong></span> <span class='ocrx_word' id='word_1_288' title='bbox 280 2386 334 2426; x_wconf 92' lang='lat' dir='ltr'><strong>non</strong></span> <span class='ocrx_word' id='word_1_289' title='bbox 352 2375 451 2442; x_wconf 85' lang='lat' dir='ltr'><strong>potest</strong></span> <span class='ocrx_word' id='word_1_290' title='bbox 1628 2381 1658 2422; x_wconf 87' lang='grc' dir='ltr'><strong>ιι</strong></span> 
     </span>
    </p>

    <p class='ocr_par' dir='ltr' id='par_1_6' title="bbox 128 2455 1664 2975">
     <span class='ocr_line' id='line_1_25' title="bbox 128 2455 1664 2538; baseline 0.001 -24"><span class='ocrx_word' id='word_1_291' title='bbox 128 2455 164 2514; x_wconf 88' lang='lat'><strong>18</strong></span> <span class='ocrx_word' id='word_1_292' title='bbox 234 2459 403 2538; x_wconf 74' lang='lat' dir='ltr'><strong>lsuouuuus</strong></span> <span class='ocrx_word' id='word_1_293' title='bbox 421 2459 490 2516; x_wconf 92' lang='lat' dir='ltr'><strong>libro</strong></span> <span class='ocrx_word' id='word_1_294' title='bbox 508 2463 587 2515; x_wconf 77' lang='lat' dir='ltr'><strong>scuto</strong></span> <span class='ocrx_word' id='word_1_295' title='bbox 605 2474 640 2514; x_wconf 87' lang='lat' dir='ltr'><strong>ex</strong></span> <span class='ocrx_word' id='word_1_296' title='bbox 656 2457 853 2528; x_wconf 87' lang='lat' dir='ltr'><strong>posterioribus</strong></span> <span class='ocrx_word' id='word_1_297' title='bbox 871 2459 1015 2515; x_wconf 88' lang='lat' dir='ltr'><strong>Labeonis.</strong></span> <span class='ocrx_word' id='word_1_298' title='bbox 1046 2458 1095 2514; x_wconf 90' lang='lat' dir='ltr'><strong>Uir</strong></span> <span class='ocrx_word' id='word_1_299' title='bbox 1111 2459 1140 2514; x_wconf 93' lang='lat' dir='ltr'><strong>in</strong></span> <span class='ocrx_word' id='word_1_300' title='bbox 1157 2455 1242 2514; x_wconf 79' lang='lat' dir='ltr'><strong>fundo</strong></span> <span class='ocrx_word' id='word_1_301' title='bbox 1260 2457 1345 2514; x_wconf 88' lang='lat' dir='ltr'><strong>dotali</strong></span> <span class='ocrx_word' id='word_1_302' title='bbox 1363 2459 1522 2528; x_wconf 83' lang='lat' dir='ltr'><strong>lapidicinae</strong></span> <span class='ocrx_word' id='word_1_303' title='bbox 1541 2475 1609 2516; x_wconf 84' lang='lat' dir='ltr'><strong>mer-</strong></span> <span class='ocrx_word' id='word_1_304' title='bbox 1628 2455 1664 2508; x_wconf 80' lang='lat' dir='ltr'><strong>&#39;S</strong></span> 
     </span>
     <span class='ocr_line' id='line_1_26' title="bbox 182 2545 1611 2619; baseline 0.001 -15"><span class='ocrx_word' id='word_1_305' title='bbox 182 2563 288 2605; x_wconf 86' lang='lat' dir='ltr'><strong>morcas</strong></span> <span class='ocrx_word' id='word_1_306' title='bbox 306 2555 462 2619; x_wconf 87' lang='lat' dir='ltr'><strong>aperuerat:</strong></span> <span class='ocrx_word' id='word_1_307' title='bbox 485 2549 604 2604; x_wconf 91' lang='lat' dir='ltr'><strong>diuortio</strong></span> <span class='ocrx_word' id='word_1_308' title='bbox 622 2545 696 2602; x_wconf 82' lang='lat' dir='ltr'><strong>sacto</strong></span> <span class='ocrx_word' id='word_1_309' title='bbox 715 2549 866 2618; x_wconf 86' lang='lat' dir='ltr'><strong>quaeritur,</strong></span> <span class='ocrx_word' id='word_1_310' title='bbox 886 2564 1004 2603; x_wconf 87' lang='lat' dir='ltr'><strong>marmor</strong></span> <span class='ocrx_word' id='word_1_311' title='bbox 1020 2547 1094 2618; x_wconf 86' lang='lat' dir='ltr'><strong>quod</strong></span> <span class='ocrx_word' id='word_1_312' title='bbox 1112 2561 1223 2606; x_wconf 83' lang='lat' dir='ltr'><strong>caesum</strong></span> <span class='ocrx_word' id='word_1_313' title='bbox 1241 2561 1329 2617; x_wconf 89' lang='lat' dir='ltr'><strong>neque</strong></span> <span class='ocrx_word' id='word_1_314' title='bbox 1348 2551 1518 2616; x_wconf 84' lang='lat' dir='ltr'><strong>exportatum</strong></span> <span class='ocrx_word' id='word_1_315' title='bbox 1537 2553 1611 2604; x_wconf 88' lang='lat' dir='ltr'><strong>esset</strong></span> 
     </span>
     <span class='ocr_line' id='line_1_27' title="bbox 182 2633 1610 2708; baseline 0.001 -16"><span class='ocrx_word' id='word_1_316' title='bbox 182 2637 260 2693; x_wconf 87' lang='lat' dir='ltr'><strong>cuius</strong></span> <span class='ocrx_word' id='word_1_317' title='bbox 278 2641 352 2692; x_wconf 89' lang='lat' dir='ltr'><strong>esset</strong></span> <span class='ocrx_word' id='word_1_318' title='bbox 369 2642 397 2693; x_wconf 89' lang='lat' dir='ltr'><strong>et</strong></span> <span class='ocrx_word' id='word_1_319' title='bbox 414 2638 565 2708; x_wconf 86' lang='lat' dir='ltr'><strong>impensam</strong></span> <span class='ocrx_word' id='word_1_320' title='bbox 583 2637 610 2692; x_wconf 93' lang='lat' dir='ltr'><strong>in</strong></span> <span class='ocrx_word' id='word_1_321' title='bbox 628 2636 788 2707; x_wconf 85' lang='lat' dir='ltr'><strong>lapidicinae</strong></span> <span class='ocrx_word' id='word_1_322' title='bbox 806 2633 907 2692; x_wconf 84' lang='lat' dir='ltr'><strong>factam</strong></span> <span class='ocrx_word' id='word_1_323' title='bbox 926 2637 1022 2693; x_wconf 90' lang='lat' dir='ltr'><strong>mulier</strong></span> <span class='ocrx_word' id='word_1_324' title='bbox 1038 2653 1074 2692; x_wconf 84' lang='lat' dir='ltr'><strong>sn</strong></span> <span class='ocrx_word' id='word_1_325' title='bbox 1085 2637 1129 2692; x_wconf 89' lang='lat' dir='ltr'><strong>uir</strong></span> <span class='ocrx_word' id='word_1_326' title='bbox 1139 2641 1279 2706; x_wconf 87' lang='lat' dir='ltr'><strong>praestare</strong></span> <span class='ocrx_word' id='word_1_327' title='bbox 1291 2635 1410 2692; x_wconf 86' lang='lat' dir='ltr'><strong>deberet.</strong></span> <span class='ocrx_word' id='word_1_328' title='bbox 1436 2635 1529 2692; x_wconf 88' lang='lat' dir='ltr'><strong>Labeo</strong></span> <span class='ocrx_word' id='word_1_329' title='bbox 1541 2654 1610 2694; x_wconf 81' lang='lat' dir='ltr'><strong>mar-</strong></span> 
     </span>
     <span class='ocr_line' id='line_1_28' title="bbox 182 2725 1611 2796; baseline 0 -14"><span class='ocrx_word' id='word_1_330' title='bbox 182 2741 241 2782; x_wconf 89' lang='lat' dir='ltr'><strong>mor</strong></span> <span class='ocrx_word' id='word_1_331' title='bbox 264 2726 316 2782; x_wconf 90' lang='lat' dir='ltr'><strong>uiri</strong></span> <span class='ocrx_word' id='word_1_332' title='bbox 339 2741 400 2782; x_wconf 86' lang='lat' dir='ltr'><strong>csse</strong></span> <span class='ocrx_word' id='word_1_333' title='bbox 422 2727 474 2782; x_wconf 84' lang='lat' dir='ltr'><strong>ait:</strong></span> <span class='ocrx_word' id='word_1_334' title='bbox 498 2731 619 2781; x_wconf 88' lang='lat' dir='ltr'><strong>ceterum</strong></span> <span class='ocrx_word' id='word_1_335' title='bbox 642 2725 702 2780; x_wconf 89' lang='lat' dir='ltr'><strong>uiro</strong></span> <span class='ocrx_word' id='word_1_336' title='bbox 726 2731 809 2795; x_wconf 75' lang='lat' dir='ltr'><strong>negat</strong></span> <span class='ocrx_word' id='word_1_337' title='bbox 833 2725 981 2796; x_wconf 79' lang='lat' dir='ltr'><strong>quidquam</strong></span> <span class='ocrx_word' id='word_1_338' title='bbox 1004 2725 1198 2796; x_wconf 83' lang='lat' dir='ltr'><strong>praestandum</strong></span> <span class='ocrx_word' id='word_1_339' title='bbox 1216 2741 1277 2780; x_wconf 87' lang='lat' dir='ltr'><strong>cese</strong></span> <span class='ocrx_word' id='word_1_340' title='bbox 1296 2743 1313 2781; x_wconf 90' lang='lat' dir='ltr'><strong>s</strong></span> <span class='ocrx_word' id='word_1_341' title='bbox 1331 2727 1454 2795; x_wconf 88' lang='lat' dir='ltr'><strong>muliere,</strong></span> <span class='ocrx_word' id='word_1_342' title='bbox 1478 2726 1542 2796; x_wconf 88' lang='lat' dir='ltr'><strong>quia</strong></span> <span class='ocrx_word' id='word_1_343' title='bbox 1559 2741 1611 2782; x_wconf 91' lang='lat' dir='ltr'><strong>uec</strong></span> 
     </span>
     <span class='ocr_line' id='line_1_29' title="bbox 182 2811 1609 2886; baseline -0.001 -14"><span class='ocrx_word' id='word_1_344' title='bbox 182 2815 338 2872; x_wconf 84' lang='lat' dir='ltr'><strong>neccssaria</strong></span> <span class='ocrx_word' id='word_1_345' title='bbox 355 2830 388 2870; x_wconf 89' lang='lat' dir='ltr'><strong>eu</strong></span> <span class='ocrx_word' id='word_1_346' title='bbox 406 2817 530 2886; x_wconf 86' lang='lat' dir='ltr'><strong>impensa</strong></span> <span class='ocrx_word' id='word_1_347' title='bbox 547 2819 622 2870; x_wconf 89' lang='lat' dir='ltr'><strong>esset</strong></span> <span class='ocrx_word' id='word_1_348' title='bbox 639 2819 668 2868; x_wconf 90' lang='lat' dir='ltr'><strong>et</strong></span> <span class='ocrx_word' id='word_1_349' title='bbox 684 2811 785 2868; x_wconf 86' lang='lat' dir='ltr'><strong>fundus</strong></span> <span class='ocrx_word' id='word_1_350' title='bbox 803 2813 921 2870; x_wconf 90' lang='lat' dir='ltr'><strong>deterior</strong></span> <span class='ocrx_word' id='word_1_351' title='bbox 939 2819 1012 2870; x_wconf 88' lang='lat' dir='ltr'><strong>esset</strong></span> <span class='ocrx_word' id='word_1_352' title='bbox 1029 2812 1128 2870; x_wconf 83' lang='lat' dir='ltr'><strong>lactus.</strong></span> <span class='ocrx_word' id='word_1_353' title='bbox 1165 2829 1218 2884; x_wconf 82' lang='lat' dir='ltr'><strong>ego</strong></span> <span class='ocrx_word' id='word_1_354' title='bbox 1236 2831 1290 2870; x_wconf 91' lang='lat' dir='ltr'><strong>non</strong></span> <span class='ocrx_word' id='word_1_355' title='bbox 1308 2819 1415 2870; x_wconf 88' lang='lat' dir='ltr'><strong>tanturn</strong></span> <span class='ocrx_word' id='word_1_356' title='bbox 1433 2815 1609 2886; x_wconf 86' lang='lat' dir='ltr'><strong>necessarius,</strong></span> 
     </span>
     <span class='ocr_line' id='line_1_30' title="bbox 181 2902 1657 2975; baseline -0.004 -15"><span class='ocrx_word' id='word_1_357' title='bbox 181 2903 231 2960; x_wconf 92' lang='lat' dir='ltr'><strong>sed</strong></span> <span class='ocrx_word' id='word_1_358' title='bbox 249 2905 331 2960; x_wconf 86' lang='lat' dir='ltr'><strong>etiam</strong></span> <span class='ocrx_word' id='word_1_359' title='bbox 349 2905 430 2960; x_wconf 89' lang='lat' dir='ltr'><strong>utiles</strong></span> <span class='ocrx_word' id='word_1_360' title='bbox 448 2905 586 2975; x_wconf 87' lang='lat' dir='ltr'><strong>impensas</strong></span> <span class='ocrx_word' id='word_1_361' title='bbox 604 2902 783 2974; x_wconf 85' lang='lat' dir='ltr'><strong>praestandas</strong></span> <span class='ocrx_word' id='word_1_362' title='bbox 802 2920 819 2958; x_wconf 89' lang='lat' dir='ltr'><strong>a</strong></span> <span class='ocrx_word' id='word_1_363' title='bbox 835 2903 947 2958; x_wconf 91' lang='lat' dir='ltr'><strong>muliere</strong></span> <span class='ocrx_word' id='word_1_364' title='bbox 960 2903 1085 2960; x_wconf 84' lang='lat' dir='ltr'><strong>existimo</strong></span> <span class='ocrx_word' id='word_1_365' title='bbox 1097 2919 1149 2959; x_wconf 90' lang='lat' dir='ltr'><strong>nec</strong></span> <span class='ocrx_word' id='word_1_366' title='bbox 1160 2909 1227 2973; x_wconf 90' lang='lat' dir='ltr'><strong>puto</strong></span> <span class='ocrx_word' id='word_1_367' title='bbox 1239 2902 1353 2959; x_wconf 78' lang='lat' dir='ltr'><strong>fundum</strong></span> <span class='ocrx_word' id='word_1_368' title='bbox 1365 2904 1527 2960; x_wconf 86' lang='lat' dir='ltr'><strong>deteriorem</strong></span> <span class='ocrx_word' id='word_1_369' title='bbox 1540 2918 1609 2974; x_wconf 88' lang='lat' dir='ltr'><strong>esse,</strong></span> <span class='ocrx_word' id='word_1_370' title='bbox 1629 2915 1657 2955; x_wconf 85' lang='lat' dir='ltr'><strong>so</strong></span> 
     </span>
    </p>

    <p class='ocr_par' dir='ltr' id='par_1_7' title="bbox 149 2989 1611 3244">
     <span class='ocr_line' id='line_1_31' title="bbox 149 2989 1611 3077; baseline 0.003 -30"><span class='ocrx_word' id='word_1_371' title='bbox 149 3003 161 3047; x_wconf 91' lang='lat'>1</span> <span class='ocrx_word' id='word_1_372' title='bbox 181 2994 205 3050; x_wconf 91' lang='lat' dir='ltr'><strong>si</strong></span> <span class='ocrx_word' id='word_1_373' title='bbox 222 2994 293 3049; x_wconf 89' lang='lat' dir='ltr'><strong>tales</strong></span> <span class='ocrx_word' id='word_1_374' title='bbox 311 2999 375 3049; x_wconf 91' lang='lat' dir='ltr'><strong>sunt</strong></span> <span class='ocrx_word' id='word_1_375' title='bbox 392 2994 561 3064; x_wconf 82' lang='lat' dir='ltr'><strong>lapidicinae,</strong></span> <span class='ocrx_word' id='word_1_376' title='bbox 580 2993 608 3047; x_wconf 92' lang='lat' dir='ltr'><strong>in</strong></span> <span class='ocrx_word' id='word_1_377' title='bbox 626 2990 726 3061; x_wconf 86' lang='lat' dir='ltr'><strong>quibus</strong></span> <span class='ocrx_word' id='word_1_378' title='bbox 743 2992 813 3062; x_wconf 88' lang='lat' dir='ltr'><strong>lapis</strong></span> <span class='ocrx_word' id='word_1_379' title='bbox 831 3006 954 3046; x_wconf 89' lang='lat' dir='ltr'><strong>crescere</strong></span> <span class='ocrx_word' id='word_1_380' title='bbox 971 2993 1067 3062; x_wconf 81' lang='lat' dir='ltr'><strong>possit.</strong></span> <span class='ocrx_word' id='word_1_381' title='bbox 1095 2991 1124 3048; x_wconf 89' lang='lat' dir='ltr'><strong>Si</strong></span> <span class='ocrx_word' id='word_1_382' title='bbox 1141 3009 1191 3063; x_wconf 90' lang='lat' dir='ltr'><strong>per</strong></span> <span class='ocrx_word' id='word_1_383' title='bbox 1209 2993 1348 3048; x_wconf 89' lang='lat' dir='ltr'><strong>mulierem</strong></span> <span class='ocrx_word' id='word_1_384' title='bbox 1360 3009 1436 3048; x_wconf 90' lang='lat' dir='ltr'><strong>mora</strong></span> <span class='ocrx_word' id='word_1_385' title='bbox 1453 2989 1611 3077; x_wconf 47' lang='lat' dir='ltr'><strong>[niseni</strong></span> 
     </span>
     <span class='ocr_line' id='line_1_32' title="bbox 181 3070 1611 3153; baseline 0.001 -15"><span class='ocrx_word' id='word_1_386' title='bbox 181 3082 271 3152; x_wconf 89' lang='lat' dir='ltr'><strong>fieret,</strong></span> <span class='ocrx_word' id='word_1_387' title='bbox 296 3098 351 3153; x_wconf 88' lang='lat' dir='ltr'><strong>quo</strong></span> <span class='ocrx_word' id='word_1_388' title='bbox 373 3083 464 3138; x_wconf 88' lang='lat' dir='ltr'><strong>minus</strong></span> <span class='ocrx_word' id='word_1_389' title='bbox 484 3081 702 3138; x_wconf 87' lang='lat' dir='ltr'><strong>aestimationem</strong></span> <span class='ocrx_word' id='word_1_390' title='bbox 720 3081 806 3151; x_wconf 84' lang='lat' dir='ltr'><strong>partis</strong></span> <span class='ocrx_word' id='word_1_391' title='bbox 823 3079 901 3136; x_wconf 89' lang='lat' dir='ltr'><strong>fundi</strong></span> <span class='ocrx_word' id='word_1_392' title='bbox 918 3080 978 3136; x_wconf 91' lang='lat' dir='ltr'><strong>uiro</strong></span> <span class='ocrx_word' id='word_1_393' title='bbox 997 3082 1115 3136; x_wconf 87' lang='lat' dir='ltr'><strong>solueret</strong></span> <span class='ocrx_word' id='word_1_394' title='bbox 1132 3085 1161 3136; x_wconf 90' lang='lat' dir='ltr'><strong>et</strong></span> <span class='ocrx_word' id='word_1_395' title='bbox 1178 3079 1292 3137; x_wconf 83' lang='lat' dir='ltr'><strong>fundum</strong></span> <span class='ocrx_word' id='word_1_396' title='bbox 1310 3083 1455 3152; x_wconf 87' lang='lat' dir='ltr'><strong>reciperet,</strong></span> <span class='ocrx_word' id='word_1_397' title='bbox 1467 3070 1611 3140; x_wconf 54' lang='lat' dir='ltr'><strong>&#39;mm-lma</strong></span> 
     </span>
     <span class='ocr_line' id='line_1_33' title="bbox 155 3170 1610 3244; baseline 0.001 -16"><span class='ocrx_word' id='word_1_398' title='bbox 155 3197 156 3200; x_wconf 38' lang='lat'>¹</span> <span class='ocrx_word' id='word_1_399' title='bbox 181 3177 291 3243; x_wconf 84' lang='lat' dir='ltr'><strong>pactum</strong></span> <span class='ocrx_word' id='word_1_400' title='bbox 315 3177 387 3228; x_wconf 84' lang='lat' dir='ltr'><strong>erat:</strong></span> <span class='ocrx_word' id='word_1_401' title='bbox 410 3170 516 3227; x_wconf 81' lang='lat' dir='ltr'><strong>tructus</strong></span> <span class='ocrx_word' id='word_1_402' title='bbox 538 3171 645 3226; x_wconf 85' lang='lat' dir='ltr'><strong>interim</strong></span> <span class='ocrx_word' id='word_1_403' title='bbox 669 3175 813 3240; x_wconf 89' lang='lat' dir='ltr'><strong>perceptus</strong></span> <span class='ocrx_word' id='word_1_404' title='bbox 836 3170 871 3226; x_wconf 82' lang='lat' dir='ltr'><strong>ad</strong></span> <span class='ocrx_word' id='word_1_405' title='bbox 895 3170 984 3226; x_wconf 88' lang='lat' dir='ltr'><strong>uirum</strong></span> <span class='ocrx_word' id='word_1_406' title='bbox 1007 3170 1143 3240; x_wconf 89' lang='lat' dir='ltr'><strong>pertinere</strong></span> <span class='ocrx_word' id='word_1_407' title='bbox 1166 3170 1205 3225; x_wconf 89' lang='lat' dir='ltr'><strong>ait</strong></span> <span class='ocrx_word' id='word_1_408' title='bbox 1222 3170 1323 3226; x_wconf 86' lang='lat' dir='ltr'><strong>Labeo.</strong></span> <span class='ocrx_word' id='word_1_409' title='bbox 1358 3176 1426 3240; x_wconf 88' lang='lat' dir='ltr'><strong>puto</strong></span> <span class='ocrx_word' id='word_1_410' title='bbox 1449 3173 1541 3242; x_wconf 86' lang='lat' dir='ltr'><strong>potius</strong></span> <span class='ocrx_word' id='word_1_411' title='bbox 1560 3188 1610 3244; x_wconf 89' lang='lat' dir='ltr'><strong>pro</strong></span> 
     </span>
    </p>
   </div>
   <div class='ocr_carea' id='block_1_5' title="bbox 181 3256 1658 3447">
    <p class='ocr_par' dir='ltr' id='par_1_8' title="bbox 181 3256 1658 3447">
     <span class='ocr_line' id='line_1_34' title="bbox 181 3256 1658 3332; baseline -0.004 -16"><span class='ocrx_word' id='word_1_412' title='bbox 181 3262 307 3332; x_wconf 88' lang='lat' dir='ltr'><strong>portione</strong></span> <span class='ocrx_word' id='word_1_413' title='bbox 324 3259 430 3316; x_wconf 79' lang='lat' dir='ltr'><strong>fructus</strong></span> <span class='ocrx_word' id='word_1_414' title='bbox 448 3261 538 3316; x_wconf 88' lang='lat' dir='ltr'><strong>uirum</strong></span> <span class='ocrx_word' id='word_1_415' title='bbox 556 3258 721 3328; x_wconf 85' lang='lat' dir='ltr'><strong>habitururn,</strong></span> <span class='ocrx_word' id='word_1_416' title='bbox 739 3256 858 3328; x_wconf 87' lang='lat' dir='ltr'><strong>reliquos</strong></span> <span class='ocrx_word' id='word_1_417' title='bbox 876 3260 981 3314; x_wconf 90' lang='lat' dir='ltr'><strong>mulieri</strong></span> <span class='ocrx_word' id='word_1_418' title='bbox 998 3259 1200 3315; x_wconf 87' lang='lat' dir='ltr'><strong>restituturum:</strong></span> <span class='ocrx_word' id='word_1_419' title='bbox 1218 3273 1273 3330; x_wconf 85' lang='lat' dir='ltr'><strong>quo</strong></span> <span class='ocrx_word' id='word_1_420' title='bbox 1290 3261 1348 3316; x_wconf 89' lang='lat' dir='ltr'><strong>iure</strong></span> <span class='ocrx_word' id='word_1_421' title='bbox 1365 3261 1475 3316; x_wconf 85' lang='lat' dir='ltr'><strong>utimur.</strong></span> <span class='ocrx_word' id='word_1_422' title='bbox 1628 3269 1658 3310; x_wconf 83' lang='grc' dir='ltr'><strong>ιι</strong></span> 
     </span>
     <span class='ocr_line' id='line_1_35' title="bbox 181 3373 1216 3447; baseline 0 -17"><span class='ocrx_word' id='word_1_423' title='bbox 181 3377 208 3430; x_wconf 82' lang='lat' dir='ltr'><em>F</em></span> <span class='ocrx_word' id='word_1_424' title='bbox 212 3376 269 3447; x_wconf 89' lang='lat' dir='ltr'><strong>[P(</strong></span> <span class='ocrx_word' id='word_1_425' title='bbox 271 3377 319 3432; x_wconf 85' lang='lat' dir='ltr'><strong>VL</strong></span> <span class='ocrx_word' id='word_1_426' title='bbox 337 3379 373 3431; x_wconf 84' lang='lat' dir='ltr'><strong>ad</strong></span> <span class='ocrx_word' id='word_1_427' title='bbox 389 3397 413 3431; x_wconf 85' lang='grc' dir='ltr'><strong>ιι.</strong></span> <span class='ocrx_word' id='word_1_428' title='bbox 427 3377 443 3430; x_wconf 86' lang='grc'><strong>1</strong></span> <span class='ocrx_word' id='word_1_429' title='bbox 460 3391 515 3431; x_wconf 89' lang='lat' dir='ltr'><strong>uon</strong></span> <span class='ocrx_word' id='word_1_430' title='bbox 533 3375 625 3430; x_wconf 80' lang='lat' dir='ltr'><strong>ualeat</strong></span> <span class='ocrx_word' id='word_1_431' title='bbox 641 3389 721 3445; x_wconf 83' lang='lat' dir='ltr'><strong>quae,</strong></span> <span class='ocrx_word' id='word_1_432' title='bbox 739 3395 799 3428; x_wconf 86' lang='lat' dir='ltr'><strong>uam</strong></span> <span class='ocrx_word' id='word_1_433' title='bbox 816 3377 915 3447; x_wconf 79' lang='lat' dir='ltr'><strong>reliquo</strong></span> <span class='ocrx_word' id='word_1_434' title='bbox 932 3382 991 3430; x_wconf 84' lang='lat' dir='ltr'><strong>sunt</strong></span> <span class='ocrx_word' id='word_1_435' title='bbox 1008 3395 1026 3430; x_wconf 80' lang='lat' dir='ltr'><strong>a</strong></span> <span class='ocrx_word' id='word_1_436' title='bbox 1043 3395 1076 3428; x_wconf 87' lang='lat' dir='ltr'><strong>m.</strong></span> <span class='ocrx_word' id='word_1_437' title='bbox 1088 3393 1147 3440; x_wconf 81' lang='lat' dir='ltr'><strong>rec,</strong></span> <span class='ocrx_word' id='word_1_438' title='bbox 1169 3373 1216 3446; x_wconf 87' lang='lat' dir='ltr'><strong>U)]</strong></span> 
     </span>
    </p>
   </div>
   <div class='ocr_carea' id='block_1_6' title="bbox 183 3550 1610 3691">
    <p class='ocr_par' dir='ltr' id='par_1_9' title="bbox 183 3550 1610 3691">
     <span class='ocr_line' id='line_1_36' title="bbox 184 3550 1610 3623; baseline 0.001 -16"><span class='ocrx_word' id='word_1_439' title='bbox 184 3555 192 3590; x_wconf 89' lang='lat'>¹</span> <span class='ocrx_word' id='word_1_440' title='bbox 212 3553 359 3623; x_wconf 86' lang='lat' dir='ltr'><strong>quaeritur,</strong></span> <span class='ocrx_word' id='word_1_441' title='bbox 378 3558 406 3607; x_wconf 91' lang='lat' dir='ltr'><strong>et</strong></span> <span class='ocrx_word' id='word_1_442' title='bbox 424 3553 447 3606; x_wconf 91' lang='lat' dir='ltr'><strong>si</strong></span> <span class='ocrx_word' id='word_1_443' title='bbox 464 3567 519 3608; x_wconf 93' lang='lat' dir='ltr'><strong>non</strong></span> <span class='ocrx_word' id='word_1_444' title='bbox 536 3557 620 3622; x_wconf 88' lang='lat' dir='ltr'><strong>totus,</strong></span> <span class='ocrx_word' id='word_1_445' title='bbox 638 3551 688 3607; x_wconf 88' lang='lat' dir='ltr'><strong>sed</strong></span> <span class='ocrx_word' id='word_1_446' title='bbox 705 3551 751 3605; x_wconf 90' lang='lat' dir='ltr'><strong>uel</strong></span> <span class='ocrx_word' id='word_1_447' title='bbox 769 3551 860 3620; x_wconf 81' lang='lat' dir='ltr'><strong>aliqua</strong></span> <span class='ocrx_word' id='word_1_448' title='bbox 877 3567 941 3622; x_wconf 87' lang='lat' dir='ltr'><strong>pars</strong></span> <span class='ocrx_word' id='word_1_449' title='bbox 959 3566 994 3606; x_wconf 86' lang='lat' dir='ltr'><strong>ex</strong></span> <span class='ocrx_word' id='word_1_450' title='bbox 1012 3565 1045 3607; x_wconf 93' lang='lat' dir='ltr'><strong>eo</strong></span> <span class='ocrx_word' id='word_1_451' title='bbox 1062 3551 1196 3607; x_wconf 88' lang='lat' dir='ltr'><strong>uindicari</strong></span> <span class='ocrx_word' id='word_1_452' title='bbox 1212 3552 1308 3622; x_wconf 87' lang='lat' dir='ltr'><strong>possit.</strong></span> <span class='ocrx_word' id='word_1_453' title='bbox 1336 3550 1488 3607; x_wconf 82' lang='lat' dir='ltr'><strong>Scaeuola?</strong></span> <span class='ocrx_word' id='word_1_454' title='bbox 1552 3553 1563 3588; x_wconf 84' lang='lat'><strong>¹</strong></span> <span class='ocrx_word' id='word_1_455' title='bbox 1581 3555 1610 3608; x_wconf 89' lang='lat' dir='ltr'><strong>et</strong></span> 
     </span>
     <span class='ocr_line' id='line_1_37' title="bbox 183 3623 964 3691; baseline -0.001 -13"><span class='ocrx_word' id='word_1_456' title='bbox 183 3633 230 3680; x_wconf 74' lang='lat' dir='ltr'><strong>sus.</strong></span> <span class='ocrx_word' id='word_1_457' title='bbox 250 3624 336 3689; x_wconf 66' lang='lat' dir='ltr'><strong>litlot:</strong></span> <span class='ocrx_word' id='word_1_458' title='bbox 355 3625 393 3678; x_wconf 74' lang='lat' dir='ltr'><strong>sai</strong></span> <span class='ocrx_word' id='word_1_459' title='bbox 413 3624 523 3678; x_wconf 70' lang='lat' dir='ltr'><strong>incuses</strong></span> <span class='ocrx_word' id='word_1_460' title='bbox 542 3624 601 3691; x_wconf 67' lang='grc' dir='ltr'><strong>ΒΕ)</strong></span> <span class='ocrx_word' id='word_1_461' title='bbox 672 3625 683 3658; x_wconf 80' lang='lat'><strong>³</strong></span> <span class='ocrx_word' id='word_1_462' title='bbox 701 3623 844 3677; x_wconf 81' lang='lat' dir='ltr'><strong>Marcellus</strong></span> <span class='ocrx_word' id='word_1_463' title='bbox 862 3623 964 3690; x_wconf 83' lang='lat' dir='ltr'><strong>(Hal.)?</strong></span> 
     </span>
    </p>
   </div>
   <div class='ocr_carea' id='block_1_7' title="bbox 181 3787 1610 4643">
    <p class='ocr_par' dir='ltr' id='par_1_10' title="bbox 181 3787 1610 4643">
     <span class='ocr_line' id='line_1_38' title="bbox 183 3787 1608 3862; baseline -0.001 -15"><span class='ocrx_word' id='word_1_464' title='bbox 183 3793 246 3847; x_wconf 89' lang='lat' dir='ltr'><strong>let</strong></span> <span class='ocrx_word' id='word_1_465' title='bbox 263 3791 295 3860; x_wconf 90' lang='lat' dir='ltr'><strong>si]</strong></span> <span class='ocrx_word' id='word_1_466' title='bbox 315 3791 364 3846; x_wconf 89' lang='lat' dir='ltr'><strong>sed</strong></span> <span class='ocrx_word' id='word_1_467' title='bbox 382 3791 406 3845; x_wconf 84' lang='lat' dir='ltr'><strong>ei</strong></span> <span class='ocrx_word' id='word_1_468' title='bbox 419 3791 515 3855; x_wconf 79' lang='lat' dir='ltr'><em>PVU‘‚</em></span> <span class='ocrx_word' id='word_1_469' title='bbox 535 3791 585 3855; x_wconf 78' lang='lat' dir='ltr'><strong>des.</strong></span> <span class='ocrx_word' id='word_1_470' title='bbox 599 3789 632 3844; x_wconf 87' lang='lat' dir='ltr'><strong>U·</strong></span> <span class='ocrx_word' id='word_1_471' title='bbox 647 3790 652 3858; x_wconf 86' lang='grc'><strong>1</strong></span> <span class='ocrx_word' id='word_1_472' title='bbox 668 3805 722 3845; x_wconf 91' lang='lat' dir='ltr'><strong>nou</strong></span> <span class='ocrx_word' id='word_1_473' title='bbox 739 3789 823 3859; x_wconf 90' lang='lat' dir='ltr'><strong>totus]</strong></span> <span class='ocrx_word' id='word_1_474' title='bbox 843 3789 872 3845; x_wconf 91' lang='lat' dir='ltr'><strong>iu</strong></span> <span class='ocrx_word' id='word_1_475' title='bbox 923 3790 1075 3860; x_wconf 85' lang='lat' dir='ltr'><strong>pellauitV</strong></span> <span class='ocrx_word' id='word_1_476' title='bbox 1115 3791 1150 3844; x_wconf 82' lang='lat'><strong>20</strong></span> <span class='ocrx_word' id='word_1_477' title='bbox 1162 3787 1354 3860; x_wconf 85' lang='lat' dir='ltr'><strong>perficiendum</strong></span> <span class='ocrx_word' id='word_1_478' title='bbox 1367 3789 1394 3844; x_wconf 92' lang='lat' dir='ltr'>P</span> <span class='ocrx_word' id='word_1_479' title='bbox 1434 3791 1468 3845; x_wconf 80' lang='lat'><strong>22</strong></span> <span class='ocrx_word' id='word_1_480' title='bbox 1481 3792 1608 3862; x_wconf 72' lang='lat' dir='ltr'><strong>dispersu.</strong></span> 
     </span>
     <span class='ocr_line' id='line_1_39' title="bbox 181 3859 1610 3965; baseline -0.001 -47"><span class='ocrx_word' id='word_1_481' title='bbox 181 3869 240 3948; x_wconf 70' lang='lat' dir='ltr'><strong>toto</strong></span> <span class='ocrx_word' id='word_1_482' title='bbox 254 3863 293 3916; x_wconf 77' lang='lat' dir='ltr'><strong>P·</strong></span> <span class='ocrx_word' id='word_1_483' title='bbox 314 3864 361 3948; x_wconf 68' lang='grc' dir='ltr'><strong>Η2</strong></span> <span class='ocrx_word' id='word_1_484' title='bbox 379 3862 402 3917; x_wconf 85' lang='lat' dir='ltr'><strong>si</strong></span> <span class='ocrx_word' id='word_1_485' title='bbox 415 3861 495 3965; x_wconf 55' lang='lat' dir='ltr'><strong>niodo</strong></span> <span class='ocrx_word' id='word_1_486' title='bbox 508 3862 599 3946; x_wconf 68' lang='lat' dir='ltr'><strong>aliquit</strong></span> <span class='ocrx_word' id='word_1_487' title='bbox 611 3861 771 3945; x_wconf 43' lang='lat' dir='ltr'><strong>pars&#39;ex&#39;eo</strong></span> <span class='ocrx_word' id='word_1_488' title='bbox 784 3859 871 3916; x_wconf 79' lang='lat' dir='ltr'><strong>uiridi·</strong></span> <span class='ocrx_word' id='word_1_489' title='bbox 924 3870 999 3915; x_wconf 80' lang='lat' dir='ltr'><strong>etiam</strong></span> <span class='ocrx_word' id='word_1_490' title='bbox 1020 3863 1056 3926; x_wconf 87' lang='lat' dir='ltr'><strong>B,</strong></span> <span class='ocrx_word' id='word_1_491' title='bbox 1074 3864 1169 3916; x_wconf 80' lang='lat' dir='ltr'><strong>scilieet</strong></span> <span class='ocrx_word' id='word_1_492' title='bbox 1187 3861 1324 3944; x_wconf 74' lang='lat' dir='ltr'><strong>Fahroluc:</strong></span> <span class='ocrx_word' id='word_1_493' title='bbox 1349 3869 1375 3914; x_wconf 81' lang='lat' dir='ltr'><strong>iu</strong></span> <span class='ocrx_word' id='word_1_494' title='bbox 1394 3863 1449 3915; x_wconf 81' lang='lat' dir='ltr'><strong>cod.</strong></span> <span class='ocrx_word' id='word_1_495' title='bbox 1462 3863 1529 3916; x_wconf 73' lang='lat' dir='ltr'><strong>Hor.</strong></span> <span class='ocrx_word' id='word_1_496' title='bbox 1542 3863 1610 3917; x_wconf 75' lang='lat' dir='ltr'><strong>deest</strong></span> 
     </span>
     <span class='ocr_line' id='line_1_40' title="bbox 181 3932 1609 4076; baseline -0.001 -16"><span class='ocrx_word' id='word_1_497' title='bbox 181 3933 871 4074; x_wconf 45' lang='lat' dir='ltr'><strong>ttattltttlrtlltdll⁰lttlt²ttll</strong></span> <span class='ocrx_word' id='word_1_498' title='bbox 924 3933 967 4058; x_wconf 66' lang='lat' dir='ltr'><strong>li</strong></span> <span class='ocrx_word' id='word_1_499' title='bbox 977 3932 1142 4072; x_wconf 55' lang='grc'><strong>111193</strong></span> <span class='ocrx_word' id='word_1_500' title='bbox 1152 3933 1230 4056; x_wconf 68' lang='lat' dir='ltr'><strong>n²³</strong></span> <span class='ocrx_word' id='word_1_501' title='bbox 1244 3949 1279 4058; x_wconf 75' lang='lat' dir='ltr'><strong>ll</strong></span> <span class='ocrx_word' id='word_1_502' title='bbox 1302 3932 1552 4076; x_wconf 59' lang='lat' dir='ltr'><strong>dubletus·</strong></span> <span class='ocrx_word' id='word_1_503' title='bbox 1561 3933 1609 4068; x_wconf 63' lang='grc' dir='ltr'><strong>ἔι,</strong></span> 
     </span>
     <span class='ocr_line' id='line_1_41' title="bbox 182 4073 1608 4145; baseline -0.001 -14"><span class='ocrx_word' id='word_1_504' title='bbox 182 4076 252 4132; x_wconf 91' lang='lat' dir='ltr'><strong>didit</strong></span> <span class='ocrx_word' id='word_1_505' title='bbox 274 4077 326 4130; x_wconf 84' lang='lat' dir='ltr'><strong>PU</strong></span> <span class='ocrx_word' id='word_1_506' title='bbox 345 4080 350 4144; x_wconf 83' lang='grc' dir='ltr'>Ι</span> <span class='ocrx_word' id='word_1_507' title='bbox 371 4077 396 4131; x_wconf 91' lang='lat' dir='ltr'><strong>si</strong></span> <span class='ocrx_word' id='word_1_508' title='bbox 418 4076 470 4145; x_wconf 89' lang='lat' dir='ltr'><strong>ipsi</strong></span> <span class='ocrx_word' id='word_1_509' title='bbox 491 4077 552 4130; x_wconf 88' lang='lat' dir='ltr'><strong>titio</strong></span> <span class='ocrx_word' id='word_1_510' title='bbox 577 4073 697 4138; x_wconf 76' lang='lat' dir='ltr'><strong>fundum,</strong></span> <span class='ocrx_word' id='word_1_511' title='bbox 715 4075 872 4130; x_wconf 85' lang='lat' dir='ltr'><strong>tradidisset</strong></span> <span class='ocrx_word' id='word_1_512' title='bbox 924 4079 1096 4144; x_wconf 81' lang='lat' dir='ltr'><strong>exportatum</strong></span> <span class='ocrx_word' id='word_1_513' title='bbox 1109 4089 1170 4130; x_wconf 86' lang='lat' dir='ltr'><strong>esse</strong></span> <span class='ocrx_word' id='word_1_514' title='bbox 1183 4073 1244 4128; x_wconf 77' lang='lat' dir='ltr'><strong>VU‘</strong></span> <span class='ocrx_word' id='word_1_515' title='bbox 1262 4102 1264 4108; x_wconf 94' lang='lat'>·</span> <span class='ocrx_word' id='word_1_516' title='bbox 1279 4075 1312 4129; x_wconf 75' lang='lat'><strong>27</strong></span> <span class='ocrx_word' id='word_1_517' title='bbox 1326 4076 1486 4129; x_wconf 88' lang='lat' dir='ltr'><strong>ouiusesset</strong></span> <span class='ocrx_word' id='word_1_518' title='bbox 1497 4075 1608 4144; x_wconf 57' lang='lat' dir='ltr'><strong>onst!</strong></span> 
     </span>
     <span class='ocr_line' id='line_1_42' title="bbox 181 4145 1610 4217; baseline -0.002 -15"><span class='ocrx_word' id='word_1_519' title='bbox 181 4147 315 4202; x_wconf 84' lang='lat' dir='ltr'><strong>om.P·V</strong></span> <span class='ocrx_word' id='word_1_520' title='bbox 355 4147 485 4217; x_wconf 69' lang='grc' dir='ltr'><strong>διιιιίΡἰ</strong></span> <span class='ocrx_word' id='word_1_521' title='bbox 500 4149 505 4214; x_wconf 83' lang='lat' dir='ltr'><strong>l</strong></span> <span class='ocrx_word' id='word_1_522' title='bbox 521 4145 870 4202; x_wconf 55' lang='grc' dir='ltr'><strong>ειίι...7[ιιιιάιιεοηιλῗ1</strong></span> <span class='ocrx_word' id='word_1_523' title='bbox 923 4150 953 4200; x_wconf 86' lang='lat' dir='ltr'><strong>et</strong></span> <span class='ocrx_word' id='word_1_524' title='bbox 970 4166 1018 4200; x_wconf 84' lang='lat' dir='ltr'><strong>om.</strong></span> <span class='ocrx_word' id='word_1_525' title='bbox 1030 4147 1069 4200; x_wconf 86' lang='lat' dir='ltr'><strong>P·</strong></span> <span class='ocrx_word' id='word_1_526' title='bbox 1084 4149 1089 4214; x_wconf 84' lang='grc' dir='ltr'>Ι</span> <span class='ocrx_word' id='word_1_527' title='bbox 1104 4146 1247 4216; x_wconf 89' lang='lat' dir='ltr'><strong>lapiciuam</strong></span> <span class='ocrx_word' id='word_1_528' title='bbox 1266 4145 1304 4198; x_wconf 83' lang='lat' dir='ltr'><strong>P⁴¹</strong></span> <span class='ocrx_word' id='word_1_529' title='bbox 1348 4147 1610 4214; x_wconf 67' lang='lat' dir='ltr'><strong>abscessionem</strong></span> 
     </span>
     <span class='ocr_line' id='line_1_43' title="bbox 181 4215 1610 4287; baseline -0.001 -13"><span class='ocrx_word' id='word_1_530' title='bbox 181 4217 327 4274; x_wconf 79' lang='lat' dir='ltr'><strong>lalienu&#39;s</strong></span> <span class='ocrx_word' id='word_1_531' title='bbox 350 4219 390 4274; x_wconf 85' lang='lat' dir='ltr'><strong>P·</strong></span> <span class='ocrx_word' id='word_1_532' title='bbox 442 4218 605 4287; x_wconf 89' lang='lat' dir='ltr'><strong>8promisit</strong></span> <span class='ocrx_word' id='word_1_533' title='bbox 628 4217 683 4272; x_wconf 91' lang='lat' dir='ltr'><strong>PV</strong></span> <span class='ocrx_word' id='word_1_534' title='bbox 738 4216 868 4285; x_wconf 70' lang='lat' dir='ltr'><strong>decusa]</strong></span> <span class='ocrx_word' id='word_1_535' title='bbox 924 4223 952 4272; x_wconf 92' lang='lat' dir='ltr'><strong>et</strong></span> <span class='ocrx_word' id='word_1_536' title='bbox 969 4217 1008 4272; x_wconf 86' lang='lat' dir='ltr'><strong>ait</strong></span> <span class='ocrx_word' id='word_1_537' title='bbox 1025 4217 1065 4270; x_wconf 85' lang='lat' dir='ltr'><strong>P⁰</strong></span> <span class='ocrx_word' id='word_1_538' title='bbox 1118 4219 1152 4272; x_wconf 81' lang='lat'><strong>29</strong></span> <span class='ocrx_word' id='word_1_539' title='bbox 1170 4215 1272 4271; x_wconf 86' lang='lat' dir='ltr'><strong>e&#39;t&#39;sset</strong></span> <span class='ocrx_word' id='word_1_540' title='bbox 1288 4215 1325 4268; x_wconf 61' lang='grc' dir='ltr'><strong>Γ*</strong></span> <span class='ocrx_word' id='word_1_541' title='bbox 1379 4217 1413 4272; x_wconf 88' lang='grc'><strong>30</strong></span> <span class='ocrx_word' id='word_1_542' title='bbox 1432 4217 1610 4287; x_wconf 86' lang='lat' dir='ltr'><strong>praestandas</strong></span> 
     </span>
     <span class='ocr_line' id='line_1_44' title="bbox 182 4287 1609 4358; baseline -0.001 -13"><span class='ocrx_word' id='word_1_543' title='bbox 182 4305 266 4344; x_wconf 81' lang='lat' dir='ltr'><strong>causa</strong></span> <span class='ocrx_word' id='word_1_544' title='bbox 290 4295 318 4345; x_wconf 87' lang='lat' dir='ltr'><strong>et</strong></span> <span class='ocrx_word' id='word_1_545' title='bbox 341 4291 380 4344; x_wconf 83' lang='lat' dir='ltr'><strong>P·</strong></span> <span class='ocrx_word' id='word_1_546' title='bbox 400 4290 404 4356; x_wconf 88' lang='grc'><strong>1</strong></span> <span class='ocrx_word' id='word_1_547' title='bbox 425 4288 470 4343; x_wconf 93' lang='lat' dir='ltr'><strong>uel</strong></span> <span class='ocrx_word' id='word_1_548' title='bbox 488 4290 575 4343; x_wconf 79' lang='lat' dir='ltr'><strong>ornP</strong></span> <span class='ocrx_word' id='word_1_549' title='bbox 626 4289 660 4343; x_wconf 79' lang='lat'><strong>12</strong></span> <span class='ocrx_word' id='word_1_550' title='bbox 678 4303 732 4343; x_wconf 92' lang='lat' dir='ltr'><strong>non</strong></span> <span class='ocrx_word' id='word_1_551' title='bbox 749 4287 816 4358; x_wconf 82' lang='lat' dir='ltr'><strong>scre]</strong></span> <span class='ocrx_word' id='word_1_552' title='bbox 836 4303 871 4342; x_wconf 92' lang='lat' dir='ltr'><strong>ne</strong></span> <span class='ocrx_word' id='word_1_553' title='bbox 924 4307 973 4343; x_wconf 85' lang='lat' dir='ltr'><strong>om.</strong></span> <span class='ocrx_word' id='word_1_554' title='bbox 994 4288 1034 4342; x_wconf 80' lang='lat' dir='ltr'><strong>P⁰</strong></span> <span class='ocrx_word' id='word_1_555' title='bbox 1095 4289 1128 4343; x_wconf 89' lang='lat'><strong>31</strong></span> <span class='ocrx_word' id='word_1_556' title='bbox 1158 4288 1181 4342; x_wconf 88' lang='lat' dir='ltr'><strong>si</strong></span> <span class='ocrx_word' id='word_1_557' title='bbox 1207 4287 1264 4358; x_wconf 90' lang='lat' dir='ltr'><strong>per]</strong></span> <span class='ocrx_word' id='word_1_558' title='bbox 1291 4303 1373 4357; x_wconf 89' lang='lat' dir='ltr'><strong>super</strong></span> <span class='ocrx_word' id='word_1_559' title='bbox 1398 4289 1438 4342; x_wconf 74' lang='lat' dir='ltr'><strong>P⁶</strong></span> <span class='ocrx_word' id='word_1_560' title='bbox 1501 4289 1536 4343; x_wconf 80' lang='lat'><strong>32</strong></span> <span class='ocrx_word' id='word_1_561' title='bbox 1561 4305 1609 4358; x_wconf 86' lang='lat' dir='ltr'><strong>pa-</strong></span> 
     </span>
     <span class='ocr_line' id='line_1_45' title="bbox 181 4359 1608 4430; baseline -0.002 -14"><span class='ocrx_word' id='word_1_562' title='bbox 181 4359 251 4416; x_wconf 82' lang='lat' dir='ltr'><strong>sorte</strong></span> <span class='ocrx_word' id='word_1_563' title='bbox 270 4362 297 4415; x_wconf 91' lang='lat' dir='ltr'>P</span> <span class='ocrx_word' id='word_1_564' title='bbox 345 4361 378 4416; x_wconf 91' lang='lat'><strong>13</strong></span> <span class='ocrx_word' id='word_1_565' title='bbox 396 4360 520 4430; x_wconf 90' lang='lat' dir='ltr'><strong>retinere]</strong></span> <span class='ocrx_word' id='word_1_566' title='bbox 539 4363 567 4414; x_wconf 89' lang='lat' dir='ltr'><strong>te</strong></span> <span class='ocrx_word' id='word_1_567' title='bbox 585 4365 632 4414; x_wconf 89' lang='lat' dir='ltr'><strong>tue</strong></span> <span class='ocrx_word' id='word_1_568' title='bbox 651 4359 691 4413; x_wconf 88' lang='grc' dir='ltr'><strong>Ρ·</strong></span> <span class='ocrx_word' id='word_1_569' title='bbox 706 4361 711 4427; x_wconf 81' lang='lat' dir='ltr'><strong>l</strong></span> <span class='ocrx_word' id='word_1_570' title='bbox 727 4375 761 4415; x_wconf 88' lang='lat' dir='ltr'><strong>ex</strong></span> <span class='ocrx_word' id='word_1_571' title='bbox 779 4359 870 4430; x_wconf 87' lang='lat' dir='ltr'><strong>pacto]</strong></span> <span class='ocrx_word' id='word_1_572' title='bbox 923 4359 973 4414; x_wconf 87' lang='lat' dir='ltr'><strong>tuis</strong></span> <span class='ocrx_word' id='word_1_573' title='bbox 990 4359 1137 4428; x_wconf 83' lang='lat' dir='ltr'><strong>P·lcum]</strong></span> <span class='ocrx_word' id='word_1_574' title='bbox 1155 4364 1262 4414; x_wconf 87' lang='lat' dir='ltr'><strong>etcum</strong></span> <span class='ocrx_word' id='word_1_575' title='bbox 1282 4359 1320 4412; x_wconf 81' lang='lat' dir='ltr'><strong>P⁰</strong></span> <span class='ocrx_word' id='word_1_576' title='bbox 1367 4359 1402 4414; x_wconf 89' lang='lat'><strong>33</strong></span> <span class='ocrx_word' id='word_1_577' title='bbox 1419 4359 1554 4428; x_wconf 77' lang='lat' dir='ltr'><strong>preceptis</strong></span> <span class='ocrx_word' id='word_1_578' title='bbox 1567 4359 1608 4428; x_wconf 90' lang='grc' dir='ltr'><strong>ΡΙ</strong></span> 
     </span>
     <span class='ocr_line' id='line_1_46' title="bbox 182 4429 1610 4502; baseline 0.001 -16"><span class='ocrx_word' id='word_1_579' title='bbox 182 4431 337 4502; x_wconf 84' lang='lat' dir='ltr'><strong>expectatio</strong></span> <span class='ocrx_word' id='word_1_580' title='bbox 354 4431 394 4485; x_wconf 89' lang='lat' dir='ltr'><strong>P·</strong></span> <span class='ocrx_word' id='word_1_581' title='bbox 448 4433 482 4486; x_wconf 88' lang='grc'><strong>16</strong></span> <span class='ocrx_word' id='word_1_582' title='bbox 505 4430 589 4501; x_wconf 77' lang='lat' dir='ltr'><strong>poss]</strong></span> <span class='ocrx_word' id='word_1_583' title='bbox 614 4432 641 4486; x_wconf 92' lang='lat' dir='ltr'><strong>in</strong></span> <span class='ocrx_word' id='word_1_584' title='bbox 665 4445 738 4499; x_wconf 88' lang='lat' dir='ltr'><strong>poss.</strong></span> <span class='ocrx_word' id='word_1_585' title='bbox 758 4432 797 4485; x_wconf 81' lang='lat' dir='ltr'><strong>P⁶</strong></span> <span class='ocrx_word' id='word_1_586' title='bbox 817 4433 821 4496; x_wconf 80' lang='grc' dir='ltr'>Ι</span> <span class='ocrx_word' id='word_1_587' title='bbox 842 4436 873 4484; x_wconf 89' lang='lat' dir='ltr'><strong>ut</strong></span> <span class='ocrx_word' id='word_1_588' title='bbox 924 4431 1122 4502; x_wconf 69' lang='lat' dir='ltr'><strong>pertinere⁴F²</strong></span> <span class='ocrx_word' id='word_1_589' title='bbox 1137 4431 1142 4497; x_wconf 85' lang='grc'><strong>1</strong></span> <span class='ocrx_word' id='word_1_590' title='bbox 1157 4430 1372 4500; x_wconf 76' lang='lat' dir='ltr'><strong>proportionem</strong></span> <span class='ocrx_word' id='word_1_591' title='bbox 1385 4429 1412 4483; x_wconf 91' lang='lat' dir='ltr'><em>P</em></span> <span class='ocrx_word' id='word_1_592' title='bbox 1447 4431 1610 4488; x_wconf 67' lang='lat' dir='ltr'><strong>aemuleris</strong></span> 
     </span>
     <span class='ocr_line' id='line_1_47' title="bbox 183 4499 1554 4573; baseline 0.001 -16"><span class='ocrx_word' id='word_1_593' title='bbox 183 4503 272 4573; x_wconf 85' lang='lat' dir='ltr'><strong>suurn]</strong></span> <span class='ocrx_word' id='word_1_594' title='bbox 291 4507 320 4558; x_wconf 92' lang='lat' dir='ltr'><strong>et</strong></span> <span class='ocrx_word' id='word_1_595' title='bbox 336 4515 417 4557; x_wconf 86' lang='lat' dir='ltr'><strong>suum</strong></span> <span class='ocrx_word' id='word_1_596' title='bbox 432 4501 462 4568; x_wconf 85' lang='lat' dir='ltr'><strong>V,</strong></span> <span class='ocrx_word' id='word_1_597' title='bbox 481 4505 509 4556; x_wconf 90' lang='lat' dir='ltr'><strong>et</strong></span> <span class='ocrx_word' id='word_1_598' title='bbox 521 4517 571 4556; x_wconf 89' lang='lat' dir='ltr'><strong>suo</strong></span> <span class='ocrx_word' id='word_1_599' title='bbox 585 4502 631 4567; x_wconf 89' lang='lat' dir='ltr'><strong>P·,</strong></span> <span class='ocrx_word' id='word_1_600' title='bbox 649 4507 679 4556; x_wconf 91' lang='lat' dir='ltr'><strong>et</strong></span> <span class='ocrx_word' id='word_1_601' title='bbox 690 4507 721 4558; x_wconf 92' lang='lat' dir='ltr'><strong>ut</strong></span> <span class='ocrx_word' id='word_1_602' title='bbox 733 4518 812 4557; x_wconf 89' lang='lat' dir='ltr'><strong>suum</strong></span> <span class='ocrx_word' id='word_1_603' title='bbox 825 4499 871 4565; x_wconf 77' lang='lat'><strong>1²⁶,</strong></span> <span class='ocrx_word' id='word_1_604' title='bbox 925 4501 1002 4558; x_wconf 80' lang='lat' dir='ltr'><em>P⁶U⁶</em></span> <span class='ocrx_word' id='word_1_605' title='bbox 1018 4503 1022 4570; x_wconf 94' lang='grc' dir='ltr'>Ι</span> <span class='ocrx_word' id='word_1_606' title='bbox 1038 4500 1102 4572; x_wconf 82' lang='lat' dir='ltr'><strong>quo]</strong></span> <span class='ocrx_word' id='word_1_607' title='bbox 1120 4519 1168 4554; x_wconf 82' lang='lat' dir='ltr'><strong>om.</strong></span> <span class='ocrx_word' id='word_1_608' title='bbox 1181 4501 1221 4555; x_wconf 85' lang='grc' dir='ltr'><strong>Ρ·</strong></span> <span class='ocrx_word' id='word_1_609' title='bbox 1228 4501 1305 4568; x_wconf 83' lang='lat' dir='ltr'><strong>V⁰U⁰,</strong></span> <span class='ocrx_word' id='word_1_610' title='bbox 1323 4507 1351 4558; x_wconf 86' lang='lat' dir='ltr'><strong>et</strong></span> <span class='ocrx_word' id='word_1_611' title='bbox 1368 4499 1420 4556; x_wconf 91' lang='lat' dir='ltr'><strong>hoo</strong></span> <span class='ocrx_word' id='word_1_612' title='bbox 1438 4501 1554 4558; x_wconf 70' lang='lat' dir='ltr'><em>P‘V‘U‘</em></span> 
     </span>
     <span class='ocr_line' id='line_1_48' title="bbox 184 4573 941 4643; baseline -0.001 -15"><span class='ocrx_word' id='word_1_613' title='bbox 184 4587 234 4629; x_wconf 83' lang='lat' dir='ltr'><strong>suo</strong></span> <span class='ocrx_word' id='word_1_614' title='bbox 255 4573 296 4640; x_wconf 64' lang='lat' dir='ltr'><strong>Ut,</strong></span> <span class='ocrx_word' id='word_1_615' title='bbox 314 4582 364 4630; x_wconf 77' lang='lat' dir='ltr'><strong>inc.</strong></span> <span class='ocrx_word' id='word_1_616' title='bbox 381 4573 414 4628; x_wconf 82' lang='lat' dir='ltr'><strong>U·</strong></span> <span class='ocrx_word' id='word_1_617' title='bbox 467 4575 501 4629; x_wconf 83' lang='lat'><strong>19</strong></span> <span class='ocrx_word' id='word_1_618' title='bbox 518 4573 690 4643; x_wconf 83' lang='lat' dir='ltr'><strong>interpellant</strong></span> <span class='ocrx_word' id='word_1_619' title='bbox 707 4573 773 4638; x_wconf 59' lang='grc' dir='ltr'><strong>ΠΡ,</strong></span> <span class='ocrx_word' id='word_1_620' title='bbox 791 4574 871 4628; x_wconf 83' lang='lat' dir='ltr'><strong>inter·</strong></span> <span class='ocrx_word' id='word_1_621' title='bbox 940 4575 941 4578; x_wconf 75' lang='grc'>’</span> 
     </span>
    </p>
   </div>
   <div class='ocr_carea' id='block_1_8' title="bbox 0 0 1854 5364">
    <p class='ocr_par' dir='ltr' id='par_1_11' title="bbox 0 0 1854 5364">
     <span class='ocr_line' id='line_1_49' title="bbox 0 0 1854 5364; baseline 0 0"><span class='ocrx_word' id='word_1_622' title='bbox 0 0 1854 5364; x_wconf 95' lang='lat' dir='ltr'><strong> </strong></span> 
     </span>
    </p>
   </div>
  </div>
 </body>
</html>
