3516 5340
82 235 336 285 nmnrcsrronn
761 214 845 294 211
1305 215 1348 282 VI
1371 221 1384 281 1
1409 224 1524 278 ee-te

83 387 150 429 nero
166 387 220 429 nec
238 377 333 442 potest
349 373 494 428 restituere
510 387 563 428 nec
580 373 644 428 dolo
661 371 728 428 fecit
745 387 799 442 quc
816 373 907 428 minus
924 371 1020 442 possit,
1039 385 1095 428 non
1111 371 1196 442 pluris
1208 385 1291 440 qnam
1308 371 1403 440 quanti
1415 385 1460 428 res
1472 376 1523 442 est,

84 461 114 516 id
130 467 173 516 cst
190 462 288 530 quami
311 460 462 516 aduersarii
483 459 619 530 interfuit,
643 460 866 516 condemnandus
888 465 939 515 est.
967 459 1035 514 haec
1059 461 1194 515 sententia
1216 460 1352 529 generalis
1374 465 1418 514 est
1440 465 1470 515 et
1487 459 1523 516 ad

83 550 177 604 omnis
187 551 248 606 siue
261 549 415 618 interdicta,
433 549 493 604 siue
511 550 633 604 actiones
649 549 679 603 in
690 563 748 606 rem
760 549 819 604 siue
831 549 860 604 in
870 561 1016 619 personum
1029 552 1101 618 sunt,
1120 547 1266 618 exquibus
1281 547 1413 603 arbitratu
1425 548 1523 602 iudicis

84 637 152 706 qnid
169 637 331 706 restituitur,
350 637 441 692 locum
458 635 550 692 habet
1543 643 1559 681 ⁴

33 726 67 786 dt
137 725 259 782 Pronus
276 725 347 781 libro
364 726 445 782 tertio
462 725 570 780 decimo
587 723 624 780 ad
641 723 781 780 Sabinum.
811 725 840 780 Is
857 725 904 795 qni
922 723 985 780 dolo
1002 722 1068 780 iecit
1086 739 1140 794 quo
1159 723 1249 778 minus
1266 737 1328 792 pos·
1348 719 1523 807 [fflffl
1543 723 1579 776 'S

84 813 188 868 siderct
204 814 258 870 hoc
275 827 385 883 qnoque
402 813 511 869 nomine
528 813 652 882 punitur,
675 812 749 882 qnod
767 817 844 868 actor
861 827 960 868 enuere
977 812 987 880 ΙΙ
1008 813 1034 868 ei
1051 827 1107 868 non
1124 810 1208 867 debet
1225 810 1356 880 aciones,
1374 825 1443 880 quas
1462 814 1523 868 cius
1541 813 1617 861 ΗΠ

84 902 125 956 rei
142 903 254 957 nomine
272 901 383 971 habent,
402 917 432 957 se
450 903 477 956 ei
493 905 704 971 praestaturum.

35 989 68 1048 to
137 989 313 1046 Postremus
329 989 399 1046 libro
416 989 565 1046 uicensimo
583 1003 655 1044 nono
673 988 709 1042 ad
728 987 867 1046 Sabinum.
896 988 954 1044 Nec
971 989 1050 1057 quasi
1065 987 1252 1043 Publicianam
1270 987 1328 1056 qui·
1348 981 1524 1071 [Q
1543 987 1579 1040 *S

84 1077 148 1134 dem
173 1079 309 1134 monem
327 1079 353 1133 ei
370 1079 490 1134 dandam
507 1077 621 1146 placuit,
644 1091 680 1132 nc
697 1077 726 1132 in
743 1081 881 1146 potestate
899 1077 1031 1146 cuiusque
1054 1076 1091 1130 sit
1106 1090 1156 1145 per
1173 1076 1296 1145 rapinam
1315 1075 1350 1130 ab
1368 1077 1454 1132 inuito
1473 1075 1521 1131 do-

85 1168 159 1222 mine
177 1181 236 1222 rem
255 1167 328 1222 iusto
345 1168 434 1236 pretio
452 1179 621 1235 comparare.
1545 1169 1572 1208 ¹⁰

37 1253 68 1311 tl
137 1255 259 1310 Pronus
276 1253 345 1309 hiero
362 1254 568 1310 tertiodecimo
592 1252 627 1308 ad
646 1251 785 1307 Sabinum.
822 1251 900 1317 Quod
919 1252 943 1306 si
965 1267 1108 1321 possessor
1131 1252 1242 1321 quidem
1266 1251 1328 1307 dolo
1348 1247 1524 1334 [ΨΜ
1544 1251 1580 1305 'S

86 1339 164 1412 iecit,
182 1345 260 1396 actor
277 1357 344 1397 nero
361 1343 451 1397 iurare
468 1357 522 1397 non
540 1343 612 1411 uult,
636 1341 686 1396 sed
703 1341 798 1410 quanti
816 1355 860 1396 res
879 1340 915 1394 sit
932 1339 1120 1394 ednersarium
1139 1339 1314 1395 condemnari
1332 1339 1439 1408 maluit,
1464 1355 1524 1394 mos

87 1429 111 1483 ei
128 1429 269 1498 gerendm
287 1435 338 1484 est

43 1515 73 1574 ii
137 1517 291 1573 Umerus
307 1517 378 1572 libro
395 1517 598 1574 sextodecimo
616 1516 652 1572 sd
670 1515 800 1572 edictirm.
830 1513 858 1570 Si
877 1530 896 1569 a
911 1514 985 1570 ‘litio
1003 1511 1118 1570 tondum
1136 1514 1234 1570 emeris
1253 1513 1329 1572 Sem·
1349 1509 1438 1595 [ltro.
1456 1529 1477 1582 1,
1495 1527 1524 1571 rt
1544 1514 1585 1568 'E

88 1606 174 1673 pronii
191 1611 221 1660 et
237 1605 288 1660 tini
305 1605 421 1660 traditus
440 1605 476 1659 sit
492 1605 581 1674 pretio
599 1605 703 1673 soluto,
722 1601 821 1658 deinde
838 1602 928 1656 Titine
947 1600 1108 1672 Sempronio
1125 1603 1204 1658 heres
1223 1601 1343 1656 extiterit
1361 1607 1389 1656 et
1407 1602 1523 1656 eundern
1544 1607 1572 1648 1⁶

91 1693 131 1748 dii
148 1693 306 1748 nendidsrit
323 1698 352 1748 ct
369 1692 519 1761 tradiderit,
538 1692 652 1762 aequius
670 1696 721 1760 est,
739 1696 772 1746 nt
787 1695 818 1746 tu
836 1691 926 1760 potior
944 1692 991 1747 sis.
1019 1707 1083 1746 nam
1095 1697 1123 1746 et
1135 1691 1159 1746 si
1170 1691 1229 1760 ipsc
1248 1689 1374 1746 uenditor
1386 1705 1447 1746 cam
1466 1707 1523 1746 rem

91 1795 104 1834 ι
119 1786 148 1835 tc
164 1785 281 1850 peteret,
298 1783 460 1852 exceptione
477 1797 541 1836 snm
559 1795 754 1836 commoneres.
782 1779 832 1836 sed
844 1785 873 1836 ot
884 1780 909 1835 si
920 1779 980 1850 ipss
998 1779 1156 1850 possideret
1173 1783 1202 1834 et
1213 1783 1243 1834 tu
1255 1783 1372 1848 peteres,
1390 1779 1524 1836 aduersus

91 1869 275 1937 exceptionem
293 1868 405 1925 dominii
421 1869 598 1940 replicatione
615 1869 739 1926 utereris.

54 1953 80 2012 te
137 1957 216 2012 Insrr
235 1956 306 2012 libro
328 1957 445 2026 septimo
467 1957 575 2012 decimo
597 1956 633 2011 ad
655 1955 784 2014 edictum.
820 1956 852 2011 In
875 1955 988 2026 specisii
1009 1955 1116 2010 actione
1139 1970 1194 2010 non
1220 1953 1327 2024 cogitur
1351 1950 1391 2036 [Β.
1405 1968 1440 2023 rc,
1458 1970 1479 2022 r,
1495 1967 1525 2014 ie
1546 1957 1587 2009 'It

90 2058 228 2112 possessor
245 2045 352 2113 dicere,
374 2060 424 2114 pro
442 2061 498 2115 qna
513 2049 591 2114 parte
609 2045 668 2100 sius
685 2045 735 2099 sit:
759 2043 812 2098 hoc
834 2044 906 2098 enirn
929 2043 1054 2113 petitoris
1078 2057 1177 2098 munus
1195 2047 1250 2112 est,
1269 2057 1324 2098 non
1342 2045 1524 2113 possessoris:
1545 2049 1574 2090 ²0

66 2142 76 2186 1
90 2132 158 2200 qnod
176 2137 205 2188 et
222 2134 252 2188 in
269 2133 429 2188 Pnbdeisna
446 2133 616 2189 obserustnr.
654 2130 853 2202 Superfioiario,
931 2171 933 2178 ,

51 2211 78 2273 74
139 2221 260 2277 Pennus
277 2221 348 2276 libro
364 2221 515 2278 uicensimo
531 2222 620 2291 primo
637 2220 674 2276 ad
691 2220 820 2276 edictum.
857 2218 886 2274 id
909 2224 953 2274 est
976 2219 1023 2288 qni
1045 2219 1074 2274 in
1097 2219 1185 2274 alieno
1210 2218 1269 2274 solo
1287 2232 1331 2272 sn·
1350 2213 1526 2302 [Q
1545 2219 1586 2272 'it

89 2307 222 2376 perficiem
240 2310 281 2364 ita
297 2308 390 2378 habet,
407 2314 439 2364 nt
455 2314 559 2365 certam
576 2308 734 2378 pensionem
752 2310 883 2377 praestet,

41 2386 72 2448 75
139 2395 291 2452 Unrmsns
311 2396 382 2452 libro
406 2402 485 2454 sexto
508 2397 615 2454 dccinro
637 2396 674 2452 ad
695 2395 824 2451 edictum.
860 2398 970 2464 praetor
992 2409 1077 2450 causa
1094 2395 1206 2464 cognita
1224 2395 1252 2450 in
1271 2387 1330 2450 rem
1351 2389 1525 2476 [Q
1544 2395 1586 2450 'is'

89 2484 394 2554 actionem-pollicetur.
1544 2490 1574 2531 ss

32 2557 67 2621 ⁷6
139 2569 233 2628 (issue
250 2572 320 2628 liorc
338 2573 454 2643 septimo
471 2571 508 2626 ad
526 2572 645 2628 edictum
662 2570 838 2641 pronineiste.
874 2569 950 2636 Quae
974 2569 1009 2626 dc
1032 2573 1091 2624 tcta
1111 2583 1141 2624 re
1163 2569 1330 2626 uindicando
1349 2565 1524 2652 [ΒΜ
1544 2571 1586 2625 Ἐ

89 2657 160 2713 dicta
176 2664 250 2730 snnt,
268 2660 364 2714 eadem
383 2667 412 2718 et
429 2659 464 2714 de
477 2664 555 2729 parte
567 2659 751 2728 intellegenda
766 2662 838 2728 sunt,
851 2655 995 2728 officioque
1006 2657 1105 2712 indicis
1116 2659 1271 2714 continetur
1282 2674 1331 2729 pro
1345 2657 1427 2712 :nodo
1438 2659 1524 2727 partis

48 2750 64 2796 1
88 2759 121 2799 es
133 2761 245 2816 qnoque
262 2747 369 2802 restitui
386 2746 488 2816 iubere,
506 2761 577 2816 qnae
595 2747 675 2802 simul
693 2762 755 2802 cunr
773 2747 835 2816 ipsa
849 2751 928 2816 parte
945 2747 1053 2802 restitui
1070 2745 1180 2802 debent
1211 2746 1335 2802 Incertae
1353 2747 1440 2816 partis
1460 2747 1520 2800 uin·

89 2823 298 2902 dicatio'datnr,
317 2835 342 2890 si
358 2836 431 2890 insta
448 2849 532 2890 causa
549 2835 720 2890 internectat
748 2836 821 2890 iusta
839 2839 931 2890 sutem
949 2849 1034 2890 causa
1050 2848 1112 2890 esse
1129 2837 1236 2903 potest,
1260 2835 1284 2890 si
1301 2833 1372 2891 sorte
1391 2836 1445 2904 tegi
1462 2835 1524 2889 Fal-

89 2921 174 2976 cidiae
191 2923 268 2977 locus
286 2923 369 2977 sitin
385 2927 564 2992 testamento,
585 2928 697 2992 propter
720 2924 851 2978 incertam
869 2921 1066 2976 detractionem
1084 2937 1119 2976 ex
1141 2922 1253 2992 legatis,
1279 2937 1349 2992 quae
1367 2923 1430 2978 uix¹
1450 2921 1523 2992 epod
1544 2929 1572 2970 ⁸⁰

87 3008 203 3066 mdicenr
220 3011 404 3066 smminntnr:
423 3011 523 3066 iustam
540 3011 613 3066 enim
631 3010 716 3066 habet
732 3010 913 3080 ignorentiam
931 3009 1088 3079 legatarius,
1106 3011 1151 3064 oni
1165 3009 1246 3066 homo
1259 3010 1367 3080 legatus
1386 3016 1436 3080 est,
1456 3025 1523 3080 quo·

88 3101 141 3152 ism
163 3103 271 3167 partem
293 3099 434 3154 uindicare
452 3098 567 3154 debeat:
590 3099 684 3168 itaque
706 3099 770 3154 telis
787 3097 897 3154 dabitur
914 3098 996 3154 sotio.
1024 3097 1120 3154 endem
1145 3103 1174 3154 et
1197 3098 1232 3154 de
1256 3099 1354 3154 ceteris
1378 3097 1461 3154 rebus
1484 3099 1524 3156 in·

87 3185 255 3253 teilegemus.

28 3259 71 3329 Π
138 3272 290 3330 Utrumne
306 3273 376 3330 libro
394 3274 635 3344 septimodecimo
653 3273 689 3329 sd
707 3273 835 3328 edictum.
872 3272 1012 3338 Quaedam
1031 3274 1127 3328 mulier
1144 3270 1259 3328 fundum
1277 3288 1332 3328 non
1351 3271 1525 3356 Q
1544 3275 1585 3328 *E

87 3361 184 3416 marito
200 3361 316 3418 donauit
332 3377 383 3432 per
399 3363 544 3432 epistulam
561 3368 591 3418 et
608 3361 725 3418 eundern
743 3360 858 3416 fundum
876 3360 916 3416 rab¹
930 3375 964 3416 eo
982 3360 1125 3430 conduxit:
1148 3375 1231 3430 posse
1249 3359 1358 3416 defendi
1376 3362 1404 3416 in
1422 3376 1479 3415 rem
1499 3361 1524 3416 ei
1543 3369 1572 3409 ιι

86 3455 256 3519 competere,
278 3451 358 3520 qusai
381 3465 431 3520 per
452 3451 541 3519 ipsam
564 3449 725 3519 odorrisierit
745 3449 947 3519 possessionem
966 3450 1051 3504 ueluti
1069 3464 1119 3519 per
1142 3448 1274 3504 colonam.
1310 3449 1523 3519 proponebatur,

86 3537 159 3605 qnod
176 3538 261 3592 etiarn
278 3539 307 3592 in
325 3552 359 3592 eo
376 3553 443 3607 agro
461 3538 508 3606 qni
525 3537 678 3592 donsbatur
695 3535 802 3606 inisset,
820 3553 883 3592 cunr
895 3537 1013 3606 epistula
1024 3538 1205 3592 emitteretur:
1224 3552 1295 3607 qnae
1311 3552 1356 3592 res
1367 3535 1523 3594 sufficiebat

85 3623 121 3678 ad
137 3625 268 3680 traditam
285 3626 495 3695 possessionem,
514 3625 579 3680 dcet
596 3625 741 3682 conductio
758 3640 814 3680 non
832 3625 1032 3680 interuenisset

28 3703 69 3773 78
137 3713 241 3768 Lanae
263 3712 334 3768 hero
355 3718 452 3782 qmrtc
475 3712 606 3782 pithsnon
633 3729 651 3768 a
673 3715 759 3768 Paulo
785 3713 1003 3782 epitomatorem.
1046 3712 1076 3768 Si
1102 3713 1161 3768 eius
1188 3708 1521 3794 ΠΜ
1556 3713 1582 3770 Α

85 3797 170 3868 fundi,
188 3815 271 3870 quem
289 3801 407 3856 adesum
424 3800 590 3870 possideres,
607 3799 725 3856 fructum
743 3817 798 3856 non
814 3801 938 3870 coegisti,
957 3800 1022 3856 nihil
1040 3802 1099 3856 eins
1116 3797 1193 3856 fundi
1211 3799 1348 3856 fruetuum
1366 3803 1474 3856 nomine
1493 3808 1520 3856 te
1539 3810 1568 3850 4⁰

84 3887 150 3944 dare
166 3893 286 3958 oportet
315 3889 443 3944 Peneos.
467 3888 554 3944 Immo
571 3889 725 3958 quaeritur:
743 3888 824 3944 huius
841 3887 946 3944 fructum
963 3889 1063 3944 idcirco
1080 3887 1170 3944 iactus
1188 3893 1239 3958 est,
1257 3888 1331 3958 quod
1345 3889 1371 3943 is
1390 3904 1453 3944 eum
1471 3903 1521 3944 suo

84 3977 194 4032 nomine
211 3976 384 4046 perceperit?
409 3977 612 4046 perceptionem
631 3975 736 4055 frustm
759 3977 883 4048 accipere
906 3976 1039 4032 debemus
1061 3992 1116 4032 non
1139 3977 1181 4032 si¹
1199 3975 1312 4046 perfecti
1330 3978 1448 4045 collecti,
1473 3975 1523 4032 sed

84 4063 166 4120 etism
184 4065 276 4134 coepti
293 4065 333 4120 ita
350 4063 462 4134 percipi,
480 4069 513 4119 ut
527 4070 602 4120 terre
619 4065 758 4146 continere
776 4079 807 4120 se
824 4063 929 4122 fructum
947 4065 1091 4120 desierint:
1110 4065 1194 4120 ueluti
1207 4067 1230 4120 si
1242 4067 1331 4120 eduae
1343 4080 1414 4122 uuae
1426 4065 1522 4133 lectas,

83 4185 278 4256 FIPWLIDJ:
301 4207 326 4240 o.
339 4185 358 4240 8
373 4185 543 4258 Pomponius
623 4209 647 4243 u.
661 4187 695 4242 16
712 4188 802 4257 potior
819 4188 866 4256 sis,
885 4195 943 4242 item
963 4209 988 4241 a.
1000 4187 1036 4242 32
1057 4187 1154 4242 eadem
1236 4209 1259 4240 :s
1273 4188 1310 4242 38
1331 4187 1524 4242 interuenisset

84 4263 187 4328 ncepta
205 4265 371 4329 inscriptione
388 4260 404 4311 1.
416 4259 458 4322 77,
477 4277 542 4330 qnos
560 4265 598 4314 cst
614 4277 631 4313 a
649 4279 682 4312 m.
695 4266 810 4330 antiquo,
829 4266 856 4311 in
873 4261 958 4312 lituris
976 4266 1091 4330 reposuit
1106 4257 1162 4312 1²⁸:
1180 4261 1197 4312 Ι.
1208 4261 1250 4313 70.
1263 4259 1299 4312 71
1317 4265 1463 4329 tomenti
1480 4259 1505 4312 L

85 4439 170 4510 ιιιίι]
188 4441 286 4496 iuxta?
357 4441 411 4496 ¹si
429 4443 476 4496 det

84 4591 170 4642 lnec
186 4587 289 4658 potest]
313 4605 369 4643 non
387 4593 479 4658 potest
496 4591 523 4644 P
573 4589 709 4645 thabcat
728 4591 780 4645 PU
829 4589 1144 4662 similiterqueBfflnon.)
1154 4597 1177 4644 et
1186 4590 1350 4661 Bststept.)
1371 4591 1406 4644 39
1416 4590 1521 4660 quarto]

84 4659 336 4728 iprestitnrnmP
367 4659 552 4729 9rapi'o'nam
565 4661 592 4712 F
621 4663 655 4716 27
674 4661 777 4716 dictata
829 4663 916 4732 primo
933 4661 987 4716 PU
1003 4663 1007 4726 Ι
1023 4661 1241 4730 epitomatorem]
1256 4659 1325 4725 Μ,
1344 4661 1522 4732 epitomarum

82 4728 125 4796 ΡΙ
140 4729 249 4798 indicis]
274 4729 316 4784 rei
337 4729 434 4786 iudicis
457 4731 529 4784 ΡΨ
578 4733 613 4786 28
631 4731 718 4786 simile
736 4732 776 4785 Ρ·
829 4733 921 4785 F¹¹PU
969 4733 1005 4786 40
1023 4729 1127 4786 fructus
1147 4731 1201 4786 PU
1245 4731 1281 4786 43
1298 4731 1410 4801 percipi]
1429 4745 1522 4801 perce·

82 4801 116 4854 29
133 4801 232 4854 interu.
251 4801 328 4854 iusta
350 4815 374 4854 a.
394 4817 478 4856 causa
501 4819 550 4854 om.
563 4801 640 4854 ΡΨ
660 4805 665 4870 Ι
684 4807 777 4874 potest
829 4803 870 4872 pit
892 4802 939 4866 P0,
962 4802 1084 4871 percepti
1106 4802 1212 4866 Pttst,
1237 4821 1284 4856 om.
1306 4801 1353 4870 Ul
1373 4801 1453 4871 uuae]
1478 4801 1522 4856 uei

81 4884 142 4926 esse
159 4871 216 4925 PU
259 4871 297 4926 ³4
313 4868 429 4926 fundum
448 4870 500 4925 'ita'
518 4885 573 4926 non
590 4871 629 4924 1³²
678 4875 713 4926 36
731 4888 775 4928 co·
829 4888 901 4928 unae
920 4871 1041 4940 PVLUi
1056 4873 1143 4928 lectae
1161 4871 1250 4928 cm.P

81 4939 172 4996 lenum
191 4941 244 4995 F’:
269 4939 303 4994 Δι’
327 4937 409 5002 Α’γτιῑο
427 4941 467 4996 ὼε
484 4943 607 4998 “uidesne
623 4942 674 4998 BS
691 4943 777 5014 (Cpr.)

1250 5032 1310 5086 14*
