3698 5364
235 188 338 256 XXVI
359 191 380 256 2
398 195 494 250 4-11
908 184 997 266 748
1319 209 1366 256 nn
1388 205 1684 256 nnsusmmmnrrrn

235 350 279 402 est
297 351 380 416 tutor,
399 345 548 417 oportebit,
567 361 630 402 oum
648 363 667 402 a
683 351 762 417 patre
780 347 876 417 datus,
898 348 1024 419 quamuis
1043 347 1132 404 minus
1150 347 1209 402 iure
1227 347 1308 402 datus
1327 346 1377 415 sit,
1401 349 1493 400 tamen
1511 343 1571 399 sine
1588 343 1682 412 inqui·

235 436 334 491 sitione
353 432 540 504 confirmatur,
559 435 613 490 nial
631 436 655 490 si
673 451 770 505 eausa,
788 441 1001 506 propterquam
1020 435 1101 491 datus
1120 435 1278 504 uidebatur,
1300 435 1328 489 in
1346 449 1380 490 eo
1398 439 1504 490 mutua
1521 433 1571 503 ait,
1590 432 1682 488 ueluti

236 524 260 580 si
278 539 313 580 ex
331 523 419 578 amieo
436 524 563 579 inimious
581 525 626 579 uel
644 539 678 578 ex
697 524 783 580 diuite
801 526 947 596 pauperior
964 524 1079 580 effeetus
1098 525 1142 580 sit.

198 611 218 671 t
290 611 440 668 numurus
462 611 532 668 libro
555 614 649 683 quinto
673 613 781 670 deoimo
805 614 841 669 sd
859 613 1000 670 Sabinum.
1037 611 1066 668 Si
1091 613 1152 682 quis
1176 609 1284 667 filiabus
1308 611 1365 666 suis
1389 611 1434 666 nel
1455 609 1518 666 filiis
1537 605 1681 694 Q
1718 619 1743 673 s

235 707 341 757 tutores
359 700 479 773 dederit,
504 702 587 757 ιιιιιιι
605 707 750 772 postumae
768 703 878 758 uidetur
895 701 1019 771 dedisse,
1042 701 1108 771 quia
1126 699 1198 756 filiae
1216 699 1398 770 appellatione
1417 701 1427 770 l
1447 701 1531 755 etiarn
1547 705 1682 770 postuma
1699 709 1718 756 ι
1731 703 1789 756 ιιι·

236 790 399 846 continetur.
1700 801 1716 842 a

199 879 217 936 6
288 878 367 933 lnnu
383 877 452 933 libro
471 879 611 948 trigesimo
630 895 702 935 nono
721 881 756 935 ad
769 878 910 935 Sabinum.
941 878 1013 944 Quid
1031 878 1055 933 si
1067 883 1183 949 nepotes
1196 877 1271 932 sint?
1288 893 1324 932 an
1335 877 1519 948 appellatione
1537 871 1680 960 [litt-st
1718 884 1758 938 S*

236 965 352 1022 filiorum
371 972 399 1022 ιι
416 967 484 1036 ipsis
501 973 606 1023 tutores
625 968 683 1024 dati
701 969 763 1038 sint,
782 968 940 1024 uidendum.
969 971 997 1022 et
1016 967 1105 1036 magde
1122 971 1173 1036 ιιι,
1191 971 1223 1021 ut
1241 966 1307 1037 ipsis
1325 981 1434 1036 quoque
1451 966 1509 1021 dati
1521 953 1679 1037 uideas—tur]

236 1056 260 1111 si
278 1055 360 1110 modo
378 1054 478 1110 liberos
497 1055 580 1111 dixit:
599 1061 721 1112 osterum
739 1057 763 1112 si
780 1055 860 1126 tilios,
880 1071 934 1112 non
953 1055 1177 1111 eontinebuntnr:
1201 1055 1281 1110 aliter
1298 1055 1370 1110 enim
1388 1053 1445 1126 tilii,
1462 1055 1542 1110 aliter
1559 1061 1680 1126 nepotes

236 1145 415 1215 appellantur.
443 1145 524 1215 plane
543 1146 566 1200 si
584 1147 719 1216 postumis
737 1145 857 1216 dederit,
875 1149 933 1200 tam
951 1143 999 1199 filii
1016 1145 1137 1215 postumi
1155 1159 1238 1214 quarn
1258 1145 1342 1199 ueteri
1359 1143 1437 1199 liberi
1455 1143 1680 1200 continebuntur.
1701 1158 1734 1198 no

199 1233 217 1292 'l
289 1233 409 1288 Faunus
426 1231 495 1288 libro
513 1235 595 1289 tertio
614 1235 650 1290 ad
668 1233 809 1290 Sabinum.
840 1234 958 1288 Tutores
971 1249 1025 1288 non
1038 1231 1194 1302 etheredo,
1214 1233 1264 1288 aad
1279 1237 1439 1288 atestatore
1457 1247 1518 1302 pro
1538 1229 1680 1316 [Q
1717 1239 1741 1294 s

236 1322 310 1378 tinus
328 1320 550 1392 profioiseuntur,
575 1323 758 1392 simulatque
781 1323 879 1392 aliquis
903 1322 985 1377 heres
1007 1321 1173 1376 exstitisset:
1197 1337 1261 1376 narn
1285 1327 1314 1376 ιι
1335 1322 1395 1391 ipse
1418 1321 1497 1377 heres
1520 1327 1594 1377 tutor
1617 1323 1679 1377 dari

236 1415 374 1482 potestat
392 1416 588 1481 postmortem
607 1411 714 1467 heredis
733 1417 807 1468 tutor
824 1417 899 1467 reete
917 1411 976 1466 dari
994 1415 1095 1480 potest.

199 1495 218 1554 8
290 1499 441 1556 Ummuus
459 1499 528 1556 libro
546 1500 677 1556 uioosimo
695 1504 793 1571 quarto
812 1500 847 1554 ad
866 1499 1006 1556 Sabinum.
1042 1499 1130 1553 Tutor
1152 1499 1234 1553 datus
1258 1499 1347 1553 uetari
1366 1502 1519 1553 tutoresne
1538 1492 1680 1582 Q
1717 1506 1764 1560 s¹

204 1597 216 1641 1
236 1593 330 1657 potest
346 1589 391 1644 uel
409 1593 575 1644 testamento
594 1590 638 1643 uel
657 1588 796 1644 oodioillis.
834 1588 888 1644 Sed
907 1590 930 1644 si
949 1587 1001 1644 suh
1024 1587 1185 1642 eondioione
1210 1585 1292 1642 hrerit
1315 1592 1390 1643 tutor
1412 1587 1507 1656 datura,
1532 1585 1681 1642 definiente
1702 1601 1735 1642 rs

204 1677 397 1732 toondieione
414 1683 489 1732 tutor
508 1693 561 1732 non
580 1678 632 1732 erit
640 1680 657 1731 ¹.
694 1678 825 1732 Tutorem
844 1681 937 1731 autem
956 1681 984 1731 et
1002 1693 1019 1731 a
1037 1681 1112 1732 oerto
1130 1681 1253 1746 tempore
1272 1675 1337 1731 dare
1361 1680 1390 1730 et
1412 1691 1499 1745 usque
1517 1675 1553 1730 ad
1571 1682 1679 1731 eertum

204 1770 347 1836 stempas
370 1766 434 1820 lieet
457 1771 485 1820 et
508 1765 559 1820 snb
583 1765 744 1822 eondioioue
772 1771 801 1820 et
828 1781 916 1835 usque
946 1765 981 1820 nd
1007 1765 1204 1821 eondioionem.
1246 1765 1278 1819 ln
1300 1765 1399 1820 tutoris
1423 1763 1560 1819 dationem
1583 1770 1679 1820 utrum

236 1854 377 1910 lentissima
394 1853 519 1909 eondioio
537 1869 573 1908 an
590 1855 753 1924 nouissima,
774 1854 849 1908 utin
867 1854 968 1924 legato,
988 1854 1139 1924 xpeotanda
1156 1853 1219 1909 esti
1242 1859 1273 1907 nt
1295 1857 1363 1923 puta
1381 1853 1477 1908 ‘'litius
1495 1867 1557 1908 oum
1575 1855 1680 1922 poterit

237 1941 320 1998 ‘tutor
333 1940 413 1998 esto':
434 1941 531 1998 'Titius
543 1942 568 1996 si
579 1943 658 1998 nauis
672 1957 707 1998 ex
717 1943 786 1998 Αιιι
798 1943 905 1997 uenerit
916 1932 991 1997 tutor
1003 1943 1080 1999 esto'.
1107 1948 1137 1998 ot
1148 1942 1269 1998 lulianus
1281 1941 1350 1997 libro
1362 1941 1493 1996 uicesimo
1506 1941 1679 2012 digestorum

236 2033 311 2086 reete
330 2031 439 2099 seripsit
456 2031 633 2087 nouissimam
651 2032 814 2101 seripturam
833 2045 895 2086 esse
913 2031 1101 2100 spaotandam.
1703 2047 1737 2088 ιι

199 2117 218 2175 9
289 2119 462 2176 Pourourus
483 2119 553 2175 libro
576 2121 657 2175 tertio
681 2119 718 2174 ad
741 2119 871 2186 Quintum
894 2119 1022 2174 Munium.
1065 2121 1094 2176 Si
1117 2135 1197 2175 nemo
1215 2119 1395 2174 hereditatem
1414 2116 1518 2188 adierit,
1551 2115 1680 2186 We]
1703 2131 1752 2184 Ἐ

237 2207 304 2262 nihil
321 2207 396 2262 ualet
413 2222 448 2262 ex
466 2207 516 2278 his,
536 2223 607 2278 quae
625 2214 790 2264 testamento
809 2209 913 2278 seripta
930 2213 1007 2264 sunt:
1031 2209 1055 2264 ιι
1072 2223 1139 2264 uero
1157 2223 1228 2263 unus
1246 2205 1423 2278 expluribus
1441 2206 1551 2278 adierit,
1572 2209 1680 2265 tutelae

237 2297 331 2352 statim
348 2296 443 2352 ualent
458 2311 510 2352 neo
528 2297 744 2367 exspectandum
763 2297 823 2367 erit,
842 2303 873 2352 nt
891 2311 986 2352 omnes
1005 2295 1184 2352 hereditatem
1203 2296 1313 2352 adeant.

182 2382 220 2442 10
291 2383 442 2440 Umrmus
459 2385 528 2441 libro
546 2385 687 2456 trigesimo
705 2391 784 2440 sexto
803 2385 839 2441 nd
857 2384 998 2440 Sabinum.
1036 2385 1065 2440 st
1083 2385 1221 2441 hereditas
1242 2383 1363 2440 nondum
1381 2384 1458 2440 adita
1475 2384 1518 2454 sit,
1537 2380 1680 2470 Q
1719 2396 1745 2452 ,ς

237 2487 273 2528 ox
291 2488 346 2542 qua
363 2477 438 2528 tutor
455 2478 595 2544 speratur,
614 2475 705 2529 uerius
724 2479 767 2529 est
785 2475 868 2529 alium
885 2478 1004 2529 tutorem
1022 2489 1105 2543 posse
1123 2474 1196 2544 dari,
1221 2474 1300 2544 quael
1321 2473 1441 2528 nondum
1460 2473 1508 2544 ait,
1527 2475 1595 2529 neo¹
1614 2491 1680 2546 spe-
1705 2492 1738 2532 ιι

205 2569 218 2614 1
238 2566 320 2617 retur.
357 2563 388 2617 ln
411 2562 506 2618 tutelis
528 2563 742 2618 testamentariis
764 2563 793 2618 id
815 2563 956 2632 sequimur
978 2562 1052 2632 quod
1076 2563 1255 2618 nouissimum
1283 2566 1339 2632 est,
1367 2566 1396 2616 ιι
1420 2563 1444 2618 ιι
1469 2563 1579 2631 saepius
1601 2569 1682 2621 tutor

204 2657 219 2702 ι
238 2651 320 2706 datus
338 2651 382 2720 sit,
401 2651 578 2707 nouissimam
597 2652 760 2721 seripturam
778 2652 923 2708 intuemur.
960 2651 1012 2718 Qui
1030 2650 1115 2708 lilium
1135 2655 1164 2706 et
1182 2667 1216 2706 ex
1235 2666 1269 2707 eo
1286 2656 1414 2720 nepotem
1433 2649 1565 2722 habehat,
1587 2653 1611 2706 si
1632 2669 1681 2709 ne·

237 2739 296 2810 poti
313 2744 433 2794 tutorem
452 2739 571 2811 dederit,
596 2739 680 2795 habet
698 2739 937 2810 disseptationem,
961 2757 996 2795 an
1015 2740 1106 2809 aliquo
1124 2756 1191 2796 oasu
1212 2756 1266 2796 non
1285 2741 1321 2795 sit
1338 2740 1430 2795 utilis¹
1448 2739 1536 2795 datio:
1560 2746 1681 2810 utputa

238 2829 263 2884 ιι
279 2843 417 2898 proponas
434 2826 520 2882 filium
537 2829 603 2884 uino
621 2834 699 2898 patre
717 2829 870 2884 decessisse
888 2835 918 2884 et
934 2833 1063 2900 nepotem
1082 2845 1117 2884 ex
1135 2845 1168 2884 eo
1187 2829 1353 2884 suooessisse
1365 2829 1430 2884 uiuo
1443 2843 1505 2884 auo.
1533 2833 1562 2884 et
1578 2827 1681 2886 fortius

238 2915 384 2972 dioendum
403 2921 447 2971 ιιι
463 2916 578 2972 tutelam
597 2931 706 2987 quoque
724 2919 819 2987 elego
837 2919 916 2973 lunia
935 2918 1029 2974 Uellea
1050 2916 1271 2974 confirmatum:
1295 2933 1359 2972 nam
1378 2923 1407 2972 et
1422 2918 1589 2988 Pomponius
1606 2918 1681 2976 libro
1704 2934 1737 2975 so

238 3009 317 3061 sexto
335 3005 442 3061 deeimo
460 3020 496 3060 ex
513 3004 615 3062 Sabino
634 3007 743 3076 soripsit
760 3007 852 3062 ualere
869 3009 967 3063 tutoris
986 3007 1134 3063 dationem.
1162 3022 1224 3062 oum
1243 3007 1314 3062 euim
1333 3005 1523 3062 confirmatum
1541 3007 1578 3062 ιιι
1590 3011 1681 3065 testa·

238 3099 374 3164 mentum,
399 3099 599 3164 tonsoquenter
615 3095 714 3150 tutoris
731 3110 840 3164 quoque
859 3095 933 3151 datio
957 3095 1061 3151 ualehit
1084 3097 1113 3151 in
1135 3109 1169 3150 eo
1192 3099 1357 3151 testamento
1380 3093 1483 3165 soript'a
1499 3095 1574 3164 quod
1591 3097 1680 3168 ualet,

205 3187 219 3232 t
237 3181 266 3238 id
284 3187 327 3238 ιιι
344 3182 393 3238 uhi
410 3197 496 3254 nepos
514 3185 558 3240 uel
576 3184 656 3239 heres
673 3184 815 3238 institutus
834 3185 932 3239 situel
950 3185 1109 3240 nominatim
1128 3184 1310 3240 exheredatus
1328 3185 1372 3239 sit.
1409 3183 1437 3239 Si
1456 3183 1574 3240 furiosus
1592 3190 1680 3241 testa·

238 3277 331 3328 menn
354 3276 429 3327 tutor
451 3272 545 3342 detru,
569 3274 593 3328 si
610 3273 736 3344 quidem,
761 3289 823 3328 oum
841 3271 931 3328 furere
954 3273 1079 3344 desierit,
1101 3278 1220 3329 tutorem
1245 3287 1307 3328 asse
1332 3277 1406 3328 reete
1430 3271 1525 3328 datum
1543 3274 1681 3330 Proculus

238 3361 389 3416 existimat:
415 3361 490 3430 quod
507 3363 531 3418 sl
548 3362 631 3418 datus
648 3363 685 3418 eit
702 3378 781 3433 pure,
807 3367 891 3432 negat
907 3363 1039 3418 Prooulus
1057 3363 1149 3418 ualere
1167 3362 1314 3418 dationem.
1342 3361 1392 3417 sed
1410 3367 1453 3416 est
1470 3361 1576 3431 uerius,
1600 3363 1681 3431 quod
1703 3380 1737 3422 ιι

203 3453 267 3505 set
283 3450 451 3519 Pomponius
470 3451 521 3521 ait,
540 3456 615 3506 reete
632 3451 720 3506 uideri
738 3452 833 3507 datum
851 3457 880 3506 et
897 3456 964 3506 tuno
981 3449 1040 3507 fore
1058 3455 1190 3522 tutorem,
1210 3467 1273 3506 eum
1291 3465 1388 3519 sapere
1406 3451 1536 3520 eoeperit.
1573 3449 1680 3507 Seruus

238 3539 343 3594 alienus
365 3539 405 3593 ita
428 3538 488 3594 dari
509 3543 584 3593 tutor
608 3542 700 3609 potest
719 3540 749 3594 'si
773 3540 842 3596 liher
864 3541 929 3610 erit,
952 3545 1028 3596 tutor
1050 3539 1127 3596 esto’.
1156 3540 1222 3610 quin
1245 3541 1329 3595 immo
1353 3544 1381 3594 et
1403 3539 1426 3593 si
1444 3553 1512 3609 pnre
1530 3539 1612 3595 datus
1632 3542 1679 3612 sit,

237 3627 347 3683 uidetur
363 3627 455 3682 inesse
473 3626 542 3682 haee
560 3627 684 3683 oondioio
704 3628 772 3684 'oum
790 3628 860 3685 liber
877 3627 945 3684 arit'.
972 3633 1065 3698 potest
1087 3633 1179 3684 autem
1204 3629 1265 3698 quis
1290 3632 1318 3683 ιι
1336 3632 1467 3683 extraneo
1484 3642 1564 3683 seruo
1582 3627 1681 3684 defen·

238 3716 303 3771 dere
322 3732 357 3771 ex
374 3715 426 3771 hae
445 3731 529 3771 osusn
545 3715 826 3773 fideicommissariam
844 3717 1011 3772 libertatem:
1030 3717 1096 3787 quid
1114 3718 1186 3772 enim
1204 3718 1327 3788 interest,
1346 3733 1425 3772 suum
1441 3732 1551 3772 seruum
1564 3732 1599 3772 an
1612 3718 1681 3774 alie·

238 3821 304 3862 num
322 3809 440 3861 tutorem
458 3805 611 3875 seripserit,
634 3821 696 3860 oum
721 3807 815 3876 pupilli
838 3805 933 3861 fauore
956 3811 984 3861 ιι
1007 3805 1133 3876 publicae
1155 3807 1282 3862 utilitatis
1300 3805 1448 3876 adsumpta
1464 3805 1576 3862 libertae
1593 3806 1633 3860 sit
1650 3807 1680 3862 in
1703 3825 1737 3866 to

237 3909 356 3964 persona
374 3895 442 3964 eius,
460 3895 508 3964 qui
525 3899 601 3950 tutor
618 3893 736 3962 scriptus
755 3894 818 3948 est?
844 3899 937 3964 potest
954 3895 1038 3965 igitur
1051 3900 1080 3950 et
1092 3895 1155 3951 huie
1167 3893 1421 3951 fideicommissaria
1432 3894 1543 3950 libertas
1556 3890 1680 3966 delendi,

239 3983 263 4037 si
281 3983 409 4038 noluntas
427 3982 598 4052 apertissime
616 3999 671 4038 non
688 3979 850 4052 refragetur.
1552 3973 1553 3976 '

183 4076 218 4131 11
292 4071 371 4126 Ιιιιι
391 4070 460 4126 libro
481 4071 624 4141 trigesimo
647 4071 765 4140 septimo
788 4071 824 4126 ad
843 4071 983 4127 Sabinum.
1021 4071 1131 4144 Siquis
1154 4073 1206 4130 sub
1224 4073 1385 4129 nondioiono
1403 4073 1448 4128 uel
1466 4087 1500 4128 ex
1518 4057 1680 4148 Q
1719 4079 1744 4134 S

238 4159 284 4216 die
301 4164 421 4216 tutorem
439 4160 559 4231 dederit,
583 4160 673 4216 medio
691 4165 814 4230 tempore
833 4161 903 4216 alins
920 4166 996 4217 tutor
1013 4161 1121 4218 dandus
1138 4165 1196 4233 ιιι,
1218 4163 1346 4233 quamuis
1364 4163 1515 4233 legitimum
1532 4165 1605 4218 tuto·
1625 4159 1680 4246 [(Ῑ)

239 4265 360 4334 mlv,
379 4274 425 4339 qut
442 4267 529 4340 deficit
544 4289 569 4322 u.
582 4268 616 4324 29
635 4277 661 4322 in
678 4268 748 4322 uerb.
762 4265 826 4323 uiuo
844 4281 906 4338 auu,
926 4268 1004 4339 mlo)

240 4409 308 4473 ιιι
322 4411 442 4465 colhem·
454 4411 608 4488 detuitpost
621 4410 663 4472 ιι
716 4409 800 4479 ¹n0o]
813 4407 920 4464 donee?
970 4409 1193 4480 ³utilialinutilis
1206 4410 1301 4478 (athi
1349 4408 1559 4466 ‘oonfirmntam
1572 4409 1683 4480 (Hatli

239 4501 450 4656 fflmatuq
457 4533 501 4597 F1,
512 4501 801 4597 ounfflrffldla
811 4541 933 4588 emuntur
985 4532 1109 4590 Uelleia':
1131 4542 1265 4606 moderes
1288 4538 1326 4588 ter
1343 4554 1442 4607 semper
1459 4538 1603 4607 appellatur
1621 4537 1682 4592 uel·

239 4603 745 4797 ΞΞτῗογῃιικιὶξιῖιθγΓιτίιιικΒὲΤιρ.)
765 4677 932 4778 12*1'⁴psuF'²
985 4677 1092 4768 22319,
1116 4677 1160 4730 ubi
1183 4677 1261 4731 codex
1279 4677 1354 4742 habnt
1371 4677 1444 4732 iulia.
1472 4684 1684 4736 rosemanus

239 4744 933 4886 (lm&aaaarylglssglugitfl',[isigssllblgngolffli
976 4751 1065 4873 mr:
1081 4749 1368 4873 {mamas
1378 4747 1495 4890 {nahason
1508 4751 1684 4892 muzza·

239 4885 329 4940 uelles
341 4885 374 4938 F:
394 4885 848 4957 efiD.23,3,13=lnst2,13,2
864 4889 879 4944 'l
985 4895 1069 4954 mitto,
1093 4907 1148 4943 oum
1172 4891 1238 4961 tepea
1260 4889 1412 4943 attentatae
1432 4909 1483 4944 non
1506 4893 1605 4947 solenni
1629 4913 1687 4951 eata

239 4955 318 5011 lunia
340 4955 420 5023 (Iulia
443 4957 498 5010 cot.
512 4958 574 5013 Inst.
594 4960 653 5016 cas.
676 4961 739 5014 nr
763 4967 787 5014 et
810 4959 933 5032 Theop.)
987 4961 1126 5018 binominus
1178 4961 1213 5015 39
1231 4957 1464 5015 oausatsifideio.
1483 4962 1523 5014 F'

451 4601 539 4658 liabus
557 4603 614 4657 suis
632 4605 676 4658 uel
695 4603 767 4674 filiis]
791 4605 847 4658 reio
866 4604 932 4668 γίοῑι
984 4607 1029 4661 lea
1051 4609 1200 4678 simpliciter
1222 4625 1301 4678 neque
1323 4610 1398 4661 aliter
1421 4613 1526 4678 scripsit
1552 4606 1683 4678 Ulpianus
