3668 5356
153 199 198 246 nr
220 199 411 250 rnuoumus
823 175 910 257 639
1318 181 1408 248 XXII
1432 185 1447 247 1
1472 181 1587 244 23-28

98 337 137 395 23
208 336 359 394 Unumuus
375 335 444 392 libro
462 337 604 406 trigesimo
627 342 726 406 quarto
749 337 784 392 sd
802 337 931 392 edictum.
968 336 1023 392 Sed
1041 343 1071 392 et
1088 339 1112 392 si
1129 339 1168 394 rel
1186 337 1311 408 publicae
1330 353 1414 392 causa
1432 333 1627 422 [ΜΒ

155 424 253 482 abesse
271 425 362 482 subito
380 431 492 482 coactus
510 427 554 495 sit,
572 431 604 480 nt
622 424 808 482 defensionem
827 427 869 480 sui
887 426 1017 481 mandare
1034 441 1089 481 non
1107 428 1202 497 possit,
1221 441 1326 482 moram
1341 425 1431 482 faeere
1445 443 1499 482 non
1512 427 1587 482 uide·

123 523 135 568 1
154 512 241 570 bitur:
265 515 324 570 siue
346 515 375 570 in
399 515 514 570 uinculis
539 515 693 571 bostiumne
714 518 853 585 potestate
871 529 931 570 esse
950 515 1079 584 coeperit.
1116 516 1270 586 Aliquando
1289 516 1371 570 etiam
1390 516 1419 570 iu
1436 531 1465 570 re
1484 531 1586 570 moram

154 617 216 658 esse
235 603 343 658 decerni
361 603 481 673 soletfsi
499 603 569 660 iorto
587 621 641 661 non
658 610 750 660 exstat
768 604 815 674 qui
833 604 1018 660 conueniatur.
1606 618 1620 658 ι

97 689 136 748 24
207 693 326 748 Plutus
342 692 411 748 libro
428 693 570 762 trigesimo
589 695 705 764 septimo
724 693 759 748 ad
777 693 906 748 edictum.
943 690 1051 762 Siquis
1075 692 1203 748 solutioni
1227 693 1336 762 quidem
1355 709 1412 748 mo·
1432 687 1587 778 Q
1606 701 1626 754 S

153 797 211 836 ram
230 779 303 852 iecit,
321 781 451 836 iudicium
469 787 561 837 antem
580 784 704 853 accipere
722 787 834 854 paratus
852 780 912 848 fuit,
931 795 985 836 non
1003 781 1112 836 uidetur
1127 780 1225 836 iecisse
1238 797 1355 836 moram:
1374 783 1468 851 ntique
1481 783 1503 837 si
1516 783 1586 837 iuste

91 878 136 924 12
154 870 190 925 ad
208 870 337 926 indicium
354 873 524 940 prouocauit.
562 870 630 928 Cum
648 887 711 928 reus
730 887 833 928 moram
851 869 931 939 iacit,
950 873 980 924 et
996 867 1141 926 fideiussor
1157 873 1274 925 tenetur.
1310 871 1387 926 blora
1403 873 1513 927 uidetur
1530 887 1587 926 cre-

154 957 235 1016 ditori
252 957 324 1028 lieri,
348 959 408 1014 siue
425 959 478 1030 ipsi
496 961 554 1015 siue
572 961 599 1015 ei
617 962 661 1016 cui
679 959 859 1018 mandauerat
877 959 936 1014 siue
954 959 981 1013 ei
1003 959 1049 1027 qui
1072 959 1183 1028 negotia
1206 959 1265 1014 eius
1289 959 1403 1028 gerebat
1420 975 1497 1015 mora
1514 959 1588 1015 iacta

153 1047 202 1102 sit:
220 1063 271 1102 nec
288 1047 340 1102 hoc
357 1063 424 1103 casu
441 1063 491 1118 per
507 1049 620 1104 liberam
638 1066 782 1120 personam
801 1047 907 1118 adquiri
925 1046 1047 1117 uidetur,
1066 1047 1115 1102 sed
1133 1045 1253 1103 officium
1272 1048 1390 1118 impleri,
1410 1050 1504 1118 sicuti,
1524 1063 1586 1103 cum

153 1137 215 1206 quis
232 1135 335 1192 furtum
353 1137 418 1192 milri
436 1136 580 1193 facientem
599 1138 790 1209 deprehendit,
814 1137 954 1207 negotium
979 1151 1068 1191 meum
1094 1140 1193 1205 ageus¹
1213 1135 1351 1192 manifesti
1369 1136 1434 1192 furti
1452 1139 1586 1193 actionem
1607 1151 1635 1190 ιο

154 1224 219 1280 mihi
245 1231 337 1295 parat:
365 1227 429 1282 item
454 1242 516 1282 cum
540 1231 701 1298 procurator
723 1226 936 1297 interpellauerit
957 1225 1149 1294 promissorem
1172 1224 1303 1295 hominis,
1329 1233 1490 1297 perpetuam
1520 1225 1587 1282 iecit

153 1315 365 1385 stipulationem.

97 1401 135 1460 25
206 1405 348 1460 Ιιιοιιιιιιι
365 1402 434 1459 libro
451 1405 568 1474 septimo
586 1403 763 1474 digestorum.
795 1402 847 1470 Qui
865 1402 918 1457 scit
935 1399 1049 1458 fundum
1068 1400 1120 1456 sibi
1139 1417 1200 1457 cum
1220 1402 1273 1458 alio
1291 1418 1411 1459 commu·
1429 1398 1627 1487 Qui

153 1507 216 1548 uem
235 1508 310 1563 esse,
328 1491 447 1563 fructus,
467 1509 536 1563 quos
554 1508 589 1548 ex
607 1507 639 1548 eo
657 1492 812 1562 perceperit
829 1492 915 1547 inuito
933 1491 978 1546 uel
996 1491 1139 1560 ignorante
1157 1491 1245 1562 socio,
1263 1508 1317 1547 non
1336 1494 1438 1548 maiore
1456 1509 1491 1548 ex
1508 1499 1586 1564 parte

153 1597 218 1636 snos
240 1580 308 1637 iacit
330 1597 413 1652 quam
436 1597 470 1636 ex
493 1597 549 1651 qua
572 1581 698 1637 dominus
718 1581 823 1652 praedii
841 1587 897 1636 est:
920 1595 972 1635 nec
989 1578 1087 1648 refert,
1112 1580 1171 1650 ipse
1189 1597 1224 1635 an
1243 1582 1333 1636 socius
1352 1597 1388 1636 an
1406 1587 1520 1651 uterque
1538 1597 1586 1637 eos
1606 1591 1633 1632 ιι

153 1671 263 1741 uenerit,
282 1671 347 1741 quia
365 1671 453 1727 omnis
470 1668 576 1725 fructus
593 1686 648 1726 non
666 1671 724 1725 iure
743 1670 862 1739 seminis,
882 1669 931 1724 scd
949 1670 1007 1724 iure
1023 1668 1073 1724 soli
1085 1669 1246 1739 percipitur:
1266 1674 1295 1724 et
1306 1670 1545 1741 quemadmodum,
1563 1671 1587 1726 ei

152 1764 239 1816 totum
263 1759 377 1816 fundum
401 1760 518 1814 alienum
542 1760 602 1830 quie
625 1759 715 1814 sciens
735 1759 888 1830 possideat,
910 1759 984 1813 nulla
1002 1757 1132 1826 exparte
1150 1756 1255 1813 fruetus
1274 1758 1453 1830 suoufaciet,
1477 1774 1587 1829 quoquo

153 1849 235 1904 modo
258 1849 311 1904 sati
333 1847 447 1918 fuerint,
471 1849 511 1903 itn
534 1849 581 1918 qui
604 1864 775 1904 communem
798 1847 913 1904 fundum
936 1845 1073 1917 possidet,
1097 1861 1152 1901 non
1175 1844 1259 1902 saciet
1280 1863 1345 1904 snos
1362 1846 1468 1902 fructus
1485 1861 1535 1919 pro
1554 1863 1588 1903 ea

120 1949 133 1992 1
152 1943 238 2008 parte,
257 1953 313 2008 qua
329 1936 431 1993 fundus
448 1937 484 1992 nd
502 1938 605 1993 socium
625 1938 684 1992 eius
702 1937 858 2007 pertinebit.
886 1938 917 1992 In
936 1937 1025 1992 alieno
1043 1933 1137 2005 fundo,
1156 1949 1237 2004 quern
1250 1937 1340 1991 Titius
1358 1936 1432 1992 bona
1448 1935 1503 1992 fide
1517 1952 1587 1992 mer·

153 2031 231 2082 catus
248 2025 347 2096 fuerat,
365 2025 530 2082 frumentum
548 2025 622 2081 seui:
641 2041 677 2081 an
695 2026 785 2081 Titius
802 2025 891 2082 bonae
910 2024 974 2080 fidei
992 2027 1099 2094 emptor
1116 2029 1261 2094 perceptos
1278 2023 1384 2080 fructus
1402 2041 1467 2081 ιιιοι
1486 2024 1587 2081 iaciat?
1606 2035 1635 2076 ιο

152 2115 290 2186 respondi,
307 2116 398 2185 quod¹
415 2113 520 2170 fructus
539 2116 586 2185 qui
599 2129 634 2170 ex
646 2113 732 2170 iundo
743 2115 930 2184 percipiuntur
943 2115 1064 2183 intellegi
1075 2113 1177 2169 debet⁸
1186 2114 1299 2183 propius
1312 2129 1346 2168 ea
1358 2115 1497 2185 accedere,
1515 2129 1587 2184 quae

153 2205 226 2260 serui
249 2205 339 2274 operis
363 2204 420 2259 suis
443 2204 602 2274 adquirunt,
625 2204 755 2273 quoniam
775 2204 803 2258 in
820 2203 1003 2274 percipiendis
1021 2201 1155 2258 fructibus
1173 2204 1262 2274 magis
1281 2204 1462 2273 corporisius
1480 2218 1587 2274 exque

153 2293 340 2363 percipiuntur
361 2309 443 2362 quam
467 2293 592 2362 seminis,
616 2308 652 2348 er
674 2307 729 2364 quo
752 2294 877 2348 oriuntur
899 2293 1043 2363 aspicitur:
1067 2298 1095 2346 et
1113 2292 1175 2347 ideo
1194 2307 1275 2348 nemo
1294 2308 1423 2362 nmquam
1442 2291 1587 2370 dubitauit,

153 2382 234 2452 quin,
258 2383 282 2438 si
305 2382 333 2437 in
351 2397 413 2438 meo
431 2379 516 2438 fundo
534 2380 700 2438 trumentum
718 2387 797 2438 tuum
815 2382 946 2452 seuerirn,
971 2386 1080 2451 segetes
1099 2385 1127 2436 et
1145 2381 1219 2452 quod
1237 2397 1271 2436 ex
1290 2379 1426 2436 messibus
1444 2383 1587 2438 collectum

152 2468 236 2526 inerit
259 2485 349 2526 meum
373 2468 459 2524 lieret.
495 2485 576 2540 porro
599 2470 688 2526 bonae
711 2469 776 2526 lidei
797 2485 941 2541 possessor
964 2471 992 2525 in
1012 2469 1195 2540 percipiendis
1212 2469 1347 2526 fructibus
1364 2470 1393 2524 id
1411 2471 1478 2526 iuris
1495 2471 1587 2541 habet,
1606 2479 1635 2520 ιι

153 2559 227 2630 quod
251 2559 367 2615 dominis
390 2559 561 2629 praediorum
585 2559 716 2614 tributum
734 2565 786 2614 est.
818 2564 961 2629 praeterea
979 2575 1040 2614 cum
1059 2559 1095 2614 ad
1113 2558 1292 2615 fructuarium
1310 2561 1466 2630 pertineant
1483 2558 1587 2615 fructus

154 2648 312 2719 usquelibet
329 2649 394 2717 sati,
418 2653 520 2718 quanto
543 2649 632 2719 magis
650 2648 702 2704 hoc
719 2650 747 2704 in
765 2648 853 2704 bonae
871 2646 935 2703 fidei
953 2647 1159 2717 possessoribus
1176 2649 1362 2719 recipiendum
1381 2653 1437 2720 est,
1461 2650 1508 2718 qui
1525 2650 1587 2719 plus

154 2737 220 2793 iuris
238 2738 266 2792 in
284 2736 464 2808 percipiendis
482 2735 616 2792 fructibus
633 2737 755 2792 babent?
786 2753 849 2792 cnm
867 2734 1009 2791 fructuarii
1027 2737 1138 2805 quidem
1157 2752 1212 2792 non
1230 2736 1310 2808 liant,
1334 2743 1481 2809 antequam
1500 2735 1536 2792 ab
1554 2752 1587 2793 eo

153 2826 350 2897 percipiantur,
373 2825 409 2880 ad
431 2824 520 2881 bonae
539 2825 604 2881 fidei
622 2831 714 2881 autem
732 2841 918 2896 possessorem
938 2826 1104 2895 pertineant,
1129 2827 1339 2895 quoquomodo
1358 2843 1375 2881 a
1392 2829 1450 2883 solo
1468 2827 1588 2896 separati

153 2913 262 2986 fuerint,
280 2916 352 2972 sicut
369 2915 429 2970 eius
447 2915 495 2984 qui
506 2915 669 2984 uectigalem
683 2913 797 2970 fundum
810 2915 894 2970 habet
907 2913 1012 2970 tructus
1024 2913 1102 2984 fiunt,
1122 2916 1295 2985 simulatque
1310 2917 1369 2971 solo
1381 2916 1501 2986 separati
1513 2918 1586 2970 sunt.
1605 2923 1634 2964 ιο

121 3004 247 3060 aeonae
270 3002 335 3059 tidei
358 3008 465 3074 emptor
485 3005 557 3058 seuit
573 3009 602 3058 et
619 3009 765 3073 antequam
784 3001 889 3059 fructus
907 3005 1072 3074 perciperet,
1096 3004 1226 3074 cognouit
1244 3003 1357 3059 fundum
1376 3006 1493 3060 alienum
1512 3019 1586 3060 esse:

154 3108 190 3148 an
212 3093 387 3163 perceptione
407 3091 512 3147 fructus
530 3107 595 3148 suos
613 3091 704 3162 faciat,
723 3093 870 3162 quaeritur.
902 3093 1044 3161 respondi:
1068 3091 1157 3148 bonae
1175 3091 1239 3148 fidei
1258 3098 1365 3162 emptor
1382 3094 1455 3164 quod
1474 3093 1510 3148 ad
1526 3107 1587 3163 per·

154 3181 294 3250 cipiendos
312 3179 416 3238 fructus
434 3182 556 3250 intellegi
573 3181 664 3252 debet,
683 3183 814 3252 quamdin
832 3182 938 3237 euictus
955 3179 1057 3236 fundus
1075 3197 1129 3236 ιιοιι
1142 3180 1237 3236 fuerit:
1256 3198 1319 3238 nam
1332 3187 1361 3238 et
1372 3197 1469 3238 seruus
1481 3182 1587 3237 alienus

155 3265 166 3338 l
185 3285 267 3340 quem
290 3269 363 3328 bona
384 3269 439 3326 lide
463 3285 555 3325 emero
572 3271 678 3326 tamdiu
695 3270 762 3326 mihi
780 3285 815 3326 ex
832 3286 862 3325 re
880 3286 942 3325 mea
959 3271 1004 3325 nel
1022 3285 1057 3326 ex
1075 3271 1165 3339 operis
1184 3271 1241 3326 suis
1259 3271 1398 3342 adquiret,
1421 3271 1552 3341 quamdiu
1570 3286 1587 3325 a
1604 3275 1620 3323 t.
1631 3277 1685 3323 ιιιΙ

155 3374 198 3414 me
217 3360 324 3415 euictus
341 3375 395 3416 non
414 3358 504 3414 luerit.
1605 3368 1634 3409 ιι

99 3447 137 3506 26
207 3449 285 3504 Ioum
307 3447 375 3504 libro
399 3453 477 3504 sexto
500 3463 535 3502 ex
553 3448 670 3504 Minicio.
708 3448 887 3505 Uenationem
911 3447 1016 3504 tructus
1034 3447 1112 3504 fundi
1129 3448 1243 3518 negauit
1260 3463 1335 3519 esse,
1359 3449 1411 3504 nisi
1430 3443 1626 3533 ΜΒ

154 3533 260 3592 fructum
278 3536 357 3592 fundi
373 3552 408 3592 ex
425 3537 572 3593 uenatore
589 3543 706 3594 constet.

98 3623 137 3682 27
207 3625 380 3682 Αοιιιοιιιιιιο
402 3625 471 3682 libro
494 3629 593 3682 octauo
616 3627 816 3696 quaestionum.
853 3625 922 3682 (lum
945 3627 1016 3696 patri
1038 3624 1155 3681 familias
1178 3640 1254 3681 mora
1273 3623 1348 3680 iacta
1365 3626 1410 3696 sit,
1429 3621 1627 3710 Qui

154 3713 209 3768 iam
227 3714 255 3768 in
273 3713 373 3768 herede
392 3713 450 3769 eius
469 3729 523 3769 non
541 3715 680 3784 quaeritur
698 3730 788 3770 mora:
806 3730 871 3769 nam
888 3718 955 3770 tunc
972 3713 1066 3769 heredi
1082 3715 1206 3784 proximo
1222 3713 1384 3771 hereditario
1397 3715 1455 3771 iure
1467 3731 1501 3772 ea
1513 3732 1585 3772 com·

154 3807 227 3872 petet
243 3802 360 3873 ideoque
378 3802 415 3856 ad
433 3808 539 3858 ceteros
557 3819 665 3873 quoque
683 3803 813 3874 deinceps
831 3804 1032 3858 transmittitur.
1604 3814 1633 3856 ιο

98 3890 137 3949 28
208 3890 301 3946 Gerus
318 3890 388 3946 libro
406 3891 526 3947 meando
543 3906 635 3947 rernm
652 3892 859 3948 cotidianarum.
886 3892 918 3947 In
933 3892 1070 3963 pecudum
1083 3890 1174 3948 ιιοοιο
1186 3893 1268 3949 οιίοιο
1287 3889 1318 3980 [1.
1328 3905 1428 3962 u‚1‚er.
1444 3906 1470 3952 Β.
1479 3907 1516 3962 aa,
1525 3907 1547 3962 s,
1556 3907 1586 3953 es
1604 3898 1626 3952 S

156 3987 317 4059 F[P(Vu)]

157 4121 323 4190 ¹negotium
342 4135 433 4175 meum
452 4135 537 4191 agens
546 4123 665 4194 feturae
682 4141 732 4176 non
750 4129 808 4176 eant
825 4123 903 4178 Pauli
974 4122 1077 4193 ’quod
1095 4125 1142 4178 del.
1213 4123 1363 4179 ⁸debent?

154 4243 350 4314 deliquando]
374 4245 492 4370 alipnam
516 4245 556 4298 P·
608 4245 737 4316 tlsrcutr]
763 4249 843 4301 srcutr
895 4251 953 4300 tum
971 4251 1049 4302 tunm
1068 4247 1194 4318 seuerim]
1213 4247 1258 4302 ila
1277 4247 1306 4302 tu
1325 4248 1364 4316 τῷ
1381 4244 1520 4318 ὲιιῷἇιρῷ
1538 4244 1585 4301 rba

154 4315 180 4370 ei
198 4317 238 4370 P⁰
292 4317 326 4370 10
344 4317 417 4370 mani
430 4321 489 4370 esto
506 4315 578 4370 P⁰V
628 4318 661 4371 11
683 4315 749 4372 iecit
766 4317 845 4372 PVU
896 4317 943 4372 edu
962 4317 1082 4390 ἓοιιειροιι
1102 4320 1173 4374 ciros
1194 4321 1241 4373 ΒΞ
1258 4319 1324 4390 (ιιι.)
1378 4320 1413 4374 28
1433 4317 1510 4388 ιιοιι]
1528 4316 1586 4372 iue-

155 4388 189 4441 13
207 4387 333 4457 septimo]
347 4387 375 4441 ni
387 4387 437 4442 PU
482 4389 514 4442 17
532 4387 668 4456 quiscieus
680 4389 771 4442 FP⁶U
783 4390 788 4454 l
803 4385 843 4442 in-
895 4395 958 4444 rant
974 4389 1015 4443 P·
1058 4391 1093 4444 29
1112 4389 1156 4459 ad]
1176 4405 1193 4444 a
1210 4390 1250 4443 Ρ·
1298 4393 1333 4445 30
1351 4389 1453 4445 habent
1471 4390 1530 4454 Ρ·Ι
1551 4389 1586 4444 si·

155 4458 210 4512 ciet
290 4459 326 4512 20
342 4456 447 4513 tructus
471 4473 536 4514 suos
554 4477 602 4511 om.
615 4459 656 4512 P·
709 4461 744 4514 20
761 4457 844 4514 luerit
895 4461 1105 4529 mutarequeffl
1148 4461 1183 4516 31
1201 4460 1434 4516 bonate⁴lideiF²
1479 4462 1514 4515 33
1526 4459 1586 4516 fun-

154 4527 319 4584 frumentum
332 4531 404 4585 seuit
420 4530 449 4594 U,
462 4531 512 4602 des.
522 4529 561 4583 P·
606 4531 639 4584 21
652 4529 735 4616 quod]
748 4530 842 4596 Μ’,
896 4531 948 4586 dus
971 4530 1247 4587 non'iundus'inerit
1270 4534 1307 4585 F²
1327 4535 1332 4598 1
1351 4549 1415 4587 uam
1438 4531 1475 4599 et]
1502 4531 1586 4596 Μ’,

154 4601 245 4669 quoad
262 4599 348 4666 P‘U‘,
367 4601 481 4656 inc.P·:
500 4600 563 4671 ὅπερ
579 4597 842 4662 ἓοιιιιειιὶτοῨοίκὲ·
896 4607 989 4657 manet
1010 4603 1069 4668 PV,
1094 4621 1142 4656 om.
1160 4604 1204 4666 ΓΙ,
1231 4613 1278 4657 irre.
1301 4603 1335 4658 U·
1392 4604 1427 4657 35
1450 4603 1540 4658 uictus
1563 4603 1590 4656 P

153 4690 209 4736 τογ,
230 4671 260 4726 ba
280 4671 345 4726 Βὸοι
369 4671 615 4736 cirecestram,
635 4672 715 4734 τοῨτο
733 4673 784 4726 terr
805 4673 843 4727 sai
898 4675 932 4728 36
947 4672 1060 4742 stactus]
1076 4672 1176 4728 fundus
1186 4674 1225 4728 Ρ“Ι
1260 4676 1294 4728 39
1307 4673 1587 4744 quaeritur'na'mora

154 4741 193 4796 ini
207 4743 254 4805 roi
266 4741 345 4813 ispo?
364 4744 410 4798 BS
423 4743 488 4812 (nl.)
504 4745 508 4806 Ι
524 4743 635 4812 propius
654 4758 687 4797 en
705 4743 844 4814 accedere]
898 4761 960 4798 nam
979 4743 1016 4797 F‘
1036 4747 1041 4813 Ι
1062 4750 1200 4814 competet
1222 4751 1250 4799 et
1273 4746 1317 4810 F1,
1341 4749 1479 4814 competat
1499 4745 1585 4808 F²P·,

153 4815 280 4883 proprius
291 4829 326 4868 err
338 4813 487 4869 haccedere
504 4813 535 4879 V,
552 4815 678 4884 proprius
692 4817 844 4870 etisacce-
898 4816 1029 4884 competit
1047 4815 1120 4880 P‘ll,
1139 4823 1306 4886 competeret
1323 4816 1350 4870 V
1396 4817 1433 4872 40
1449 4816 1587 4872 tansmit-

154 4885 219 4938 dere
233 4887 278 4950 1³⁶,
296 4899 346 4956 pro
367 4887 422 4941 rius
440 4885 480 4940 eis
493 4885 622 4940 accedere
637 4886 703 4940 P‘U
749 4888 784 4942 23
796 4886 845 4941 du·
897 4891 971 4942 tetur
998 4887 1074 4941 PVU
1127 4889 1161 4942 41
1186 4888 1382 4943 cotidianarum
1407 4889 1466 4943 sine
1490 4901 1586 4943 aureo·

154 4953 252 5010 bitabit
268 4956 366 5010 FPtt
411 4957 446 5012 24
464 4956 487 5012 si
505 4958 533 5011 in
552 4972 613 5012 meo
630 4955 844 5014 lundofrunen-
898 4974 957 5013 rum
977 4957 1077 5012 PFU.-
1095 4959 1154 5014 aide
1172 4961 1208 5014 cd
1224 4961 1266 5025 17,
1286 4961 1346 5024 1,2
