3652 5362
246 185 365 254 XXVII
387 189 442 254 31
925 177 1012 260 796
1366 115 1370 122 *
1453 205 1501 252 nn
1525 205 1697 253 rumenam

246 346 373 415 existere,
392 344 491 416 quibus
509 345 568 400 sine
586 341 796 412 reprehensione
813 345 888 396 tutor
905 346 1001 398 auctor
1020 342 1031 414 q
1048 340 1081 398 fit
1097 342 1201 413 pupillo
1219 341 1255 398 ad
1267 342 1488 413 deminuendum,
1508 343 1626 400 decreto
1638 343 1695 400 aei-
1713 349 1780 398 isse

245 435 310 490 licet
327 435 541 489 interueniente:
565 431 652 487 ueluti
669 431 693 485 si
712 431 792 484 matri
810 435 859 486 aut
875 431 975 500 sorori,
1000 445 1071 500 quae
1089 431 1168 488 aliter
1186 447 1216 488 se
1233 433 1305 488 tueri
1321 447 1377 488 non
1394 437 1524 503 possunt,
1543 437 1624 488 testor
1642 433 1695 488 nli·

247 529 340 578 menta
356 523 536 593 praestiterit:
555 536 617 576 nam
637 535 699 574 cum
717 519 806 574 bonae
824 517 888 573 fidei
907 519 1037 576 iudicium
1055 520 1099 590 ait,
1117 535 1198 576 nemo
1216 519 1294 591 leret,
1311 521 1408 591 inquit,
1427 527 1475 576 aut
1488 523 1628 592 pupillum
1642 527 1696 577 ant

247 611 426 668 substitutum
444 612 503 666 eius
521 613 675 680 querentes,
694 607 768 677 quod
785 611 843 662 tam
861 608 1023 664 coniunctae
1041 623 1174 679 personae
1193 609 1274 666 alitae
1292 610 1359 664 sint:
1378 610 1444 679 quin
1462 611 1546 666 immo
1559 625 1612 681 per
1623 625 1694 666 eon·

214 707 228 752 a
247 702 359 758 trarium
377 705 457 770 putat
474 713 556 769 posse
574 713 637 752 enm
656 701 747 750 tutore
765 696 811 765 agi
828 697 939 766 tutelae,
958 697 1054 754 situle
1072 695 1191 753 cilicium
1210 699 1431 768 praetermiserit
1469 697 1567 754 Officio
1586 701 1694 756 tutoris
1712 709 1726 751 o

149 817 150 820 ο
247 788 380 845 incumbit
397 789 479 844 etiam
498 787 617 842 rationes
635 791 714 840 actus
733 785 776 840 sui
793 783 928 840 conficere
946 789 974 840 et
992 785 1095 856 pupillo
1113 786 1243 842 reddere:
1259 791 1382 843 ceterum
1401 788 1424 842 sl
1442 803 1497 844 non
1515 787 1584 844 iecit
1602 794 1656 843 aut
1668 789 1693 844 si

247 878 335 935 iactas
352 893 407 934 non
425 874 543 944 exhibet,
562 874 613 930 boc
632 874 741 930 nomina
758 873 858 928 iudicio
876 874 979 929 tutelae
997 874 1142 930 tenebitur.
1169 875 1204 931 de
1221 877 1310 932 seruis
1325 891 1435 947 quoque
1446 877 1693 947 interrogationes,

247 967 297 1023 sed
321 973 349 1022 et
372 965 547 1037 quaestiones
570 961 711 1018 habendas
734 965 764 1016 et
780 961 833 1017 hoe
851 961 941 1018 officio
960 961 1057 1019 iudicis
1075 964 1221 1020 conuenire
1239 964 1350 1035 placuit.
1382 981 1446 1021 num
1464 965 1545 1020 diuus
1564 964 1693 1022 Seuerus

247 1057 381 1126 decreuit,
406 1071 468 1110 cum
487 1068 576 1123 neque
594 1051 747 1108 inuentaria
765 1065 853 1120 neque
872 1052 1037 1108 auctionalia
1053 1050 1238 1122 proferentur,
1262 1053 1384 1110 remedio
1402 1069 1435 1110 eo
1453 1055 1494 1110 uti
1511 1053 1631 1124 debere,
1658 1059 1693 1111 ut

246 1147 365 1202 rabones
384 1161 401 1199 a
419 1144 507 1199 seruis
525 1143 572 1211 qui
590 1156 647 1196 rem
665 1145 809 1210 gesserant
825 1138 1010 1210 proferantur:
1029 1140 1078 1196 bas
1096 1142 1216 1198 rationes
1234 1142 1258 1197 si
1276 1157 1338 1198 esse
1357 1143 1429 1198 mala
1445 1141 1500 1198 fide
1512 1143 1692 1223 conscriptas
1711 1153 1739 1194 no

213 1243 229 1288 4
247 1251 264 1289 a
281 1234 369 1290 seruis
387 1233 482 1288 dieunt
499 1235 613 1299 tutores,
632 1229 714 1283 etiam
733 1229 760 1282 in
779 1229 967 1297 quaestionem
985 1231 1058 1285 serui
1075 1231 1236 1300 interrogari
1254 1237 1391 1301 poterunt.
1421 1231 1569 1286 Praeterea
1587 1232 1611 1286 si
1631 1247 1691 1286 nra·

247 1329 315 1378 trem
335 1323 402 1378 aluit
419 1320 514 1391 pupilli
531 1323 614 1386 tutor,
633 1320 713 1386 putat
730 1315 824 1371 Labeo
843 1318 979 1387 imputare
996 1333 1059 1374 eum
1077 1333 1173 1388 posse:
1192 1319 1242 1374 sed
1260 1325 1304 1374 est
1317 1320 1409 1375 uerius
1421 1320 1538 1375 nonnisi
1552 1335 1691 1391 perquam

247 1411 340 1481 egenti
363 1410 452 1480 dedit,
475 1410 611 1478 imputare
629 1421 692 1460 eum
711 1409 853 1476 oportere¹
873 1407 907 1464 de
925 1407 1010 1477 largis
1029 1405 1204 1462 facultatibus
1221 1409 1330 1478 pupilli:
1353 1413 1499 1480 utrumque
1517 1409 1603 1478 igitur
1623 1425 1691 1465 eon·

217 1507 232 1553 o
247 1515 355 1556 currere
372 1503 489 1568 oportet,
507 1501 539 1552 ut
557 1501 585 1551 et
603 1498 690 1550 mater
703 1510 792 1564 egena
804 1495 840 1550 ait
852 1500 881 1550 et
892 1494 964 1550 iilius
976 1497 1005 1551 in
1015 1494 1192 1552 facultatibus
1204 1497 1319 1567 positus.
1346 1496 1402 1553 Sed
1415 1498 1440 1552 si
1451 1513 1550 1553 munus
1562 1499 1691 1568 nuptiale

247 1590 328 1645 matri
344 1589 439 1659 pupilli
458 1586 570 1654 miserit,
588 1599 643 1639 non
660 1598 723 1638 eum
740 1584 843 1654 pupillo
861 1585 1057 1654 imputaturum
1070 1584 1163 1641 Labeo
1182 1586 1304 1655 scripsit:
1323 1601 1374 1642 nee
1386 1601 1517 1656 perquam
1528 1588 1692 1642 neoemmia
1710 1597 1738 1638 rs

217 1683 291 1734 uest
312 1678 367 1733 ista
390 1675 550 1738 muneratio.
587 1671 617 1728 Si
639 1673 749 1742 pupillis
766 1676 871 1728 tutores
888 1678 968 1744 pater
985 1672 1074 1743 dedit,
1096 1675 1167 1730 inter
1184 1689 1254 1744 quoa
1272 1680 1301 1730 et
1317 1674 1444 1730 libertum
1462 1691 1557 1746 suum,
1581 1691 1691 1746 perque

248 1781 311 1822 eum
329 1765 446 1821 uoluerit
458 1763 577 1818 ¹tutelam
597 1761 788 1831 administrari,
806 1765 835 1816 et
852 1766 958 1817 tutum
976 1769 1079 1818 cenam
1097 1778 1232 1819 summam
1250 1765 1276 1820 ei
1294 1769 1457 1833 statuerunt,
1474 1764 1539 1834 quia
1557 1765 1641 1820 aliter
1659 1780 1691 1820 se

215 1863 229 1909 ‘l
249 1853 377 1910 exhibere
395 1869 450 1908 non
467 1855 583 1922 poterat,
601 1849 756 1905 babendum
775 1850 833 1904 eius
851 1851 984 1906 rationem
1003 1851 1077 1920 quod
1095 1855 1229 1908 statutum
1246 1857 1290 1908 est
1306 1851 1378 1907 lisia
1394 1852 1541 1908 existimat.
1570 1853 1650 1924 Ergo
1661 1859 1692 1910 et

247 1945 271 2000 si
293 1958 328 1998 ex
350 1942 525 2012 inquisitione
549 1942 661 2009 propter
684 1938 723 1993 rei
746 1939 870 1994 notitiam
888 1937 971 1994 luerit
989 1939 1070 1996 datus
1088 1945 1163 1996 tuter
1180 1942 1260 2011 eique
1278 1941 1408 1998 alimenta
1425 1943 1572 1997 Musoni
1590 1949 1690 1998 contu·

214 2041 228 2087 e
246 2037 329 2102 tores,
348 2029 461 2086 debebit
478 2044 573 2085 eorum
590 2028 660 2083 ratio
677 2026 780 2097 baberi,
798 2028 864 2098 quia
881 2028 954 2082 iusta
971 2043 1056 2084 causa
1073 2033 1118 2084 est
1134 2029 1300 2100 praestandi.
1327 2029 1382 2086 Sed
1401 2034 1430 2085 et
1446 2031 1470 2086 si
1481 2031 1571 2086 seruis
1582 2029 1692 2087 cibaria
1710 2043 1738 2083 so

246 2120 413 2192 praestiterit
431 2119 475 2174 uel
492 2115 609 2184 libertis,
629 2116 733 2171 scilicet
750 2117 790 2171 rei
807 2117 903 2186 pnpilli
921 2119 1092 2188 necessariis,
1111 2118 1257 2174 dicendum
1276 2123 1319 2174 est
1336 2123 1538 2190 reputaturum:
1556 2119 1691 2192 idemque

214 2217 228 2264 a
247 2216 275 2266 et
293 2211 316 2266 si
334 2209 427 2266 liberis
445 2205 609 2275 bominibus,
629 2205 653 2260 si
671 2209 763 2260 umen
781 2205 851 2260 ratio
868 2206 1027 2275 praestandi
1044 2207 1117 2262 insta
1134 2207 1294 2264 intercedat.
1322 2209 1391 2264 ltem
1406 2213 1531 2279 sumptus
1542 2210 1599 2264 litis
1612 2215 1692 2267 tutor

201 2307 229 2352 ιο
247 2297 386 2370 reputabit
409 2301 438 2352 st
461 2297 576 2365 uiatiea,
601 2295 625 2350 si
649 2309 684 2348 ex
707 2291 797 2348 officio
820 2309 934 2350 necesse
958 2294 1053 2350 babuit
1074 2297 1166 2367 aliquo
1189 2311 1332 2353 excurrere
1355 2298 1400 2353 uel
1422 2295 1568 2368 proficisci
1607 2299 1691 2356 Nunc

247 2392 410 2457 mactemus,
429 2387 452 2441 si
470 2386 562 2455 plures
580 2381 807 2452 tnteinmpnpiiii
825 2381 1083 2453 administrauerint,
1101 2398 1151 2452 pro
1169 2399 1225 2454 qna
1242 2387 1358 2458 quisque
1375 2401 1468 2442 eorum
1487 2391 1567 2457 parte
1585 2403 1691 2445 conae

199 2481 229 2526 it
247 2475 364 2532 niendus
382 2475 426 2530 sit.
460 2475 496 2529 Et
514 2474 538 2529 si
555 2471 665 2542 quidem
684 2485 780 2528 omnes
797 2471 877 2526 simul
895 2477 1041 2542 gesserunt
1057 2473 1170 2528 turbelam
1190 2469 1690 2559 Qpeeibffi
1711 2487 1741 2528 ²⁵

248 2570 277 2620 et
299 2579 394 2620 omnes
416 2561 549 2618 soluendo
568 2565 645 2630 sunt,
670 2559 865 2629 aequissimum
884 2561 935 2615 erit
952 2560 1039 2616 diuidi
1057 2563 1191 2618 actionem
1209 2563 1347 2619 intereos
1365 2567 1414 2633 p'ro
1431 2553 1691 2634 portionibffuibi‘-

200 2658 230 2704 12
247 2653 319 2709 libau
337 2653 464 2722 exemplo
480 2649 681 2706 fideiussorum.
710 2647 765 2704 Sed
783 2652 812 2704 et
829 2649 852 2702 si
870 2663 924 2704 non
939 2665 1034 2706 omnes
1047 2649 1179 2706 soluendo
1192 2651 1255 2722 sint,
1273 2652 1345 2706 inter
1356 2667 1404 2708 eos
1417 2653 1463 2721 qui
1475 2653 1611 2710 soluendo
1624 2660 1693 2711 sunt

200 2747 230 2792 18
248 2741 379 2797 diuiditur
397 2741 478 2796 aetio.
505 2738 573 2794 aed’
590 2742 673 2808 prout
690 2737 806 2807 quisque
825 2737 957 2794 soluendo
976 2743 1031 2808 est,
1055 2743 1185 2810 poterunt
1202 2740 1350 2796 eonneniri.
1388 2741 1423 2796 Et
1441 2742 1464 2796 si
1482 2739 1553 2796 sorte
1571 2743 1637 2812 quis
1653 2759 1692 2800 ex

247 2829 322 2886 iaetu
340 2831 452 2886 elutius
469 2827 568 2883 tutoris
586 2826 783 2882 condemnatus
801 2826 968 2896 praestiterit
985 2827 1030 2882 uel
1048 2841 1084 2882 ex
1101 2829 1239 2884 communi
1256 2833 1338 2898 gestu
1356 2843 1407 2884 neo
1424 2829 1449 2884 ei
1461 2830 1611 2886 mandatae
1624 2837 1693 2888 sunt

248 2920 384 2988 wdones,
409 2918 589 2974 constitutum
611 2920 654 2971 est
676 2932 694 2970 a
717 2914 781 2970 diuo
805 2915 854 2970 Pio
877 2919 905 2970 et
928 2913 964 2970 ab
987 2915 1150 2985 imperatore
1174 2921 1268 2973 nostro
1286 2921 1316 2973 et
1332 2917 1397 2974 diuo
1414 2922 1493 2989 patre
1512 2919 1573 2975 eius
1590 2922 1691 2978 utilem
1711 2934 1740 2976 ao

200 3013 231 3060 14
249 3009 383 3064 uodonem
403 3006 486 3062 tutori
504 3005 637 3060 aduersus
656 3007 827 3060 contutorem
845 3003 973 3059 dandam
1003 3005 1088 3060 Plane
1106 3007 1130 3060 si
1148 3020 1182 3062 ea
1200 3006 1264 3062 dolo
1282 3007 1419 3063 communi
1437 3013 1590 3064 conuentus
1609 3025 1692 3080 prae·

249 3097 349 3152 stiterit
371 3101 458 3166 tutor,
483 3109 572 3164 neque
596 3092 768 3150 mandendae
791 3098 856 3147 eunt
879 3093 1001 3148 actiones
1025 3107 1114 3164 neque
1132 3094 1206 3150 utilis
1224 3097 1367 3166 competit,
1391 3097 1457 3166 quia
1472 3097 1577 3167 proprii
1594 3098 1693 3156 delicti

247 3201 365 3256 poenam
383 3184 470 3240 anbit:
487 3198 558 3253 quae
576 3197 621 3238 res
638 3181 780 3252 indignum
799 3196 862 3236 eum
874 3179 948 3250 iecit,
966 3186 998 3236 ut
1010 3198 1027 3237 a
1038 3183 1137 3238 ceteris
1149 3183 1215 3254 quid
1228 3189 1411 3255 consequatur
1423 3185 1478 3242 doli
1489 3187 1692 3258 participibus:

201 3281 230 3328 lt
248 3289 300 3330 nee
317 3275 390 3330 anim
409 3273 465 3328 ulla
482 3273 600 3328 societas
618 3270 811 3326 maleficiorum
830 3271 874 3326 uel
893 3271 1103 3327 communicatio
1120 3271 1194 3327 iusta
1211 3272 1304 3328 damni
1319 3289 1354 3330 ex
1366 3273 1499 3332 maleficio
1512 3280 1564 3331 eat
1593 3276 1693 3348 Usque

248 3381 293 3449 F(
297 3379 473 3446 WDQEIC)

251 3531 259 3566 ¹
277 3531 412 3600 imputare
430 3543 492 3584 eum
511 3535 636 3600 oportere
654 3529 701 3582 del.
773 3527 785 3562 ²
794 3531 890 3599 firmat
907 3529 1023 3584 Iulianus
1041 3532 1076 3595 (u.
1090 3531 1132 3596 ⁸'·)²
1151 3529 1198 3600 qui
1216 3529 1348 3586 soluendo
1366 3535 1430 3585 sunt
1448 3539 1495 3586 ins.

249 3681 330 3750 duit]
349 3681 412 3736 siin
426 3682 460 3734 i*
504 3680 625 3736 4‘e'eius
640 3678 694 3747 Fll
730 3677 939 3734 u'a'erentesF’
992 3694 1088 3734 eorum
1096 3683 1201 3734 unium
1212 3681 1320 3750 culpam
1332 3681 1477 3751 [smeulpa
1486 3682 1542 3752 qui]
1553 3682 1693 3740 soluendo

248 3754 265 3808 9
278 3751 450 3821 auctionaiia]
465 3753 522 3816 FD,
535 3749 680 3807 actionalla
728 3749 756 3803 ,Ε
766 3751 821 3816 (abt
834 3758 939 3804 tamar·
992 3766 1048 3806 non
1066 3756 1130 3806 sunt
1147 3751 1322 3808 condemnati
1345 3751 1445 3807 suerint
1461 3753 1554 3808 idonei
1570 3759 1691 3824 tutores,

246 3831 322 3948 liu
341 3822 575 3960 eritiuilb
590 3821 939 3957 tfi‘luilluii
992 3821 1693 3954 blitildis?iiliisilliillibiibiiii

248 3965 389 4020 tionabilia
409 3967 444 4020 0:
463 3915 631 4036 rpanezrguol
650 3964 720 4028 abror
742 3964 789 4018 BS
807 3962 880 4034 (aa),
900 3972 938 4016 sr—
995 3964 1075 4034 [514]
1101 3965 1180 4030 Quod
1203 3967 1226 4021 si
1250 3965 1286 4021 ob
1310 3965 1402 4021 dolum
1427 3981 1601 4022 communem
1625 3985 1691 4026 cou-

250 4036 382 4090 aardaara
409 4035 436 4090 B
460 4039 569 4102 (Aaou.)
641 4037 676 4090 10
702 4033 877 4105 proferuntur
902 4035 939 4088 F⁰
993 4036 1114 4091 demnati
1132 4035 1246 4105 firarint,
1267 4037 1341 4092 nulla
1358 4039 1397 4092 eis
1415 4039 1611 4108 cessionesque
1630 4039 1691 4110 [aar.

250 4107 284 4162 14
297 4105 467 4176 egen'd'aF2
503 4107 697 4162 iocinerial'
734 4107 767 4159 21
781 4107 834 4174 uel]
847 4104 891 4160 bel
903 4107 939 4158 1·Ἶ
994 4107 1193 4178 cessioneque]
1207 4109 1350 4177 opitulatio
1363 4109 1451 4162 datur.
1479 4109 1504 4178 [ξ
1518 4109 1562 4178 15]
1581 4110 1615 4165 ln
1629 4119 1691 4166 tan·

250 4179 285 4234 23
303 4178 441 4248 mputauit
459 4177 495 4230 Ρ
540 4179 575 4233 24
594 4179 617 4232 si
634 4175 756 4248 plu‘a'res
774 4177 811 4230 F‘
859 4178 894 4232 25
912 4183 941 4230 et
994 4184 1052 4234 tum
1075 4184 1167 4233 autem
1189 4179 1296 4234 idoneis
1319 4179 1508 4236 contutoribua
1528 4182 1691 4238 constitutis

248 4251 273 4305 ai
290 4249 401 4319 quidem
418 4263 514 4305 omnes
531 4249 592 4320 sep]
612 4254 643 4313 ei
659 4249 762 4303 11-15
779 4257 817 4304 sie
833 4256 860 4302 aa
872 4267 940 4303 com-
994 4250 1038 4304 alii
1056 4255 1162 4306 tutores
1180 4249 1216 4306 ob
1234 4252 1342 4321 eulpam
1358 4266 1529 4306 communem
1548 4267 1605 4310 nun
1624 4269 1691 4310 con·

247 4323 368 4392 pendium
385 4323 485 4392 redepit
496 4321 612 4375 lulianus
630 4329 655 4374 in
670 4322 812 4375 collectione
831 4321 861 4374 de
879 4339 939 4374 cca·
993 4321 1139 4376 demnatur
1156 4321 1214 4392 [scr.
1227 4323 1452 4393 condemnantur]
1469 4323 1497 4378 in
1509 4323 1640 4394 solidum,
1658 4329 1692 4382 ut

249 4391 374 4446 menibus
401 4393 468 4457 (cod.
485 4391 572 4445 Berol.
591 4391 652 4444 Lat
660 4393 711 4463 jol
730 4409 754 4442 a.
771 4391 824 4444 269
833 4393 860 4463 f
880 4390 939 4452 193,
993 4393 1075 4448 etiam
1094 4393 1271 4462 magistratus
1286 4393 1456 4464 municipalis
1471 4399 1499 4450 et
1509 4391 1691 4453 fideiussores

249 4459 937 4588 1111111111·1115111116911111
993 4479 1106 4590 ”iii
1125 4464 1171 4534 [ἡ
1190 4465 1246 4590 ΞΤ]
1266 4471 1329 4590 ‘i‘te
1347 4480 1399 4590 ⁹⁰?-
1412 4466 1567 4591 il¹¹¹¹⁰¹¹3¹³’
1591 4468 1691 4593 ’Ψ

249 4604 298 4658 sed
317 4604 376 4673 [sed
389 4550 446 4674 del]
465 4605 488 4658 si
506 4547 619 4674 qluidgiffn¹
634 4618 729 4659 omnes
741 4547 873 4659 aelffindo
885 4573 940 4658 sint
993 4536 1373 4678 ggesoonsaleusshsmffloffl
1393 4551 1692 4678 οοοῖἓῑῗιωῗοῖἰῦῗζ

248 4675 305 4730 litis
317 4681 469 4731 contestato
478 4681 609 4746 tempore,
623 4675 754 4730 diuiditur
766 4675 793 4729 in
802 4690 850 4730 eos
859 4674 939 4729 aetio.
993 4693 1026 4734 eo
1051 4678 1099 4747 sit,
1123 4677 1196 4748 quod
1217 4693 1271 4734 non
1295 4679 1391 4734 remoti
1413 4677 1514 4734 inerim
1532 4685 1642 4738 tutores
1660 4688 1694 4740 ut

250 4745 275 4815 [q
293 4746 332 4814 12]
357 4747 386 4800 Si
405 4751 496 4802 autem
520 4747 630 4816 quidam
654 4761 747 4802 eorum
766 4761 799 4801 eo
817 4752 940 4816 tempere
993 4750 1114 4820 suspecti
1137 4750 1182 4804 uel
1204 4749 1278 4818 quod
1300 4749 1428 4804 satidatic
1452 4756 1552 4806 exacta
1568 4755 1693 4810 nonsit.

250 4817 382 4872 soluendo
400 4831 455 4872 non
473 4818 509 4872 ait
528 4819 585 4887 [scr.
598 4818 672 4886 sinti,
691 4833 774 4872 onera
791 4833 884 4872 eorum
903 4817 941 4873 bii
994 4821 1031 4875 Et
1056 4819 1125 4875 baec
1152 4821 1244 4876 omnia
1268 4819 1488 4877 manifestissime
1518 4822 1595 4878 diota
1626 4831 1695 4883 sunt

249 4889 295 5013 gui
309 4887 441 4943 soluendo
453 4893 518 4944 sunt
529 4889 671 4958 recipiunt.
692 4889 770 4957 [513]
784 4887 839 4944 Sed
849 4889 940 4957 siqui·
994 4891 1039 4947 lib.
1053 4889 1147 4948 XXVI
1161 4892 1219 4962 [cer.
1232 4891 1348 4960 xxvii]
1361 4892 1440 4948 titulo
1452 4893 1493 4948 iii
1506 4893 1693 4966 digestorum.

269 4973 312 5013 em
322 4973 357 5014 ex
368 4960 570 5028 neglegentiam
580 4960 736 5028 (sca-tia)
747 4961 885 5016 cummuni
896 4961 941 5016 uel
