3584 5356
185 95 338 164 vl111e
859 87 947 169 220
1411 116 1427 144 ³
1484 132 1617 168 m...

186 268 241 324 quo
258 252 361 308 bonum
379 249 432 307 fuit
449 250 584 306 actionem
605 249 727 320 polliceri
744 254 906 320 praetorem,
925 263 987 306 cum
1006 253 1144 319 competat
1154 249 1223 320 legis
1235 249 1361 320 Aquiliae
1373 250 1455 319 actio,
1472 249 1623 321 respondit,

187 343 252 412 quia
270 346 334 396 sunt
353 355 447 409 mens,
466 337 566 409 qulbus
584 343 675 394 cessat
691 338 819 408 Aquiliae
836 339 917 408 actio,
935 338 998 394 ideo
1015 338 1133 394 iudicem
1151 338 1219 408 dari,
1237 342 1269 393 ut
1286 339 1346 394 eius
1363 337 1497 394 arbitratu
1514 342 1623 394 utatur:

187 446 250 485 nam
269 429 316 499 qui
337 443 433 498 agrum
452 441 508 483 non
525 427 683 496 proscindit,
702 427 750 496 qui
767 427 840 481 ruitae
858 441 913 482 nou
931 425 1057 496 subserit,
1075 427 1142 482 item
1158 441 1290 496 aqnmm
1307 426 1408 482 duetus
1420 426 1565 496 conrumpi
1576 441 1624 497 pa·

154 519 266 587 utitur,
290 518 351 586 lege
373 515 485 585 Aquilia
507 531 562 570 non
585 519 701 570 tenetur.
735 515 831 571 eadem
854 517 884 568 et
905 515 934 569 in
956 515 1067 570 usuario
1090 515 1207 570 dicende
1229 518 1302 569 sunt.
1338 512 1394 569 Sed
1416 514 1440 568 si
1463 515 1536 570 inter
1554 514 1625 570 duos

186 605 349 661 fructuarios
367 605 404 660 sit
421 603 614 672 controuersia,
633 602 753 658 lulianus
770 601 839 658 libro
856 601 1017 672 trigensimo
1028 607 1128 658 octauo
1140 602 1308 672 digestorum
1320 600 1415 657 scribit
1426 602 1624 671 aequissimum
1642 615 1656 658 s

187 707 249 749 esse
267 693 345 762 quael
363 692 500 748 communi
518 689 670 746 diuidundo
688 690 818 746 iudicium
836 690 896 746 dari
912 691 958 746 uel
975 691 1151 760 stipulatione
1168 690 1241 744 inter
1258 703 1288 744 se
1306 704 1354 745 eos
1371 703 1485 758 cauere,
1507 689 1626 758 qualiter

187 781 324 837 fruamur:
348 795 396 835 cur
420 780 505 848 enim,
529 779 617 848 iuquit
639 778 774 848 lulianus,
799 778 835 834 ad
855 793 932 834 arma
949 781 978 832 et
998 778 1083 833 rixam
1103 777 1252 848 procedere
1268 778 1390 848 patiatur
1406 781 1530 847 praetor,
1555 793 1625 847 quos

187 873 280 940 potest
302 867 486 923 iurisdictione
511 883 562 922 sua
585 866 769 937 componere?
799 883 882 937 quam
905 867 1068 922 sententiam
1088 866 1184 922 (telem
1202 880 1310 936 quoqne
1327 864 1397 921 libro
1414 865 1567 922 uicensimo
1585 865 1625 921 di·

153 963 169 1010 4
187 963 327 1028 gestorum
344 955 450 1026 probat,
469 958 498 1008 et
515 970 568 1024 ego
585 958 654 1025 puto
671 969 774 1010 ueram.
801 956 978 1011 Fructuarius
995 969 1107 1010 caueam
1119 953 1293 1024 proprietatis
1304 953 1466 1010 deteriorem
1486 949 1626 1038 Q

181 1043 278 1120 ¹facere
301 1059 356 1100 non
380 1042 476 1112 debet,
499 1043 639 1098 meliorem
659 1041 751 1098 facere
769 1049 869 1114 potest
903 1047 932 1098 et
949 1047 998 1098 aut
1015 1041 1093 1098 fundi
1110 1047 1154 1098 est
1170 1057 1237 1098 usue
1255 1039 1360 1096 trous
1377 1042 1500 1112 legatus,
1523 1049 1553 1098 et
1570 1057 1626 1099 nou
1645 1056 1671 1096 ιι

188 1133 271 1189 debet
289 1146 377 1202 neque
395 1131 507 1187 arborea
524 1129 670 1200 frugiferae
688 1132 815 1188 excidere
832 1146 922 1202 neque
940 1131 1032 1186 uillam
1050 1131 1158 1186 diruere
1175 1145 1227 1186 nec
1245 1129 1391 1200 qucquam
1409 1128 1500 1186 faeere
1517 1131 1548 1186 in
1564 1145 1626 1201 per·

187 1221 286 1276 nlciem
303 1220 486 1290 proprietatis.
505 1223 534 1274 et
552 1220 575 1274 ei
593 1217 664 1274 forte
681 1221 865 1290 uoluptatium
883 1219 936 1275 fuit
952 1219 1104 1289 praedium,
1123 1217 1253 1274 uirdiaria
1269 1219 1313 1272 uel
1331 1218 1501 1288 gmntiones
1518 1219 1565 1273 uel
1578 1217 1626 1274 de·

188 1307 388 1364 ambulationes
406 1305 548 1362 arboribus
565 1305 743 1363 infructuosis
761 1323 863 1377 opacae
881 1312 963 1377 atque
982 1322 1112 1362 amoenae
1129 1305 1242 1375 habene,
1261 1320 1315 1361 non
1333 1304 1446 1361 debebit
1457 1307 1577 1375 deleere,
1596 1309 1628 1362 ut

154 1401 169 1448 e
187 1395 258 1451 forte
277 1395 370 1452 horloe
388 1395 509 1451 clitorius
527 1393 612 1450 iaciat
630 1396 674 1450 uel
692 1395 767 1450 aliud
785 1396 860 1466 quid,
879 1395 953 1465 quod
970 1395 1007 1450 ad
1025 1395 1142 1450 reditum
1160 1397 1276 1463 spectat.
1302 1393 1370 1448 Inde
1387 1398 1430 1449 eet
1447 1409 1530 1464 quae·
1549 1391 1627 1479 Q

188 1485 284 1553 altum,
303 1499 339 1538 en
356 1483 518 1552 lapidicinae
536 1484 580 1538 uel
599 1482 775 1538 cretifodiuae
793 1485 838 1538 uel
856 1481 1059 1539 bamnifodlnae
1076 1483 1136 1552 ipae
1154 1481 1297 1536 instituere
1314 1481 1415 1550 possit:
1438 1487 1468 1537 et
1485 1497 1539 1554 ego
1557 1489 1626 1555 puto
1645 1495 1672 1536 ts

187 1573 271 1627 etiam
295 1573 385 1642 ipsum
408 1571 551 1626 instituere
574 1586 670 1640 posse,
695 1572 718 1626 ei
742 1587 797 1627 non
821 1573 879 1642 agri
903 1575 1010 1642 partem
1034 1569 1215 1626 necessariam
1233 1569 1297 1624 huic
1314 1569 1354 1624 rei
1371 1575 1557 1641 occupaturus
1574 1578 1626 1628 est

187 1658 302 1731 proinde
319 1673 406 1714 nenas
425 1673 533 1728 quoque
550 1659 757 1730 lapidicinarum
776 1665 805 1715 et
815 1659 971 1715 huiusmodi
983 1659 1153 1713 metallorum
1166 1657 1302 1726 inquirere
1313 1658 1429 1727 poterit:
1447 1673 1514 1728 ergo
1525 1663 1556 1714 et
1566 1660 1626 1715 auri

189 1752 218 1803 et
235 1747 342 1816 argenti
360 1751 389 1800 et
406 1748 524 1816 sulpurie
542 1753 571 1802 et
588 1749 660 1802 aeris
678 1753 707 1801 ct
723 1747 788 1802 ferri
806 1753 834 1802 et
852 1751 1004 1802 ceterorum
1022 1744 1130 1800 fodinae
1148 1747 1192 1801 uel
1207 1762 1276 1816 quas
1288 1751 1367 1817 pater
1378 1746 1496 1802 familias
1506 1747 1627 1804 instituit

188 1850 316 1890 exercere
333 1835 433 1904 poterit
457 1835 501 1889 uel
525 1835 584 1905 ipee
601 1835 757 1904 instituere,
779 1835 803 1889 si
821 1835 884 1890 nihil
904 1835 1086 1905 agriculturae
1104 1833 1222 1889 nocebit.
1255 1839 1284 1890 et
1301 1835 1325 1890 si
1342 1833 1413 1890 forte
1430 1835 1459 1889 in
1476 1833 1530 1890 boc
1551 1835 1627 1904 quod

188 1923 306 1980 instituit
329 1923 392 1992 plus
414 1921 519 1977 reditus
542 1923 578 1977 sit
602 1939 683 1992 quam
707 1924 735 1978 in
759 1924 847 1978 uineis
869 1924 913 1978 uel
936 1923 1055 1978 arbustis
1077 1923 1122 1976 uel
1146 1922 1253 1978 oliuetis
1276 1937 1347 1992 quae
1364 1921 1488 1992 fuerunt,
1511 1920 1626 1978 formum
1644 1933 1672 1974 rc

155 2015 170 2062 e
188 2011 270 2066 etiam
289 2010 357 2065 haec
375 2009 483 2065 deicere
501 2011 609 2080 poterit,
629 2012 653 2066 ei
671 2011 781 2081 quidem
800 2012 826 2066 ei
844 2012 1009 2081 permittitur
1021 2011 1164 2066 meliorare
1175 2011 1380 2080 proprietatem.
1407 2009 1543 2066 stamen
1554 2025 1627 2081 quas

188 2099 307 2154 instituit
324 2097 543 2153 usufructuarius
561 2102 610 2153 aut
628 2099 732 2153 caelum
751 2103 926 2169 corrumpant
943 2099 1002 2167 agri
1020 2101 1069 2152 aut
1086 2113 1216 2166 magnum
1235 2101 1396 2167 apparatum
1414 2098 1470 2152 sint
1486 2097 1626 2154 desidera·

187 2191 250 2242 true
274 2185 402 2255 opificum
421 2184 491 2240 forte
509 2186 554 2240 uel
571 2186 736 2256 legulornm,
760 2202 831 2256 quae
849 2201 903 2241 non
921 2189 1014 2256 petest
1030 2186 1166 2241 sustinere
1182 2185 1391 2255 proprietarius,
1414 2200 1470 2242 uon
1487 2183 1627 2242 uidemur

187 2275 240 2329 uiri
259 2273 323 2329 boni
342 2273 475 2329 arbitratu
492 2272 560 2328 frui:
579 2273 629 2328 sed
647 2289 698 2328 nec
716 2271 869 2329 aedificium
888 2273 999 2343 quidem
1015 2275 1169 2344 positurum
1180 2274 1208 2328 in
1219 2272 1313 2342 fundo,
1330 2273 1382 2328 nisi
1394 2273 1468 2343 quod
1487 2259 1626 2349 Q

155 2365 169 2411 l
188 2361 224 2416 ad
248 2361 367 2418 fluctum
391 2361 597 2431 percipiendum
621 2363 804 2417 neceesarium
828 2363 872 2416 eit
909 2361 964 2418 Sed
983 2363 1006 2417 si
1024 2362 1134 2421 aedium
1151 2377 1220 2417 ueue
1236 2359 1342 2416 fructu
1359 2361 1467 2431 legatus
1485 2363 1530 2431 sit,
1550 2357 1627 2446 Q}
1645 2371 1672 2414 ss

188 2451 281 2506 Nerua
303 2448 376 2504 fillue
400 2455 429 2503 et
452 2450 556 2504 lumina
577 2450 723 2504 immittere
740 2465 809 2513 eum
832 2463 915 2518 posse
937 2451 989 2504 ait:
1012 2449 1062 2504 sed
1085 2455 1114 2504 et
1135 2450 1241 2506 colores
1258 2454 1287 2504 et
1303 2450 1426 2520 picturas
1443 2454 1473 2505 et
1490 2467 1628 2508 marmora

188 2539 290 2609 poterit
308 2543 336 2592 et
353 2537 443 2607 sigilla
454 2543 483 2591 et
494 2537 518 2591 ei
530 2537 596 2606 quid
615 2537 650 2591 ad
669 2537 766 2592 domne
785 2541 919 2592 ornatum.
947 2536 997 2592 sed
1014 2552 1103 2607 neque
1121 2537 1228 2592 diaetas
1245 2536 1439 2594 transformare
1456 2539 1502 2594 nel
1514 2540 1626 2595 coniun-

188 2641 254 2696 gere
278 2629 326 2680 eut
349 2639 475 2694 separare
498 2625 524 2679 ei
547 2625 733 2694 permittetur,
757 2627 801 2679 uel
824 2625 915 2680 aditus
933 2625 1089 2694 poeticeaue
1106 2631 1228 2696 uertere,
1250 2626 1296 2682 uel
1313 2624 1420 2696 refugia
1437 2625 1557 2698 aperire,
1581 2629 1627 2684 uel

189 2714 288 2768 atrium
306 2717 425 2782 mutare,
450 2712 495 2767 uel
517 2711 647 2767 uirdiaria
670 2713 706 2766 ad
730 2712 812 2768 alium
836 2713 947 2768 modum
966 2718 1138 2768 conuertere:
1162 2715 1287 2770 excolere
1304 2714 1377 2770 euim
1394 2714 1469 2784 quod
1486 2701 1627 2791 Q

188 2801 295 2856 inuenit
316 2805 409 2870 potest
431 2800 563 2870 qualitate
586 2799 694 2854 aedium
719 2815 773 2854 nou
795 2801 946 2856 immutata
982 2801 1048 2856 item
1066 2801 1159 2858 Nerua
1175 2817 1250 2872 eum,
1273 2803 1319 2857 cui
1336 2801 1445 2858 aedium
1463 2817 1531 2858 usus
1564 2815 1626 2877 (tp.)
1645 2813 1675 2854 ao

189 2887 295 2944 fructus
312 2889 422 2957 legatus
440 2887 484 2957 sit,
503 2888 584 2942 altine
602 2887 696 2942 tollere
715 2903 768 2942 non
786 2903 877 2958 posse,
896 2890 1022 2958 quamuis
1038 2889 1142 2944 lumina
1159 2905 1214 2945 uon
1231 2889 1420 2960 obscurentur,
1438 2891 1504 2960 quia
1520 2897 1626 2950 lectum

190 2977 280 3046 magis
302 2975 442 3031 turbetur:
466 2975 540 3044 quod
557 2973 651 3030 Labeo
674 2975 757 3030 etiam
781 2977 810 3030 in
833 2977 1006 3045 proprietatis
1031 2976 1141 3033 domino
1164 2976 1266 3033 ecnbit
1302 2976 1375 3033 idem
1393 2979 1486 3034 Nerua
1507 2981 1625 3038 neceb

155 3067 170 3113 e
190 3069 294 3119 struere
313 3079 376 3118 eum
393 3077 485 3132 posse.
512 3063 582 3118 Item
600 3063 625 3117 si
643 3062 740 3118 domus
759 3079 826 3119 usus
843 3063 948 3120 fructus
959 3066 1067 3135 legatus
1079 3067 1124 3134 ait,
1142 3066 1346 3122 meritoriaillic
1357 3065 1447 3122 facere
1458 3066 1626 3126 furdomum

188 3165 243 3206 non
267 3151 350 3206 debet
372 3166 423 3206 nec
446 3166 495 3220 per
518 3151 649 3206 cenacula
669 3151 792 3206 diuidere
816 3152 941 3206 domum:
965 3154 1060 3222 atquin
1083 3154 1173 3208 locare
1195 3159 1300 3222 potest,
1323 3153 1374 3210 scd
1390 3155 1530 3226 oportebit
1546 3159 1627 3226 quasi

188 3239 300 3294 domum
319 3239 418 3294 locare.
446 3253 497 3294 neo
515 3238 653 3294 balineum
672 3237 709 3294 ibi
727 3238 882 3295 faciendum
902 3245 953 3295 eat.
981 3241 1054 3310 quod
1072 3245 1165 3296 autem
1183 3241 1250 3296 dicit
1266 3243 1405 3298 mentoris
1421 3258 1476 3298 nou
1487 3243 1626 3304 facturum
1644 3255 1673 3297 ts

188 3327 228 3382 ita
248 3327 343 3396 accipe
361 3341 431 3395 quee
450 3326 533 3395 uolgo
550 3325 709 3381 deuersoria
724 3328 771 3382 uel
788 3321 918 3383 trudonica
935 3329 1081 3398 appellant.
1108 3343 1162 3398 ego
1179 3329 1299 3399 quidem,
1317 3335 1346 3385 et
1360 3332 1384 3385 si
1395 3330 1533 3387 balineum
1550 3333 1626 3389 sitin

188 3414 271 3470 domo
295 3413 392 3469 usibus
415 3413 558 3469 dominicis
583 3414 691 3469 solitum
716 3429 815 3470 uacare
837 3415 866 3470 in
888 3415 984 3471 intime
1000 3421 1077 3485 parte
1095 3416 1193 3471 domus
1210 3417 1256 3472 uel
1274 3418 1344 3473 iuter
1361 3417 1468 3474 diaetas
1485 3434 1626 3490 amoenas,

187 3516 243 3557 uon
264 3505 340 3557 reete
357 3516 409 3556 uec
427 3517 462 3556 ex
479 3500 544 3557 boni
561 3501 614 3556 uiri
631 3501 764 3558 arbitratu
782 3501 933 3573 facturum,
952 3503 976 3558 si
993 3503 1022 3558 id
1039 3504 1129 3559 locare
1148 3504 1276 3574 coeperit,
1294 3510 1327 3560 ut
1342 3505 1450 3576 publice
1467 3507 1552 3577 lauet
1570 3523 1627 3564 noo

188 3605 370 3677 FleVLUd

188 3763 204 3818 1
246 3761 292 3832 uo]
317 3763 353 3815 Ρ
377 3783 433 3846 ινφ
456 3763 506 3818 BS
529 3761 662 3834 (διερὴν
686 3763 725 3818 cic
747 3765 781 3827 τί,
806 3765 880 3834 quod
905 3815 906 3824 ,
933 3765 1205 3850 231ομ1οιιιιιι12ζίρ
1253 3765 1630 3838 oran,figulorumPL⁶U

187 3832 226 3885 Ρ
255 3831 350 3916 lfLUl
366 3833 446 3901 acuo]
461 3833 597 3888 actionem
608 3833 648 3886 P·
664 3834 668 3900 Ι
684 3834 879 3902 respondit...
933 3837 968 3890 25
992 3842 1028 3890 srt
1049 3835 1099 3891 sed
1123 3837 1146 3890 si
1222 3837 1277 3892 ium
1301 3857 1350 3892 om.
1364 3839 1400 3892 Ρ
1421 3841 1426 3905 l
1445 3839 1569 3909 legatum
1588 3841 1624 3894 Ρ

187 3903 341 3958 amneio
352 3905 400 3956 Ρ·
445 3903 658 3973 ildeoletideo
670 3903 793 3972 PVLUl
809 3905 880 3960 erbi-
933 3907 968 3960 26
986 3906 1097 3975 lumina]
1116 3908 1144 3971 F,
1162 3907 1255 3962 limina
1272 3907 1387 3974 PVLU,
1406 3911 1485 3972 odra
1502 3909 1529 3964 Β
1550 3911 1555 3974 Ι
1576 3909 1625 3966 im-

186 3976 260 4028 trata
271 3974 307 4026 Ρ
325 3975 329 4040 Ι
344 3973 446 4042 utatur]
459 3974 514 4038 FL,
532 3979 626 4030 utatur
644 3978 672 4028 et
686 3971 791 4028 fruatur
803 3975 883 4029 PVU
933 3977 1048 4045 mittere]
1069 3977 1216 4032 —mittere
1232 3985 1318 4048 spatio
1332 3987 1390 4034 onte
1403 3981 1431 4032 ld
1442 3999 1524 4034 meno
1537 3983 1626 4036 relicto

187 4044 278 4098 3uon
296 4042 420 4098 nubserit
436 4043 473 4096 Ρ
519 4043 672 4099 4ᾱίοοιιᾱο
690 4044 726 4096 Ρ
768 4045 879 4100 biulia-
933 4045 968 4098 F¹
985 4049 989 4112 Ι
1005 4047 1244 4103 ιιιιιιιιιιοιιΡ
1281 4049 1315 4102 22
1334 4047 1430 4104 domas
1443 4050 1479 4103 Ρ
1515 4051 1552 4105 28
1567 4051 1623 4119 autl

187 4113 248 4182 nus]
267 4113 340 4168 idem
352 4113 403 4166 Ρι
422 4117 500 4185 leyen·
513 4115 572 4168 dinc
585 4123 631 4168 luc.
644 4115 755 4181 F¹PVl
770 4115 877 4184 octauo}
932 4117 977 4170 uel
995 4117 1053 4182 PU,
1071 4117 1157 4171 cond
1173 4120 1177 4184 Ι
1193 4118 1374 4188 permittetur]
1387 4119 1441 4184 FL,
1458 4121 1627 4190 permittitur

186 4183 234 4237 iliu
254 4184 285 4248 L,
304 4202 352 4236 om.
365 4183 419 4237 PU
467 4183 643 4253 linquid?¹
660 4185 664 4251 Ι
680 4184 725 4252 ad]
743 4199 777 4239 ne
790 4185 826 4239 ad
839 4186 878 4239 P·
931 4185 1304 4258 PVUlpoetio‘t'asueFtl
1326 4191 1529 4260 uertere1F1P,
1548 4207 1625 4248 euer-

189 4253 223 4307 10
241 4261 325 4307 usule⁴
338 4251 442 4308 fructum
460 4255 498 4305 Ρ
544 4256 577 4308 11
596 4255 878 4322 neque...excidere
931 4257 1101 4312 tereF’LU:
1120 4257 1168 4312 ric
1186 4259 1284 4313 ιιιίτιι
1298 4261 1445 4316 emarcuit
1460 4259 1475 4313 i·
1490 4261 1537 4317 ric
1556 4263 1625 4319 cici·
1690 4277 1691 4280 ’

188 4340 236 4374 om.
249 4323 292 4390 Pl
308 4323 419 4378 uillam
431 4323 468 4375 Ρ
514 4325 548 4378 12
566 4325 758 4394 uoluptarium]
771 4325 878 4390 F’LU0‚
932 4336 997 4390 anre
1019 4329 1058 4394 (ld
1075 4336 1113 4382 est
1129 4327 1255 4384 cubicula
1272 4329 1434 4386 introitusue
1454 4333 1623 4402 mutare),i

187 4393 328 4462 uoluptate
346 4395 391 4458 Ρ,
413 4395 557 4463 uoluptate
575 4414 605 4448 ee
621 4395 747 4462 Hennae)
769 4395 812 4458 U‘,
830 4411 878 4451 uo·
931 4397 979 4451 ric
1002 4399 1157 4468 aprurupr'ac
1179 4398 1291 4464 holtem
1316 4402 1343 4455 ll
1399 4403 1436 4456 30
1458 4401 1565 4458 inuenti
1587 4405 1624 4457 Ρ
1680 4411 1682 4438 ³

186 4462 352 4530 luptultl'fllm
370 4465 434 4518 PV:
453 4463 481 4518 'tlt
499 4466 554 4517 τῶιι
574 4463 644 4518 'curre
661 4465 719 4518 ιιῶκ
733 4465 824 4519 τόπωκ
843 4467 877 4532 Β,
932 4469 965 4522 31
985 4472 1085 4522 tectum
1103 4470 1140 4522 Ρ
1193 4471 1230 4526 32
1251 4471 1444 4556 propriata&
1465 4473 1493 4524 F
1507 4475 1512 4536 Ι
1532 4473 1626 4530 obser·

187 4531 226 4586 tul
259 4533 370 4601 repanda
403 4534 485 4588 τὸιτοι
518 4536 568 4606 Ep.
598 4537 602 4601 Ι
652 4533 876 4607 cumbulationes]
931 4553 996 4592 uere
1023 4539 1059 4590 Ρ
1142 4541 1178 4594 33
1210 4539 1352 4596 dominns
1376 4543 1415 4595 Ρ
1495 4543 1531 4598 lib
1558 4545 1625 4600 uali-
1670 4559 1673 4597 l

187 4601 429 4670 dcaetipulatioues
441 4605 477 4656 Ρ
515 4607 549 4658 13
561 4603 724 4660 deiecereF
755 4608 788 4660 15
800 4607 877 4662 bere-
931 4623 1011 4662 neum
1035 4609 1070 4661 Ρ
1130 4611 1166 4665 36
1188 4611 1327 4680 accipe're'
1351 4612 1397 4676 Ρ,
1421 4612 1547 4682 accipere
1569 4615 1625 4684 Vl

186 4670 324 4727 nifudiuas
337 4674 374 4726 Ρ
411 4675 443 4728 17
455 4673 631 4730 hiusmodiP
667 4677 700 4730 18
713 4676 848 4746 sulphuris
857 4681 884 4752 s
930 4678 992 4747 ego]
1012 4693 1046 4733 eo
1065 4679 1124 4748 Ρ·Ι
1144 4681 1282 4737 uelineum
1298 4683 1347 4735 Ρ
1400 4683 1435 4738 el
1453 4679 1626 4740 ‘in'domini·
1660 4691 1664 4753 l

187 4743 222 4797 20
239 4743 339 4797 uinetis
356 4743 480 4811 PVLUl
495 4745 603 4799 aliuetie
622 4747 657 4798 Ρ
705 4747 739 4800 21
759 4746 875 4818 deicere]
930 4749 971 4804 cis
997 4749 1035 4801 Ρ
1059 4751 1064 4816 l
1088 4751 1197 4820 uacare]
1224 4753 1315 4808 ualere
1341 4753 1379 4805 Ρ
1404 4754 1416 4822 Ι·
1433 4751 1560 4810 dinetus
1587 4756 1627 4809 Ρ

186 4811 360 4869 deieceritffl
377 4815 382 4882 Ι
397 4815 609 4886 propriaetatem
621 4817 646 4869 F
677 4817 712 4870 22
725 4819 828 4873 caelum
840 4819 876 4871 Ρ
931 4819 966 4873 38
983 4818 1124 4889 public'a'e
1142 4822 1181 4875 Ρ
