3652 5362
235 154 355 224 XXVII
376 156 396 223 9
415 161 491 218 5-1
866 209 867 218 .
915 145 1003 230 810
1349 173 1396 222 uu
1418 174 1537 224 anuos
1562 173 1698 225 nonunt

234 313 331 370 debuit
348 313 486 370 uenditio:
510 315 644 384 namquo¹
663 327 718 368 nou
736 323 798 368 esse
816 312 890 368 utam
908 311 949 367 eis
967 311 1152 368 distractionis
1169 311 1310 370 tributam.
1337 317 1365 369 et
1383 312 1447 370 ideo
1467 315 1601 384 praetori
1620 313 1695 372 arhi-

233 405 316 459 trium
333 403 417 459 huius
434 403 474 458 rei
493 407 605 458 senatus
623 401 714 472 dedit,
739 401 817 458 ouius
841 399 932 457 ollioio
954 400 983 456 in
1005 401 1100 471 primis
1122 400 1175 458 hoe
1192 402 1321 458 oouueuit
1338 406 1484 474 excutere,
1509 420 1548 460 an
1573 403 1694 460 aliunde

233 494 322 564 possit
338 492 456 563 peounia
474 491 509 546 ad
527 491 731 547 extenuandum
750 505 798 546 aes
816 491 934 546 alienum
952 487 1084 559 expediri.
1111 505 1244 561 quaerere
1261 505 1327 561 ergo
1351 491 1447 563 debet,
1471 509 1511 550 an
1534 494 1692 564 pwuniarn

233 583 352 653 pupillus
370 579 471 636 babeat
488 581 534 636 uel
551 581 580 636 ln
597 583 741 636 numerato
759 580 803 636 uel
821 580 849 635 lu
868 578 1032 649 nominibus,
1051 594 1122 650 quae
1141 580 1282 636 oonueniri
1298 586 1421 652 possum,
1440 583 1488 638 uel
1501 583 1531 638 in
1544 581 1691 640 lrnehbns

233 671 351 727 eonditis
375 671 420 725 uel
442 670 526 724 etiam
544 670 573 725 in
591 669 729 724 redituum
748 683 798 740 spe
817 675 900 739 atque
918 667 1120 724 oboentlonum.
1148 669 1214 724 item
1232 670 1365 740 requirat,
1384 686 1450 726 nom
1468 671 1543 726 aliae
1564 687 1615 728 res
1633 673 1721 728 sime

232 765 342 830 praeter
363 758 488 829 praedia,
513 773 584 830 quae
608 757 722 814 distrahi
744 759 866 828 possint,
891 772 926 814 ex
949 771 1066 826 quorum
1089 757 1178 827 pretio
1196 757 1253 814 seri
1270 759 1359 814 alieno
1377 757 1507 816 satisfieri
1525 762 1632 830 possis
1664 762 1690 818 si

231 848 318 918 igitur
334 847 545 916 deprehenderit
562 863 617 904 non
634 863 716 917 posse
735 847 844 903 aliunde
862 846 968 902 exsolui
986 861 1068 915 quam
1087 859 1123 901 ex
1140 847 1312 916 praediorum
1329 847 1518 920 dlstrsotione,
1537 855 1613 926 tuno
1625 865 1688 921 per·

233 937 324 992 mittet
341 935 463 1006 distrahi,
481 937 505 992 si
523 936 605 992 modo
624 941 742 1006 urgueat
759 936 878 991 oreditor
895 939 944 990 aot
961 949 1105 990 usurarum
1124 933 1222 990 modus
1240 936 1391 1005 parendum
1409 939 1467 994 aeri
1486 939 1603 996 alieno²
1622 956 1687 997 sua·

185 1033 214 1078 ιο
233 1025 305 1080 deat.
333 1025 410 1080 Idem
428 1031 539 1095 praetor
557 1025 704 1082 aestimare
722 1024 841 1095 debebit,
860 1029 951 1081 uuum
970 1022 1091 1080 uendere
1108 1025 1201 1095 potius
1220 1041 1256 1082 an
1267 1025 1389 1096 obligare
1400 1028 1548 1097 permittat
1559 1044 1617 1084 neo
1629 1045 1688 1088 non

231 1114 298 1170 illud
320 1113 466 1183 uigilantes
488 1113 658 1184 obseruare,
673 1129 708 1170 ne
730 1115 792 1184 plus
815 1114 966 1184 aeoipiatur
986 1111 1038 1167 sub
1056 1111 1224 1182 obligatione
1242 1115 1414 1185 praediorum
1432 1114 1572 1187 faenoris,
1597 1135 1686 1189 qnam
1704 1128 1731 1167 1⁰

231 1202 305 1274 quod
323 1219 392 1272 opus
410 1204 447 1259 sit
465 1203 499 1258 ad
518 1203 680 1260 soluendum
699 1218 747 1259 aes
765 1203 897 1258 alienum:
922 1203 987 1260 aut⁸
1005 1201 1211 1260 distrahendum
1229 1203 1413 1275 arbitrabitur,
1431 1220 1467 1260 ne
1485 1212 1608 1278 propter
1625 1223 1686 1264 mo·

231 1292 322 1348 dioum
341 1307 388 1347 aes
406 1293 524 1348 alienum
542 1309 643 1362 magna
659 1292 800 1362 possessio
818 1291 993 1362 distrahatur,
1012 1290 1078 1346 sed⁴
1090 1291 1113 1346 ai
1131 1292 1168 1346 sit
1185 1292 1239 1348 alla
1255 1293 1394 1362 possessio
1413 1295 1504 1350 minor
1521 1297 1570 1352 nol
1590 1297 1685 1354 minus

184 1391 212 1435 11
231 1381 323 1437 utilior
339 1381 451 1451 pupillo,
469 1381 558 1452 magis
576 1396 637 1438 eam
655 1381 750 1438 iubere
767 1381 882 1438 distrald
900 1397 982 1450 quam
1000 1379 1131 1436 maiorem
1146 1385 1175 1437 et
1187 1382 1331 1438 utiliorem.
1358 1383 1390 1438 In
1401 1383 1498 1453 primis
1510 1384 1602 1454 igliur
1613 1402 1684 1456 qno·

231 1471 303 1526 tiens
321 1469 492 1526 desideratur
510 1469 609 1556 abeo,
632 1475 664 1526 ut
681 1471 803 1526 remittat
821 1469 949 1540 distrahi,
967 1470 1106 1540 requirere
1124 1469 1209 1526 dehet
1226 1486 1297 1542 eum,
1316 1472 1363 1542 qui
1380 1487 1411 1528 se
1429 1473 1552 1530 instruat
1572 1475 1609 1531 de
1627 1475 1683 1532 for·

231 1559 305 1614 tonis
322 1559 427 1629 pupilli,
445 1573 496 1614 neo
514 1560 627 1615 nimium
641 1559 779 1616 tutoribus
791 1559 835 1616 uel
847 1559 1020 1616 curatoribus
1032 1559 1153 1630 eredere,
1171 1561 1218 1629 qui
1230 1576 1433 1630 nonnumquam
1445 1563 1516 1618 lueri
1527 1565 1577 1620 sui
1589 1567 1684 1635 grstia
1701 1574 1726 1614 ¹⁶

231 1648 395 1730 adseuerme
417 1648 536 1717 praetori
551 1649 648 1704 solent
670 1663 784 1704 neeesse
807 1663 869 1704 esse
893 1647 1007 1704 distrahi
1032 1649 1220 1720 possessiones
1244 1651 1289 1706 nel
1310 1649 1433 1720 obhgeri.
1465 1653 1596 1722 requirat
1612 1669 1683 1725 ergo
1775 1646 1779 1655 “

179 1755 189 1766 ¹
230 1736 514 1806 neeessariospupllli
530 1737 576 1793 nel
593 1741 721 1808 parentes
740 1735 751 1810 ΙΙ
769 1738 815 1794 uel
832 1736 945 1792 libertos
963 1737 1069 1808 aliquos
1087 1736 1183 1795 fideles
1200 1738 1246 1794 nel
1263 1753 1345 1809 quem
1363 1740 1460 1809 alium,
1479 1741 1530 1810 qui
1548 1744 1681 1800 notitiam
1697 1741 1762 1796 lest

229 1841 320 1882 rerum
336 1827 511 1897 pupillariunr
529 1825 621 1896 habet,
643 1832 698 1898 aul,
717 1828 740 1882 si
758 1842 839 1883 nemo
858 1826 1013 1883 inueniatur
1031 1831 1080 1882 aut
1098 1828 1219 1899 suspeeti
1236 1827 1292 1882 sint
1309 1827 1355 1897 qui
1373 1828 1564 1901 inueniuntur,
1583 1833 1682 1890 iubere

230 1913 313 1972 debet
331 1915 376 1971 edi
393 1917 513 1972 rationes
531 1917 652 1986 itemque
670 1917 803 1988 synopsin
821 1915 954 1972 bonorum
972 1916 1155 1988 pupillarium,
1174 1917 1395 1986 adnotatumque
1412 1918 1518 1988 pupillo
1534 1920 1614 1992 dare,
1633 1924 1681 1992 qui

181 2012 212 2058 ta
229 2005 363 2060 instruere
380 2005 468 2076 possit
485 2005 620 2075 praetoris
637 2006 809 2075 religionem,
835 2021 870 2060 an
888 2004 1026 2060 adsentire
1044 2005 1197 2062 uenditioni
1214 2006 1259 2061 uel
1277 2004 1437 2075 obligationi
1455 2007 1570 2066 debeat.
1607 2011 1681 2068 Illud
1697 2022 1723 2062 ιι

229 2095 324 2164 quaeri
347 2098 452 2165 potest,
476 2094 500 2149 si
523 2099 635 2164 praetor
658 2093 749 2150 aditus
766 2094 921 2165 permiserit
938 2093 1053 2150 distrahi
1071 2095 1272 2165 possessionem
1290 2093 1501 2168 prouincialem,
1527 2115 1567 2156 an
1585 2101 1682 2158 ualest

229 2183 303 2253 quod
325 2181 399 2238 feeit.
432 2187 460 2238 et
482 2187 577 2253 putem
599 2183 705 2239 ualere:
728 2183 752 2240 si
775 2183 859 2240 modo
882 2183 970 2239 tutela
987 2183 1092 2240 Romae
1113 2183 1248 2254 agebatur
1264 2189 1293 2240 et
1310 2183 1338 2240 bi
1356 2189 1462 2244 tutores
1481 2201 1547 2242 eam
1567 2205 1682 2260 quoqne

182 2279 210 2325 lo
228 2272 492 2328 administrationem
515 2271 665 2328 subierant
702 2272 743 2328 Ne
767 2277 859 2328 umen
882 2272 961 2328 titulo
985 2275 1067 2328 mnus
1087 2276 1194 2328 tutores
1217 2287 1281 2329 aare
1303 2273 1391 2330 aheno
1415 2275 1539 2345 allegato
1558 2280 1682 2348 poeonia

228 2361 378 2418 abutantur
395 2377 477 2432 quam
495 2365 618 2417 mutuam
638 2365 811 2432 aeceperunt,
830 2359 968 2432 oportebit
985 2365 1139 2430 praetorem
1158 2377 1262 2432 oorare,
1280 2367 1312 2418 ot
1328 2364 1445 2433 peouuia
1457 2373 1579 2436 aeoepta
1591 2369 1681 2424 oredi-

228 2449 334 2506 toribus
351 2451 475 2506 soluatur
492 2455 521 2505 st
537 2449 572 2504 de
590 2449 643 2506 hoo
660 2449 808 2506 decernere
826 2449 946 2521 dareque
964 2451 1107 2522 uiatorem,
1125 2452 1172 2522 qui
1190 2452 1216 2506 oi
1234 2453 1372 2508 renuntiet
1382 2454 1531 2523 peeuniam
1544 2456 1631 2514 istam
1644 2457 1680 2514 ad
1697 2469 1722 2510 ιι

181 2547 211 2593 14
227 2539 281 2595 hoo
303 2554 478 2610 sonuersam,
502 2543 614 2610 propter
635 2539 710 2609 quod
733 2538 890 2596 desiderata
913 2544 956 2596 est
976 2540 1105 2597 dienatlo
1123 2540 1168 2596 uel
1185 2540 1326 2610 obligatio.
1363 2539 1393 2598 Si
1411 2557 1459 2600 aas
1478 2544 1604 2602 ahenum
1623 2563 1680 2604 non

227 2629 406 2700 interueniat,
430 2631 536 2684 tutores
559 2631 653 2684 emen
677 2628 796 2698 allegent
818 2629 949 2700 expedire
973 2628 1042 2684 haee
1061 2629 1175 2700 praedia
1192 2629 1312 2686 uendere
1329 2633 1358 2685 et
1375 2631 1420 2686 uel
1438 2631 1494 2687 alla
1512 2647 1680 2706 eomparare

228 2719 273 2774 uel
297 2723 372 2774 nerto
391 2719 452 2774 istis
470 2733 576 2788 oarere,
600 2717 749 2773 uidendum
768 2723 823 2788 est,
846 2735 882 2774 an
899 2725 1010 2790 praetor
1027 2719 1067 2774 eis
1085 2718 1186 2775 debeat
1202 2720 1369 2788 permittere.
1401 2723 1430 2774 et
1448 2722 1541 2791 magis
1561 2731 1621 2795 est,
1644 2740 1680 2782 ne

227 2809 329 2880 possit:
352 2807 472 2878 praetori
495 2807 568 2862 enim
586 2821 642 2862 uon
658 2805 774 2862 liberum
792 2806 933 2864 arbitrium
953 2809 1047 2864 datum
1065 2811 1109 2864 est
1126 2807 1294 2864 distrahendi
1312 2823 1356 2864 res
1373 2809 1543 2880 pupillares,
1569 2813 1623 2870 sed
1640 2815 1680 2870 ita

228 2897 347 2966 demum,
366 2897 390 2953 ai
407 2912 455 2952 aas
473 2895 591 2951 alienum
610 2895 758 2952 immineat.
785 2897 900 2967 proinde
918 2902 947 2953 et
965 2899 988 2954 sl
1005 2897 1161 2969 permiserit
1178 2911 1241 2952 aare
1259 2898 1348 2954 alieno
1360 2913 1415 2954 non
1427 2899 1561 2971 allegato,
1581 2918 1680 2960 eonse-
1696 2914 1720 2956 ss

228 2989 344 3055 quenter
366 2984 490 3040 disemus
512 2985 614 3040 nullam
633 2999 694 3040 esse
712 2985 898 3041 uenditionem
917 2987 1075 3056 nudumque
1093 2986 1246 3042 doersum:
1269 3003 1323 3043 uon
1341 2987 1414 3043 enim
1431 2989 1541 3059 passim
1561 2991 1680 3050 dbtrald
1801 3055 1802 3059 ,

180 3082 209 3129 15
227 3073 321 3130 iubere
339 3074 459 3146 praetori
476 3073 679 3143 tributumest,
698 3074 748 3130 sed
766 3075 805 3130 ita
823 3075 943 3146 demum,
961 3076 984 3131 si
1003 3081 1121 3147 urgureat
1138 3089 1186 3132 aes
1204 3076 1331 3132 alienum.
1357 3077 1452 3132 llanet
1470 3079 1548 3135 aetio
1562 3082 1680 3154 pupillo,

227 3164 251 3218 si
268 3168 366 3234 postea
384 3163 486 3235 poterit
502 3163 613 3234 probari
631 3161 775 3234 obreptum
794 3179 856 3220 esse
873 3166 1002 3235 praetori.
1036 3165 1085 3220 sed
1103 3165 1252 3221 uidendum
1271 3170 1328 3235 est,
1352 3169 1444 3222 utrum
1463 3167 1494 3223 in
1511 3183 1576 3226 rem
1595 3187 1634 3227 an
1652 3173 1681 3228 iu

227 3269 372 3325 personam
391 3252 518 3308 dabimus
538 3253 564 3307 si
582 3253 727 3309 astionem.
762 3259 791 3310 et
808 3253 898 3322 magis
916 3259 972 3325 eat,
995 3259 1027 3310 ut
1044 3255 1072 3309 in
1090 3269 1147 3309 rem
1166 3253 1258 3324 detur,
1276 3269 1332 3310 non
1348 3258 1457 3312 tantum
1476 3257 1505 3312 in
1524 3275 1680 3329 personam

179 3351 209 3398 ts
227 3341 360 3398 duareno
378 3345 484 3397 tutores
501 3341 561 3397 siue
579 3347 727 3398 curatores.
756 3342 918 3398 Communia
934 3343 1048 3414 praedia
1065 3343 1191 3413 aeoipere
1206 3341 1346 3414 debemus,
1365 3343 1389 3400 si
1401 3360 1451 3414 pro
1464 3346 1593 3406 indiuiso
1605 3365 1681 3408 oom-
1698 3362 1723 3404 ss

226 3431 321 3488 munia
339 3432 407 3486 sint:
426 3437 547 3486 osterum
566 3431 590 3486 si
608 3446 657 3501 pro
676 3431 765 3487 diuiso
783 3432 939 3488 eommunia
957 3432 1020 3502 sint,
1039 3437 1165 3487 eesssnte
1182 3433 1305 3490 oratione
1323 3431 1434 3488 deereto
1453 3435 1535 3492 loeus
1555 3440 1620 3496 erit

190 3519 208 3577 6
279 3521 357 3575 lours
374 3518 444 3574 libro
462 3520 583 3576 seeundo
601 3521 636 3576 ds
655 3519 782 3577 omnibus
800 3519 990 3577 tribunalibus.
1021 3519 1077 3576 Sed
1095 3522 1119 3576 si
1136 3519 1207 3578 sorte
1225 3523 1295 3578 alius
1311 3523 1512 3594 proprietatem
1549 3540 1682 3598 maana
1699 3533 1728 3591 s·

226 3607 303 3664 fundi
321 3607 430 3678 habeat,
453 3609 523 3664 alius
541 3624 621 3664 usum
640 3608 767 3680 frustum,
792 3609 881 3679 magis
899 3615 950 3680 est,
968 3613 1000 3666 ut
1018 3615 1109 3666 oesset
1126 3609 1194 3666 haee
1211 3627 1276 3682 pars
1295 3612 1434 3682 orationis,
1456 3629 1533 3683 quae
1553 3607 1682 3677 ds‘dioi·

225 3698 303 3754 sione
320 3698 452 3768 loquitur:
472 3697 547 3753 nulla
564 3699 636 3754 enim
656 3699 810 3754 communio
829 3703 880 3753 est.
1700 3719 1724 3762 ῃ

189 3786 207 3845 7
278 3787 357 3842 lours
374 3786 443 3842 libro
461 3787 603 3856 trigesimo
621 3789 717 3858 quinto
730 3787 765 3843 ad
778 3787 908 3843 edietum.
940 3785 969 3844 Si
985 3787 1150 3858 pupillorum
1163 3789 1219 3844 sint
1230 3789 1385 3845 eommunia
1396 3791 1516 3861 praedia
1536 3789 1718 3878 [Effusas

225 3875 272 3946 qui
291 3875 415 3932 diuersos
433 3881 537 3932 tutores
555 3875 667 3946 habent,
685 3875 837 3946 uideamus,
856 3892 892 3932 an
909 3877 1038 3932 alienatio
1055 3877 1145 3932 looum
1158 3877 1259 3934 babere
1270 3879 1365 3949 possit
1391 3885 1420 3934 et
1432 3895 1497 3936 oum
1512 3871 1683 3953 proir'oo'affo

226 3963 382 4018 neoessaria
400 3966 449 4034 sit,
467 3971 536 4036 puto
554 3966 746 4022 aberrationem
764 3965 904 4036 impediri:
930 3971 1027 4021 neuter
1045 3967 1116 4022 enim
1134 3967 1237 4037 poterit
1253 3983 1419 4038 prouocare,
1439 3970 1491 4024 sed
1511 3973 1600 4030 ambo
1619 3991 1683 4047 pro·

225 4053 399 4108 oooatiouem
418 4065 587 4124 exspeetare.
615 4055 681 4110 item
700 4055 724 4111 sl
742 4055 853 4110 eosdem
871 4059 977 4111 tutores
995 4055 1122 4125 habeant,
1142 4057 1227 4110 multo
1246 4057 1334 4127 magia
1352 4057 1414 4125 quis
1429 4057 1602 4128 impeditam
1617 4065 1682 4121 alie

193 4154 205 4199 1
225 4141 364 4198 nationem
387 4140 470 4198 ditet
507 4141 536 4198 Si
560 4144 681 4213 pupillus
706 4143 783 4200 dedit
802 4144 911 4214 pignori
929 4160 965 4200 ex
981 4144 1117 4216 permissu
1134 4145 1282 4214 praetoris,
1306 4145 1437 4202 nonnulla
1455 4148 1511 4204 erit
1530 4149 1683 4225 dubitatio,

225 4243 261 4285 an
279 4230 407 4287 alienatio
424 4231 514 4301 possit
530 4231 666 4302 impediri.
693 4231 743 4288 ssd
761 4232 908 4288 dicendum
927 4238 970 4290 est
987 4249 1069 4304 posse
1086 4233 1250 4290 oreditorem
1267 4234 1311 4290 ius
1329 4249 1409 4290 suum
1428 4240 1568 4308 exsequi:
1592 4244 1683 4300 tutius
1699 4251 1723 4292 as

223 4327 442 4398 HWDQEIO)

226 4459 367 4530 ²expedit
385 4470 432 4516 ins.
504 4461 682 4518 'terendum
701 4463 789 4519 alieno
808 4465 843 4531 (a.
858 4463 907 4532 i.)?
977 4463 1055 4522 ¹triti
1073 4473 1120 4520 ins.
1191 4463 1271 4520 ⁴sed
1289 4466 1335 4519 del.

224 4585 242 4640 5
263 4583 469 4656 obueutionum]
493 4585 585 4640 WDE
607 4587 645 4652 (iss
668 4596 784 4660 marytres
806 4603 834 4657 p.
851 4602 917 4644 oen·
971 4608 1019 4644 om.
1033 4589 1062 4644 D
1081 4597 1106 4644 st
1123 4597 1200 4661 iosp.
1212 4609 1268 4644 aar.
1281 4589 1299 4643 l
1312 4589 1415 4660 (postea
1433 4599 1463 4646 ira
1482 4613 1514 4649 so
1527 4605 1621 4670 spatio
1632 4621 1682 4657 aar.

224 4655 727 4760 (ῙίθὶθῦῑῑῐῦΗθιθῦὓθῦᾶῑῒῖῖὓῦῐῦω
763 4660 916 4744 equarum]
971 4685 1020 4734 est:
1039 4678 1073 4733 al.
1087 4678 1174 4747 inops.
1188 4667 1294 4746 sindpin
1313 4685 1431 4748 strupra
1445 4681 1497 4738 boo
1516 4689 1603 4754 grad:
1624 4697 1681 4744 uasa

224 4727 285 4790 31⁶2
314 4742 429 4812 quorum
457 4728 629 4794 FWDQIO
685 4730 707 4814 8,
731 4745 787 4784 ²0¹¹
815 4749 866 4814 ⁰m2
880 4731 918 4784 F'
972 4757 998 4802 ln
1015 4757 1146 4820 mospius:
1165 4749 1204 4803 sit
1222 4755 1266 4802 ost
1282 4749 1311 4802 lu
1328 4746 1399 4803 libro
1418 4751 1509 4824 Rog.:
1531 4759 1682 4817 alelmo

227 4797 261 4852 13
279 4800 432 4854 utu-liorem
452 4801 488 4853 P
542 4800 917 4870 19synops1nls'vt3s1m-
970 4819 1016 4882 sit)
1077 4820 1112 4873 qq
1139 4820 1276 4888 pmffl
1298 4817 1332 4871 ps
1394 4821 1433 4876 35
1461 4829 1618 4886 emtione
1646 4833 1684 4886 f,

225 4869 327 4923 norsini
346 4871 373 4923 E
388 4873 528 4940 (suprascr.
542 4871 671 4939 rationes,
690 4879 715 4924 ιἰι
733 4881 850 4942 mospius
869 4887 915 4942 gg.
970 4888 1111 4959 38qu
1123 4890 1160 4942 ps
1201 4891 1236 4944 43
1249 4895 1431 4959 exspectare
1445 4896 1486 4948 pn
1531 4901 1571 4957 45
1584 4911 1683 4960 m*

226 4937 367 5011 sinospin),
386 4941 410 4995 si
421 4941 501 5012 inops
515 4939 540 5006 Q
556 4941 610 5008 (his
620 4959 701 5015 supro
713 4963 738 4998 a.
748 4939 873 5012 ‘greeae')
887 4943 917 5008 0,
970 4961 1017 5031 quq
1035 4959 1072 5012 pu
