3570 5362
257 194 343 263 VIIII
366 196 387 261 2
406 200 523 257 to-eo
927 187 1015 270 290
1503 210 1551 256 so
1574 207 1690 258 neuen

258 367 311 422 que
328 351 357 406 id
374 348 490 420 probare
507 349 625 420 poesim,
649 351 696 420 qui
712 354 799 406 testes
822 353 939 419 possum
955 364 1010 404 non
1028 362 1090 404 ease
1107 363 1141 404 eo
1158 352 1294 418 tempore,
1317 361 1372 417 quo
1390 345 1515 403 oondteio
1533 347 1640 415 exdtit,
1663 351 1691 401 et

258 441 282 495 si
305 439 460 495 summatim
489 452 519 492 re
541 438 666 508 exposita
689 439 725 494 ad
747 438 930 508 suspicionem
952 435 1069 491 iudinem
1091 436 1240 505 adducam,
1263 434 1379 491 debeam
1401 435 1527 492 sineere:
1550 434 1604 490 sed
1625 438 1690 490 tune

258 527 491 583 condemnationis
504 528 610 583 eraotio
622 528 761 599 competit,
780 543 843 582 oum
854 525 940 588 debili
952 525 1077 582 eondioio
1088 525 1222 582 extiterit:
1240 524 1315 595 quod
1332 525 1355 581 si
1368 522 1507 593 deiecerit,
1526 523 1690 579 eundemne·

257 616 296 671 tio
315 616 402 672 nullas
419 616 492 671 uires
510 615 630 672 babebit.
1267 654 1268 661 ι
1708 627 1720 665 4

199 707 237 764 41
312 703 461 760 Uuursuus
478 703 547 760 libro
564 704 794 775 quadragensimo
812 704 899 774 primo
911 703 947 758 ad
959 702 1100 759 Sabinum.
1128 700 1157 759 Si
1175 703 1237 771 quie
1254 706 1448 761 testamentum
1466 701 1513 758 de·
1532 696 1692 785 Q
1707 707 1724 762 t

257 793 361 863 iuuerit,
380 809 416 848 an
433 793 526 848 damni
544 794 657 849 inierim
676 794 747 855 aetio
766 799 912 863 oompetat,
931 792 1082 849 uideamus.
1115 797 1143 846 et
1160 791 1304 847 Marcellus
1315 791 1389 847 libro
1406 792 1502 861 quinto
1520 789 1690 860 digestomm

258 880 386 936 dubitans
396 887 480 951 negat
491 887 659 951 competere:
677 881 907 952 quemadmodum
919 881 1000 950 enim,
1019 880 1114 951 inquit,
1133 881 1288 935 aestimatio
1304 879 1436 935 inibitur?
1461 894 1515 949 ego
1533 878 1610 949 apud
1628 894 1690 934 enm

257 970 352 1026 notarri
368 971 397 1024 in
414 973 546 1026 testatore
563 970 674 1041 quidem
692 970 744 1026 boe
762 985 823 1026 esse
841 985 945 1039 uerum,
963 970 1029 1039 quia
1046 968 1121 1039 quod
1138 969 1252 1029 interest
1269 969 1328 1024 eius
1349 969 1487 1024 aestimari
1510 982 1566 1023 uon
1590 972 1690 1038 potest,

257 1073 352 1114 uerum
371 1063 462 1114 minen
476 1060 504 1114 in
522 1056 622 1115 herede
639 1060 684 1115 uel
695 1059 834 1129 legatsriia
845 1059 992 1128 diuersum,
1011 1057 1110 1128 quibus
1127 1062 1294 1113 testamenta
1309 1072 1397 1127 paene
1414 1055 1597 1127 ehirograpbs
1618 1060 1689 1111 suut

257 1146 373 1202 ibidem¹
392 1147 535 1203 Menoetius
553 1148 648 1204 soribit
664 1146 845 1218 chirographo
862 1147 953 1204 deleto
970 1152 1125 1218 competere
1143 1146 1213 1215 legis
1230 1145 1357 1216 Aquiliae
1375 1145 1519 1201 actionem.
1552 1144 1604 1200 sed
1621 1144 1727 1200 stairo

258 1236 318 1306 quis
335 1234 444 1296 tabulas
461 1237 618 1292 testamenti
642 1236 716 1307 apud
736 1252 767 1292 se
785 1236 924 1306 depositas
942 1236 1076 1293 deleuerit
1091 1235 1136 1291 uel
1154 1234 1276 1305 pluribus
1294 1235 1484 1305 praesentibus
1501 1235 1614 1304 legerit,
1638 1233 1690 1288 uti·

256 1324 310 1381 lius
328 1329 372 1379 est
388 1324 417 1379 iu
434 1322 537 1380 fautum
555 1326 762 1381 etiniuriarum
779 1326 837 1395 agi,
862 1325 886 1380 si
904 1327 1018 1381 iniurius
1036 1323 1178 1380 bomndae
1195 1339 1280 1379 oausu
1297 1329 1404 1380 seereta
1422 1323 1585 1379 iudiciorum
1604 1321 1689 1392 publi·

203 1413 237 1473 '1
258 1413 339 1467 eauit
366 1413 506 1469 Interdum
523 1415 634 1470 euenire
646 1415 813 1484 Pomponius
830 1414 970 1483 eleganter
987 1415 1034 1484 ait,
1053 1418 1084 1470 ut
1101 1414 1163 1483 quis
1181 1412 1289 1469 tubulas
1307 1412 1424 1468 delendo
1442 1411 1507 1468 furti
1525 1427 1582 1468 non
1598 1418 1690 1467 tenea·

256 1507 315 1571 tur,
337 1501 387 1557 sed
405 1507 512 1558 tentum
531 1503 624 1558 damni
642 1504 769 1573 iniuriae,
792 1508 823 1560 ut
839 1509 908 1574 puta
926 1505 950 1559 si
968 1519 1023 1559 non
1043 1503 1134 1559 animo
1157 1501 1223 1558 furti
1246 1501 1377 1571 fodiendi,
1402 1501 1453 1557 sed
1470 1504 1579 1557 tantum
1598 1500 1690 1556 damni

257 1589 341 1645 dnndi
359 1590 474 1646 deleuit:
492 1608 555 1648 nam
573 1591 639 1648 iurti
657 1608 712 1648 non
729 1592 879 1649 tenebitur:
898 1609 961 1648 oum
973 1590 1046 1648 iaeto
1058 1592 1130 1647 enim
1147 1593 1231 1647 etiam
1249 1592 1369 1646 animum
1385 1589 1455 1645 iuris
1471 1588 1576 1646 surbrm
1595 1589 1689 1659 exigit
1707 1601 1726 1641 ro

199 1683 238 1741 42
309 1679 451 1735 lueremus
471 1679 540 1736 libro
559 1680 787 1750 quadragensimo
811 1685 910 1737 ootauo
934 1681 1112 1750 digestorum.
1145 1680 1197 1746 Qui
1220 1679 1328 1736 tabulas
1351 1680 1508 1735 testamenti
1531 1673 1730 1762 Q&

257 1765 397 1838 depositas
415 1772 464 1823 aut
481 1769 595 1826 alieuius
613 1771 652 1825 rei
670 1771 879 1826 instrumentum
897 1770 937 1824 ita
955 1768 1070 1838 deleuit,
1088 1773 1120 1824 ut
1136 1769 1192 1839 legi
1209 1784 1263 1824 non
1281 1769 1382 1839 possit,
1400 1768 1518 1838 depositi
1535 1770 1646 1824 settene
1663 1773 1691 1823 et

257 1856 293 1911 ad
311 1855 493 1912 exhibendum
511 1863 628 1929 tenetur,
647 1859 712 1929 quia
729 1865 884 1928 corruptam
902 1873 960 1914 rem
975 1858 1125 1915 restituerit
1142 1862 1190 1914 ant
1207 1857 1369 1914 exhibuerit.
1396 1857 1466 1926 legis
1484 1872 1593 1929 quoque
1606 1857 1690 1925 Aqui·

255 1945 309 2001 liae
327 1945 399 2000 aetio
417 1961 452 2002 er
466 1946 562 2002 eadem
576 1963 661 2004 osusa
671 1948 815 2019 eompetit:
834 1948 988 2018 corrupisse
1006 1947 1078 2004 euim
1096 1946 1205 2003 tabulas
1222 1951 1297 2004 reete
1315 1946 1414 2002 dieitur
1431 1946 1525 2015 etqui
1543 1960 1594 2002 eas
1611 1946 1690 2000 iuter·

256 2034 361 2089 ieuerit
765 2080 767 2085 .
1706 2046 1726 2086 u

198 2126 238 2185 43
308 2123 480 2179 Pomorum
498 2124 567 2181 libro
585 2141 657 2182 nono
675 2125 781 2181 deoimo
800 2125 836 2182 ad
850 2125 990 2182 Sabinum.
1019 2123 1060 2180 Ob
1078 2124 1116 2196 iq
1134 2125 1208 2196 quod
1225 2130 1291 2181 ante
1308 2139 1390 2194 quam
1409 2121 1514 2177 heredi·
1533 2115 1721 2206 [ζῶε

256 2217 340 2266 tatem
365 2212 455 2267 adires
484 2211 613 2269 damnum
637 2215 787 2270 admissum
811 2215 839 2271 in
861 2229 906 2270 res
929 2213 1108 2270 hereditariae
1131 2218 1187 2284 est,
1210 2214 1279 2284 legis
1296 2212 1422 2282 Aquiliae
1441 2212 1578 2268 sotionem
1596 2211 1690 2282 habes

256 2299 346 2371 qnod¹
363 2305 427 2372 post
445 2307 560 2358 mortem
579 2304 647 2373 eins,
665 2305 710 2360 oui
726 2303 806 2359 heres
825 2303 871 2374 sis,
891 2303 1034 2359 addiderit:
1058 2302 1197 2360 dominum
1215 2303 1287 2358 enim
1304 2302 1350 2356 lex
1369 2299 1480 2371 Aquilia
1498 2302 1621 2371 appellet
1638 2315 1690 2356 non

256 2390 350 2460 utique
368 2406 440 2462 eum,
459 2393 506 2462 qui
524 2392 697 2463 innotuerit,
716 2409 779 2448 oum
797 2392 927 2448 domum
946 2392 1069 2448 daretur:
1092 2408 1156 2448 nam
1175 2392 1228 2447 isto
1247 2389 1327 2446 modo
1345 2404 1380 2445 ne
1399 2388 1434 2445 ab
1452 2404 1486 2445 eo
1504 2389 1627 2461 quidem,
1648 2389 1691 2445 oui

255 2477 335 2534 heres
353 2480 414 2549 quie
433 2481 491 2551 erit,
510 2482 625 2538 transire
638 2482 674 2537 ad
686 2496 748 2537 eum
761 2496 795 2537 ea
806 2481 878 2536 aetio
889 2482 1004 2551 poterit:
1022 2495 1111 2550 neque
1129 2479 1164 2535 ob
1182 2480 1219 2550 id,
1238 2479 1312 2550 quod
1329 2485 1388 2535 tum
1406 2479 1584 2535 commissum
1602 2477 1690 2547 suerit,
1705 2489 1725 2532 re

256 2582 318 2623 eum
337 2569 365 2624 in
382 2568 501 2625 bostium
519 2574 657 2640 potestate
675 2585 765 2639 esses,
790 2585 872 2639 agere
894 2569 1060 2640 postliminio
1083 2583 1210 2624 reuersus
1232 2569 1348 2638 poteris:
1371 2572 1401 2624 et
1420 2566 1472 2623 hoe
1490 2567 1571 2624 aliter
1589 2562 1690 2652 [Q

256 2657 385 2714 constitui
402 2658 461 2714 sine
479 2675 580 2729 magna
597 2659 724 2730 captione
741 2663 929 2728 postumorum
947 2659 1107 2727 liberorum,
1131 2657 1178 2727 qui
1200 2656 1360 2726 parentibus
1383 2655 1499 2712 heredes
1520 2662 1614 2727 erunt,
1638 2672 1691 2713 nor

255 2747 364 2816 poterit
397 2747 493 2804 eadem
516 2747 639 2806 dioemus
662 2753 691 2803 et
713 2747 748 2804 de
771 2746 915 2804 arboribus
938 2749 1035 2805 eodem
1055 2751 1178 2816 tempore
1196 2743 1289 2802 brrtim
1307 2746 1404 2802 eaesis
1435 2750 1503 2816 pute
1521 2745 1621 2801 eedem
1639 2746 1692 2802 diei

256 2850 338 2906 posse
356 2836 439 2892 etiam
457 2836 492 2892 de
510 2822 562 2892 hae
580 2837 703 2893 astione¹
722 2836 796 2907 quod
818 2837 847 2892 ni
869 2843 919 2892 aut
940 2838 1025 2907 eum,
1051 2838 1075 2892 si
1096 2834 1178 2891 modo
1195 2835 1258 2905 quis
1275 2840 1324 2892 aut
1340 2833 1493 2906 prohibitus
1511 2832 1622 2905 feeerit,
1645 2839 1692 2890 aut

257 2926 414 2995 apperuerit
431 2940 494 2982 enm
512 2926 671 2998 intellegere
688 2924 817 2982 debuisse
835 2924 872 2981 ab
890 2926 943 2995 eis,
962 2925 999 2981 ed
1016 2940 1085 2995 quos
1103 2940 1137 2981 ea
1155 2923 1292 2983 hereditas
1309 2924 1471 2995 pertineret,
1492 2924 1518 2979 ai
1535 2926 1691 2995 rescissent
1707 2934 1728 2975 u

257 3013 422 3084 prohibitum
440 3015 481 3070 iri

201 3103 240 3161 44
312 3101 461 3159 Uumuue
483 3103 552 3160 libro
575 3103 803 3174 quadragensimo
821 3103 942 3160 seeundo
963 3101 974 3176 ΙΙ
992 3101 1028 3158 ad
1046 3100 1186 3158 Sabinum.
1219 3101 1251 3156 ln
1273 3101 1335 3170 lege
1353 3099 1464 3170 Aquilia
1486 3106 1516 3156 et
1532 3096 1692 3186 Q
1707 3105 1722 3161 s
1737 3102 1762 3150 tl

226 3203 238 3248 1
257 3191 397 3248 leuissima
414 3193 496 3263 eulpa
513 3192 597 3248 uenit.
631 3192 762 3259 Quotiens
779 3193 883 3248 soiente
901 3192 1011 3248 domino
1029 3205 1126 3247 seruus
1144 3190 1270 3246 uulnerat
1287 3190 1332 3245 uei
1349 3189 1457 3260 oooidit,
1476 3188 1591 3258 Aquilia
1608 3191 1692 3248 domi·

259 3295 323 3333 num
342 3282 428 3336 teneri
446 3281 559 3338 dubium
578 3298 632 3337 non
651 3285 701 3336 est.
1167 3321 1172 3329 .
1708 3288 1730 3330 ⁸⁴

203 3369 242 3427 45
312 3368 430 3426 Psuuus
443 3370 516 3428 libro
534 3372 641 3428 deeimo
659 3371 695 3427 ad
707 3369 846 3426 Sabinum.
874 3368 1022 3425 Seientiam
1034 3367 1079 3424 hio
1095 3382 1145 3438 pro
1162 3367 1296 3438 patientis
1307 3367 1465 3438 aoeipimos,
1483 3374 1517 3424 ut
1533 3355 1723 3443 [QS

229 3468 241 3513 1
260 3457 307 3526 qui
324 3457 466 3526 prohibere
484 3461 575 3531 potuit
591 3465 725 3529 teneatur,
744 3458 768 3514 si
787 3473 843 3522 non
860 3455 962 3514 feeerit
989 3458 1065 3527 Lege
1077 3457 1187 3527 Aquilia
1198 3458 1244 3527 agi
1261 3462 1354 3528 potest
1371 3462 1400 3512 et
1418 3461 1516 3512 sanato
1533 3454 1694 3544 [Q

228 3557 242 3602 2
260 3546 402 3600 uulnerato
420 3562 508 3604 seruo.
535 3548 565 3604 Si
583 3564 674 3604 meum
692 3562 810 3615 seruum,
829 3562 892 3601 oum
909 3546 1024 3602 liberum
1041 3551 1161 3617 putares,
1179 3545 1320 3616 oooideris,
1338 3546 1400 3616 iege
1417 3544 1530 3615 Aquilia
1547 3547 1691 3606 teneberis.

228 3644 242 3690 u
261 3632 330 3791 (irim
348 3639 497 3691 stramenta
513 3637 638 3692 ardentia
652 3637 818 3692 mansilimut
829 3635 892 3706 duo,
911 3639 1106 3691 ooneurrerunt
1123 3634 1258 3706 amboque
1276 3634 1434 3690 oeciderunt
1450 3638 1479 3690 et
1497 3636 1567 3692 ulter
1585 3635 1693 3692 flamme
1745 3658 1747 3670 ¹

261 3721 445 3793 FHUW

261 3844 400 3986 mim]
425 3853 453 3903 u
474 3847 595 3905 teroem?
665 3848 778 3919 ²qu0o]
801 3848 927 3919 quamuis
950 3852 1027 3917 (aus
1047 3847 1231 3920 sesemel?
1301 3846 1383 3902 ⁸nse
1406 3829 1721 3918 mensurnorum

262 4041 367 4111 lesse]
392 4056 427 4096 ex
450 4047 490 4097 se‘
503 4043 540 4095 F¹
561 4043 566 4109 l
586 4044 706 4100 extiterit
719 4044 794 4119 jPU
845 4045 948 4100 beon·
1002 4048 1050 4098 aut
1072 4043 1095 4098 si
1123 4042 1219 4110 P·Vl
1243 4041 1362 4113 quoque]
1389 4057 1515 4114 equoque
1541 4044 1568 4098 F
1587 4046 1649 4111 (m.
1657 4044 1692 4128 s)

166 4111 176 4136 ⁶
262 4112 443 4168 densationis
454 4113 572 4183 exsotio]
584 4115 772 4171 condemnatio
784 4115 870 4184 P‘·Vl
886 4131 948 4171 oon·
1003 4115 1037 4170 19
1055 4113 1149 4184 etqui
1176 4115 1273 4184 utqui
1286 4115 1320 4168 Ρ
1336 4117 1342 4182 l
1357 4129 1405 4170 ees
1423 4134 1471 4170 om.
1485 4115 1558 4169 ΡΝ
1595 4117 1629 4170 21
1647 4113 1691 4170 hb.

262 4184 329 4240 ditio
351 4185 479 4239 oontiuuo
502 4186 624 4240 extiterit
646 4187 686 4241 P⁰
747 4189 764 4242 5
810 4189 878 4242 rimo
901 4207 949 4242 om.
1002 4186 1068 4241 xuiii
1086 4185 1114 4239 P
1209 4187 1244 4240 22
1262 4186 1393 4241 amissum
1405 4186 1461 4240 Pl'
1503 4186 1538 4240 29
1558 4187 1641 4242 etium
1659 4185 1692 4241 de

261 4256 321 4320 PV,
339 4254 408 4310 libro
426 4254 501 4310 xxxii
518 4256 573 4312 LU
614 4256 766 4328 linibitur]
805 4257 892 4323 ¹1³⁶ss,
910 4258 949 4313 in·
1002 4256 1169 4313 haeaotione
1183 4255 1693 4329 quoduiantolem1prohaeaetione

262 4327 364 4385 bibitur
381 4325 492 4390 Pleu,
510 4325 646 4382 inhibetur
678 4327 748 4383 P·V
794 4325 949 4399 ilehiro'p'·
1004 4335 1114 4399 expectes
1132 4326 1289 4384 interdicto:
1308 4328 1331 4383 ei
1349 4328 1380 4382 b'e
1397 4328 1436 4388 ssi
1456 4331 1637 4384 wuoroas'ecu
1656 4347 1693 4384 ne

262 4397 367 4469 grapho
377 4397 426 4481 F(
451 4400 483 4452 11
492 4399 597 4501 positae
606 4399 660 4484 P'·
690 4402 695 4467 Ι
711 4397 841 4456 deleberis
850 4401 876 4454 F
886 4402 892 4467 Ι
906 4400 950 4491 uel
1003 4396 1099 4460 alrolc
1109 4396 1137 4484 'eu
1146 4400 1259 4467 τοιοῩτῳ
1271 4400 1360 4486 καιρῷ,
1375 4399 1413 4487 sui
1426 4398 1499 4461 οῨῐω
1512 4401 1643 4470 κατέχεται
1656 4399 1692 4466 τῷ

262 4468 951 4613 ἓιίιέῗὲῗῖῧὲἕέἔιγιῙέἐῖὖΐὶἳῗὶῖἱῗιῗῗῗξ
1003 4469 1694 4612 titttltltusttltttituli

263 4610 348 4683 ὶῐωῐιζι
368 4611 399 4682 τῇ
418 4609 450 4665 τὸ
467 4611 574 4673 ΔιπλοῨκ
592 4609 731 4682 inorrolcq
750 4615 864 4678 (uteoiet
876 4614 950 4669 Auo-
1006 4613 1046 4683 atq
1065 4611 1079 4664 ir
1099 4612 1179 4684 steps
1202 4632 1242 4667 ric
1265 4610 1363 4668 uordcer
1384 4615 1409 4667 B
1427 4613 1537 4681 (Aaou.)
1591 4616 1627 4670 30
1644 4612 1694 4669 esi)

325 4683 799 4766 ueinfactmumet'tonemdqailiouam
807 4685 951 4756 desipuere)
1003 4683 1141 4739 hereditas
1158 4668 1257 4752 Nem
1287 4695 1309 4754 l,
1331 4699 1365 4739 ao
1381 4683 1562 4741 hereditati
1615 4686 1651 4742 36
1667 4689 1696 4742 ei

263 4702 411 4820 written.)
427 4754 432 4820 l
447 4753 578 4809 insonae
592 4755 630 4807 ps
675 4754 708 4810 13
725 4755 818 4811 uenire
836 4753 950 4826 P⁰L·?l
1004 4761 1101 4811 senato
1118 4756 1192 4811 iiia·
1244 4756 1261 4810 3
1296 4755 1433 4811 teueneris
1450 4756 1477 4809 F
1489 4759 1603 4832 (aas),
1620 4763 1694 4812 tene·

264 4824 368 4952 uti:
399 4823 743 4953 ultusultus
766 4824 958 4953 „tuuis
1005 4826 1351 4956 dindimi·
1374 4827 1412 4882 μ
1434 4826 1440 4896 ¹
1459 4826 1606 4885 ‘'⁶⁰³⁶“
1627 4826 1693 4900 ΡΙ

265 4985 314 5024 om.
326 4964 414 5035 P·Vl
434 4912 601 5023 tonitruans*
618 4962 655 5022 Ρ
673 4967 679 5036 Ι
700 4913 765 5038 ιιιιιῖι
781 4967 888 5024 sut'em'
906 4969 953 5036 Ρ,
1482 4953 1488 4962 ’
