3668 5356
139 227 262 276 oanan
810 203 898 286 579
1277 211 1395 280 XVIIII
1415 213 1436 280 ο
1458 218 1574 276 co-ao
1688 191 1691 198 ’

139 364 241 421 dedero
258 369 291 420 ut
307 365 456 434 experiaris
473 369 510 435 ct,
528 365 553 421 si
570 365 745 437 placuissent,
764 380 878 434 emeres,
896 366 921 422 ci
938 364 1149 438 displicuissent,
1167 368 1246 424 utin
1262 368 1323 424 dies
1339 369 1461 438 singulos
1473 366 1575 438 aliquid

138 457 301 524 pccestares,
320 453 420 508 deinde
437 455 527 530 mulae
546 470 563 509 a
579 453 782 524 grasutoribus
799 453 901 510 fuerim
919 453 1027 510 ablatae
1044 455 1117 512 intra
1133 455 1193 512 dies
1211 458 1397 528 experimenti,
1416 456 1483 528 quid
1501 459 1576 512 emet

138 541 346 612 praestandum,
371 546 460 596 utrum
479 543 597 612 pretium
615 547 645 598 et
661 546 782 598 meroes¹
801 558 837 598 an
855 557 959 598 meroes
976 547 1093 599 tautum
1125 549 1154 600 et
1171 545 1211 600 ait
1227 545 1300 604 Meis
1316 546 1462 614 interesse,
1482 551 1574 600 utrum

138 629 242 700 emptio
253 630 308 685 iam
320 633 381 685 erut
392 635 534 686 eontracta
546 647 582 686 an
594 629 694 700 inbuta,
712 635 752 700 ut,
771 631 812 686 ai’
822 629 904 701 iacta,
921 633 1040 700 pretium
1052 636 1170 703 petatur,
1186 634 1210 688 si
1221 632 1321 703 intusa,
1335 649 1439 690 meroes
1451 637 1574 703 petatur:

138 718 261 774 sednon
279 719 407 789 exprimit
424 719 459 775 de
478 719 639 776 actionibus.
665 724 734 790 puto
751 724 852 790 auum,
871 721 895 776 si
912 719 1022 790 quidem
1040 719 1164 791 perlecta
1178 720 1353 792 initemptio,
1372 725 1528 792 competere
1540 737 1575 776 ex
1593 726 1607 768 0

138 807 251 862 nendito
269 809 419 877 actionem,
438 808 462 862 si
479 823 547 864 uero
564 809 686 864 nondum
704 807 827 879 periente
845 813 933 878 esset,
952 809 1088 866 actionem
1106 810 1195 868 talem
1207 811 1314 880 qualem
1333 809 1467 866 aduersus
1485 809 1575 864 desul-

106 899 225 952 ttorcm
244 895 311 950 dari.
340 895 378 966 Si,
397 912 459 952 oum
471 912 563 952 emere
578 902 722 968 argeutum
740 898 834 967 uelles,
852 898 1022 954 nucularius
1039 897 1077 956 ad
1088 903 1116 952 te
1128 898 1257 954 detulerit
1267 902 1296 953 et
1307 899 1447 966 reliquerit
1458 903 1494 968 et,
1512 913 1575 954 oum

138 983 323 1054 displicuisset
339 983 399 1054 tibi,
417 1001 498 1041 seruo
516 991 565 1042 tuo
578 983 750 1042 referendum
762 985 862 1041 dedisti
875 985 974 1041 eteius
986 985 1049 1042 dolo
1062 986 1134 1042 malo
1147 992 1176 1042 et
1187 987 1268 1058 culpa
1280 991 1329 1042 tua
1339 987 1459 1056 perierit,
1477 989 1574 1042 naseu

137 1072 197 1126 larii
215 1087 276 1128 esse
294 1073 496 1144 detrimentum,
514 1073 579 1144 quia
596 1075 656 1129 eins
674 1089 783 1144 qnoque
800 1089 885 1130 caum
902 1074 940 1129 sit
957 1074 1080 1131 missum.
1108 1075 1119 1146 Ι
1138 1080 1212 1130 certe
1230 1076 1338 1146 eulpam
1352 1089 1455 1145 sorum,
1474 1075 1575 1144 quibus
1592 1074 1609 1122 i·
1620 1070 1674 1123 tti'

137 1160 347 1216 custodiendum
365 1160 727 1233 perferendnmuodederis,
745 1167 886 1232 praestare
903 1165 932 1218 te
947 1167 1074 1232 oportere
1091 1161 1185 1220 Labeo
1202 1163 1249 1234 sit,
1268 1169 1297 1220 et
1313 1168 1381 1234 puto
1398 1162 1575 1233 praescriptis
1594 1167 1623 1210 1⁰

137 1247 230 1304 uerbis
248 1249 384 1305 οοιίοιιοιιι
402 1251 430 1306 in
448 1249 501 1306 boe
518 1254 681 1320 competere.

81 1332 119 1392 21
191 1337 268 1392 loun
286 1337 355 1393 libro
373 1337 494 1393 secundo
512 1338 736 1408 disputationum.
763 1337 894 1404 Quotiens
911 1336 1005 1393 deficit
1021 1339 1094 1394 aedo
1112 1339 1157 1394 uel
1171 1339 1306 1410 exceptio,
1324 1339 1400 1396 utilis
1418 1333 1575 1423 Q
1594 1337 1629 1392 S·

139 1425 210 1484 aetio
228 1427 273 1480 uel
291 1427 417 1496 exceptio
435 1431 487 1480 est

81 1509 121 1568 22
192 1513 286 1570 omne
309 1513 378 1570 libro
401 1513 507 1570 decimo
531 1514 566 1569 ad
591 1513 710 1570 edictum
733 1514 908 1584 prouinciale.
945 1513 974 1570 Si
997 1513 1047 1569 tibi
1069 1513 1196 1584 poliendo
1218 1515 1396 1570 sarciendaue
1417 1510 1575 1600 Q
1594 1513 1615 1569 S

138 1603 304 1658 uestimenta
321 1601 451 1671 dederim,
471 1603 495 1658 si
512 1603 622 1674 quidem
641 1604 727 1674 gratis
745 1603 816 1658 hane
834 1618 944 1673 operum
962 1607 991 1656 te
1009 1603 1183 1672 suscipiente,
1202 1603 1325 1668 mundati
1337 1609 1380 1658 est
1392 1603 1532 1675 obligatio,
1552 1606 1576 1661 si
1594 1608 1623 1649 1⁶

137 1706 204 1748 nero
226 1690 353 1746 mercede
376 1690 443 1746 data
467 1697 515 1746 aut
538 1693 700 1762 constituta,
724 1692 867 1748 locationis
890 1690 1133 1760 conductionisque
1156 1692 1296 1760 negotium
1315 1693 1427 1761 geritur.
1460 1693 1576 1762 quodsi

137 1793 227 1849 neque
249 1780 336 1849 gretie
359 1779 431 1834 hano
452 1793 564 1849 operam
587 1781 741 1850 susceperis
763 1795 853 1850 nequo
874 1779 999 1849 protinus
1023 1783 1072 1833 aut
1090 1779 1157 1834 data
1173 1784 1223 1834 ant
1240 1781 1390 1836 constituta
1407 1781 1444 1836 sit
1460 1795 1575 1852 merces,

138 1867 187 1922 sed
204 1882 238 1923 eo
256 1868 347 1922 animo
364 1868 506 1938 negotium
523 1873 632 1938 gestum
650 1866 741 1938 inerit,
759 1873 792 1923 ut
806 1872 905 1938 postea
915 1871 1023 1922 tanturn
1036 1866 1171 1922 mercedis
1183 1867 1292 1922 nomine
1304 1867 1423 1938 daretur,
1442 1873 1574 1938 quantum

138 1955 208 2012 iuter
225 1970 276 2011 nos
294 1961 428 2012 obtutum
447 1957 496 2027 sit,
519 1957 611 2026 placet
628 1957 708 2026 quasi
726 1957 761 2012 de
778 1971 852 2012 nouo
869 1955 981 2026 negotio
999 1955 1027 2010 in
1045 1953 1147 2010 iactum
1166 1955 1287 2010 dandum
1305 1971 1367 2011 esse
1385 1957 1528 2028 iudicium,
1546 1957 1576 2013 id

138 2048 182 2098 est
198 2044 375 2114 praescriptis
392 2043 493 2099 uerbis.
1594 2052 1623 2093 ¹⁰

81 2126 120 2186 23
191 2131 333 2186 Auruncus
350 2131 420 2187 libro
438 2132 519 2188 tertio
538 2131 708 2202 digestorum
727 2149 745 2188 a
762 2132 847 2188 Paulo
865 2133 1084 2202 epitomatorem.
1111 2131 1174 2187 Duo
1192 2132 1342 2188 secundum
1355 2133 1400 2186 Ti·
1419 2127 1575 2216 [οῗιᾟζῑι
1593 2133 1615 2188 S

138 2217 225 2274 berim
243 2235 305 2274 eum
324 2219 503 2291 ambularent,
522 2221 703 2277 alternorum
721 2222 755 2290 el,
773 2221 821 2290 qui
838 2235 932 2276 secum
950 2218 1116 2291 ambulabat,
1134 2225 1249 2290 rogatus
1267 2222 1378 2275 anulum
1396 2209 1576 2292 οιιοιιᾱίᾟ

138 2308 300 2378 respiceret:
319 2308 357 2362 illi
375 2307 478 2364 excidit
496 2311 593 2365 anulus
610 2311 684 2366 etin
702 2309 823 2366 Tiberim
841 2309 988 2365 deuolutus
1006 2313 1057 2364 est.
1091 2309 1233 2379 respondit
1249 2325 1332 2380 posse
1350 2311 1396 2380 agi
1415 2325 1476 2367 eum
1495 2326 1528 2367 eo
1546 2311 1575 2366 in

138 2393 241 2452 iactum
261 2396 376 2452 actione.
1593 2403 1624 2444 00

80 2480 121 2538 24
191 2484 363 2540 Armorum
380 2483 450 2540 libro
467 2489 568 2541 couno
585 2485 784 2556 quaestionum.
810 2485 901 2540 Titius
913 2483 1074 2554 Sempronio
1091 2485 1205 2554 triginta
1221 2485 1298 2542 dedit
1313 2486 1399 2557 pacti·
1417 2480 1576 2570 Q
1593 2486 1614 2540 S

138 2587 191 2642 qne
210 2577 287 2643 sunt,
311 2576 343 2627 ut
361 2588 396 2628 ex
413 2571 503 2628 reditu
521 2573 580 2628 eius
598 2574 732 2644 pecuniae
749 2573 895 2643 tributum,
914 2571 990 2642 quod
1006 2573 1097 2629 Titius
1114 2574 1235 2643 pendere
1253 2573 1379 2644 deberet,
1397 2573 1575 2645 Sempronius

137 2664 290 2730 praestaret
312 2662 478 2730 computatis
500 2663 591 2716 usuris
613 2661 786 2731 semissibus,
810 2666 967 2732 quantoque
989 2663 1082 2718 minus
1105 2661 1267 2718 tributorum
1286 2663 1395 2718 nomine
1411 2664 1574 2732 praestitum

137 2747 222 2818 toret,
246 2763 328 2818 qnam
348 2763 441 2804 earum
459 2765 604 2805 usuramm
622 2751 762 2819 quantitas
780 2753 867 2818 esset,
890 2754 922 2804 ut
939 2749 968 2804 id
986 2750 1059 2808 Titio
1077 2752 1246 2820 restitueret,
1271 2749 1344 2819 quod
1362 2751 1478 2820 amplius
1495 2765 1574 2820 prae·

137 2837 233 2892 stitum
252 2841 337 2906 esset,
359 2837 389 2892 id
407 2853 441 2893 ex
459 2843 533 2893 sorte
551 2837 709 2908 demeret,
728 2841 785 2908 aut,
803 2838 828 2892 si
845 2840 875 2892 et
892 2841 993 2892 sortem
1012 2842 1041 2892 et
1057 2853 1156 2894 usuras
1173 2854 1282 2894 summa
1298 2837 1462 2895 tributorum
1480 2853 1573 2894 eroes·

137 2925 230 2995 sisset
253 2924 282 2980 id
304 2925 380 2994 quod
402 2927 519 2996 amplius
537 2931 611 2982 esset
628 2927 718 2982 Titius
737 2923 896 2994 Sempronio
913 2929 1079 2994 praesteretr
1101 2941 1190 2996 neque
1208 2927 1243 2982 de
1262 2941 1296 2982 ea
1312 2941 1342 2980 re
1359 2927 1416 2981 nlla
1433 2927 1573 2996 stipulatio
1593 2932 1622 2973 00

136 3013 298 3083 interposita
311 3017 362 3068 est
392 3014 482 3068 Titius
495 3013 662 3084 consulebat,
681 3014 710 3069 id
728 3013 802 3084 quod
820 3013 937 3083 amplius
956 3027 991 3068 ox
1007 3015 1098 3069 ιιιιιτὶιι
1117 3014 1293 3085 Sempronius
1310 3013 1472 3084 redegisset,
1490 3029 1572 3083 quam

136 3101 300 3157 tributorum
319 3101 428 3156 nomine
445 3103 636 3172 praestitisset,
655 3118 710 3172 qua
728 3102 835 3156 audone
853 3100 889 3155 ab
903 3115 937 3156 eo
949 3102 1080 3171 consequi
1091 3104 1188 3172 possit.
1215 3102 1357 3172 respondit
1368 3103 1502 3172 pecuniae
1514 3103 1573 3172 qui·

137 3188 199 3244 dem
218 3189 338 3244 creditae
356 3203 454 3244 usuras
471 3191 524 3244 nisi
542 3191 570 3244 in
588 3190 791 3260 stipulationem
810 3188 944 3244 deductas
962 3204 1017 3245 uon
1035 3189 1142 3245 deberi:
1160 3205 1256 3246 nerum
1274 3191 1303 3245 in
1320 3191 1461 3260 proposito
1479 3191 1573 3246 niden·

137 3275 211 3346 dum,
229 3291 264 3332 ne
282 3291 337 3332 non
355 3282 411 3332 tam
429 3276 570 3332 foenerata
586 3279 704 3348 pecnnia
721 3277 843 3346 intellegi
861 3275 969 3346 debeat,
988 3290 1071 3346 qnam
1090 3278 1168 3347 qnasi
1186 3277 1346 3332 mandatnm
1365 3278 1436 3332 inter
1449 3293 1497 3334 eos
1509 3293 1573 3333 con·

136 3369 262 3434 trsotum
281 3365 333 3419 nisi
351 3365 424 3435 quod
436 3366 508 3420 ultra
519 3366 662 3421 semissem
674 3369 872 3422 consecuturus
884 3368 972 3420 esset:
991 3365 1041 3420 sed
1052 3380 1087 3420 ne
1099 3365 1185 3435 ipsius
1197 3363 1307 3434 quidem
1320 3366 1401 3420 sortia
1413 3367 1572 3435 petitionem
1592 3372 1621 3412 00

136 3453 270 3522 pecuniae
287 3453 408 3508 creditne
426 3451 519 3522 inisse,
538 3454 656 3523 quando,
675 3455 699 3511 si
717 3453 894 3523 Sempronius
912 3468 973 3507 eam
990 3454 1136 3522 pecuniam
1148 3454 1207 3509 sine
1219 3452 1282 3509 dolo
1295 3454 1366 3508 malo
1379 3454 1424 3508 uel
1436 3455 1574 3508 amisisset

137 3541 182 3596 uel
199 3556 314 3596 uacuam
331 3539 481 3610 habuisset,
500 3541 645 3596 dicendum
663 3543 730 3597 nibil
748 3557 811 3598 cum
829 3557 863 3597 eo
875 3540 984 3596 nomine
996 3546 1137 3611 praestare
1148 3540 1285 3596 debuisse.
1313 3556 1399 3610 quare
1411 3541 1498 3596 tutius
1511 3555 1572 3596 esse

137 3629 312 3698 praescriptis
330 3627 421 3684 uerbis
439 3629 468 3684 in
485 3627 588 3684 iaoutm
606 3631 741 3686 audonem
760 3631 834 3700 dari,
857 3630 1018 3701 praesertim
1038 3644 1100 3684 cum
1118 3628 1185 3683 iilud
1203 3643 1311 3698 qnoque
1329 3629 1518 3698 conuenisset,
1541 3631 1572 3684 nt

136 3716 210 3786 qnod
228 3716 344 3785 amplius
361 3715 523 3787 praestitum
542 3723 629 3788 esset,
652 3735 735 3788 quam
754 3733 789 3774 ex
806 3719 897 3774 usuris
914 3717 1097 3788 redigeretur,
1122 3716 1190 3772 sorti
1206 3716 1366 3772 decederet:
1389 3715 1464 3785 quod
1481 3716 1572 3785 ipsum

135 3804 179 3858 ius
197 3807 226 3858 et
243 3819 354 3858 cauma
372 3805 505 3874 pecuniae
522 3805 642 3860 creditne
660 3807 784 3862 excedat
1590 3809 1620 3850 ⁴⁰

79 3889 119 3950 25
189 3891 365 3947 Μιιιοιιιιιιο
383 3891 452 3947 libro
469 3893 552 3949 tertio
570 3894 734 3962 regularum.
761 3893 791 3949 Si
803 3909 901 3964 operas
913 3890 1024 3947 fabriles
1036 3891 1096 3960 qnia
1108 3890 1181 3946 serui
1193 3892 1254 3946 nice
1286 3890 1611 3974 B·²⁰·4Q32}}S

136 3984 232 4036 mutua
249 3979 379 4050 dedisset,
397 3983 430 4034 ut
445 3979 562 4036 totidem
579 3981 721 4053 reciperet,
738 3997 821 4052 posse
833 3997 896 4037 eum
908 3980 1084 4050 praescriptis
1096 3977 1188 4034 uerbis
1200 3993 1291 4049 agere,
1310 3979 1391 4034 sicuti
1403 3980 1426 4034 si
1437 3979 1570 4048 paenulas

136 4067 267 4138 dedisset,
285 4073 317 4124 ut
333 4069 440 4124 tunimo
458 4069 608 4139 occiperet:
627 4085 678 4126 nee
695 4085 757 4126 esse
774 4070 828 4126 boe
845 4069 1020 4140 contrarium,
1039 4067 1121 4139 quod,
1139 4067 1164 4122 si
1180 4081 1230 4137 per
1247 4081 1365 4123 errorem
1383 4081 1484 4137 operae
1495 4066 1571 4122 inde·

135 4173 299 4244 F[P(VU)]

138 4315 146 4348 ¹
165 4317 194 4368 et
211 4327 317 4368 merces
335 4315 383 4368 del.
454 4314 521 4369 ¹sit
538 4322 586 4369 inc.

136 4452 246 4522 iqnod
263 4452 333 4508 P⁰U
380 4453 452 4507 ian
470 4451 560 4508 iatnra
577 4455 618 4508 Ρ·
670 4453 828 4526 operiente
880 4455 916 4510 23
934 4454 1074 4510 reuolutus
1093 4454 1136 4522 ΡΙ
1151 4453 1280 4524 respondi
1298 4455 1325 4508 P
1367 4453 1403 4508 24
1420 4449 1571 4507 actione‘m’

136 4529 211 4578 esset
222 4523 481 4587 acdonemcoaPU.
490 4523 613 4593 perfeeto
621 4530 695 4581 esset
704 4545 752 4581 cm.
767 4525 825 4595 th
879 4522 930 4579 F2¹
967 4525 1201 4594 supraenitutnm
1211 4526 1252 4579 P‘¹
1284 4525 1319 4579 28
1328 4524 1520 4594 praestitutum
1531 4523 1571 4577 P·

136 4593 640 4664 actionem'siueronoudump’talem
653 4595 690 4649 F‘
735 4598 826 4652 'luas-
880 4597 915 4651 36
933 4595 1073 4658 suissetP,
1091 4593 1208 4650 fuissent
1224 4595 1252 4647 V
1290 4596 1324 4649 37
1343 4593 1468 4662 uacuam]
1482 4591 1571 4658 P‘V',

135 4665 267 4718 cularium
276 4665 365 4732 P·Vi
380 4665 674 4740 relinqueritFtem.s)
684 4667 724 4721 P⁰
755 4668 827 4721 διο·
880 4681 998 4736 uuquam
1010 4664 1077 4729 FU‘,
1096 4681 1177 4734 quam
1195 4666 1275 4729 Μ’,
1294 4673 1341 4719 inc.
1355 4665 1395 4718 P·
1411 4667 1415 4732 Ι
1431 4669 1571 4732 quaretu-

135 4732 295 4790 incendam
313 4733 352 4790 Γ*
405 4737 439 4790 12
457 4737 531 4790 utilis
549 4738 621 4792 aetio
639 4737 683 4792 uel
701 4738 827 4807 exceptio
879 4737 944 4806 tius]
957 4751 1028 4806 quas
1040 4735 1229 4804 tutiusilque
1241 4736 1328 4790 tutius
1337 4735 1423 4803 (tutin
1437 4734 1570 4800 ΜΨ,

135 4805 187 4873 est]
209 4806 231 4859 is
250 4806 370 4869 Φάκτογιι
388 4806 486 4860 literar
506 4807 533 4860 B
551 4809 659 4875 (Areon)
713 4809 748 4862 14
766 4823 826 4877 pro·
880 4808 1021 4876 tutiusque
1043 4805 1121 4870 P‘U,
1144 4807 1231 4860 cnunc
1250 4806 1286 4859 Vi
1347 4807 1382 4860 41
1407 4804 1528 4874 quiserui
1550 4804 1577 4856 F

135 4875 333 4942 uineialemPl
348 4875 476 4930 simil·
491 4878 496 4944 Ι
512 4877 818 4951 sarcientaueF(em.s)
881 4880 977 4950 (cippi
986 4881 1023 4950 ji
1041 4876 1109 4932 1³⁰0
1164 4876 1201 4931 42
1223 4876 1337 4946 penulas
1361 4875 1388 4929 F
1440 4876 1476 4930 43
1499 4873 1571 4930 tuni·

135 4945 279 5002 sarcienda
288 4946 334 5011 P·,
347 4947 392 5002 uel
404 4947 512 5002 sarcina
526 4947 567 5013 U·,
578 4949 623 5004 uei
636 4947 779 5004 sarcienda
793 4921 827 5004 Ux
880 4963 940 5004 eam
959 4949 987 5002 P

1296 5033 1357 5090 37*
