3736 5348
173 281 219 330 nn
242 281 346 331 corre.
366 277 443 330 eran
465 281 575 331 osnes
843 257 930 340 389
1318 264 1379 332 XII
1400 267 1420 332 6
1441 273 1476 327 67
1495 301 1528 314 -
1549 267 1605 332 le

140 425 260 478 aterum
282 419 407 476 baberet
432 421 575 492 respondit
597 419 708 476 habere.
743 420 834 476 'litias
857 435 919 477 oum
944 421 1044 477 multos
1070 419 1219 478 creditores
1242 421 1370 493 baberet,
1394 422 1426 478 in
1451 419 1552 492 quibus
1577 427 1606 478 et

172 509 275 584 Seium,
293 509 367 566 bons
383 525 435 566 sna
451 510 580 580 priuatim
597 507 672 566 imta
688 508 846 566 uenditione
857 509 964 566 iiaenie
977 507 988 578 l
1002 510 1145 581 concessit,
1163 515 1195 566 ut
1206 511 1274 568 satis
1291 509 1471 567 auditoribus
1488 509 1605 566 facerem
1622 513 1696 562 taen

172 598 223 654 sed
238 598 364 654 Maeuium
381 599 465 654 soluit
480 599 625 669 pecuniam
638 597 702 655 Seio
717 603 859 668 tamquam
877 596 1007 668 debitam,
1024 614 1096 668 quse
1113 599 1168 654 ism
1180 599 1283 655 alitio
1295 597 1385 655 fuerat
1402 600 1504 656 seluta:
1522 614 1605 670 quse·

172 686 254 742 situm
273 691 324 756 est,
342 702 404 742 cum
423 692 521 757 postea
537 688 725 757 repperiantur
737 686 859 757 apochae
871 687 945 757 apud
957 687 1060 742 'litium
1072 686 1223 743 debitorem
1235 688 1334 758 partim
1346 689 1453 744 solome
1463 689 1605 758 pecuniae,

172 774 217 830 oui
235 775 324 844 magis
340 776 468 845 repetitio
485 777 618 846 pecuniae
634 774 775 830 indebitae
791 775 897 830 solutae
916 776 1060 846 competit,
1084 775 1158 832 'litio
1176 774 1293 831 debitori
1315 792 1351 830 an
1368 776 1489 846 Maeuio,
1512 777 1560 846 qui
1577 776 1605 830 in
1624 783 1638 828 t

171 877 229 917 rem
247 878 325 918 seam
343 867 503 932 procurater
519 862 611 918 iaetus
628 867 679 918 est.
707 863 849 933 respondit
866 863 1016 919 seeundum
1035 879 1070 919 ea
1086 878 1158 932 qnae
1168 869 1385 934 proponerentur
1395 865 1430 934 ei,
1449 865 1496 934 qui
1508 869 1606 934 postea

139 959 154 1006 t
172 950 309 1006 noluisset
344 951 421 1006 Idem
438 952 568 1022 quaesiit,
586 967 623 1007 sn
639 956 764 1021 paetum,
782 951 858 1021 qued
876 953 904 1007 in
921 952 1118 1022 perlationibus
1135 952 1254 1008 adscribi
1272 953 1342 1008 solet
1358 953 1387 1008 in
1403 953 1477 1008 buno
1493 953 1605 1008 modum

172 1039 214 1096 ‘ex
241 1039 294 1096 boc
320 1044 463 1098 coemere
490 1041 592 1096 nnllam
618 1041 690 1094 inter
715 1054 745 1094 se
772 1040 986 1094 controuersiam
1012 1041 1130 1111 amplius
1157 1041 1226 1096 esse'
1248 1041 1382 1111 impediat
1407 1041 1604 1110 repetitionem.

138 1135 155 1182 4
171 1127 314 1199 respondit
329 1129 395 1184 nihil
412 1129 535 1200 proponi,
553 1143 603 1182 our
618 1127 771 1197 impediret
801 1126 904 1182 Lucius
915 1128 1005 1184 'litias
1017 1127 1087 1184 Gaio
1099 1127 1163 1184 Seio
1175 1129 1272 1184 minori
1284 1130 1362 1184 annis
1374 1128 1474 1198 uiginti
1485 1129 1605 1198 quinque

171 1216 317 1286 peoumm
340 1220 442 1272 certam
466 1216 583 1272 eredidit
604 1221 633 1270 et
655 1214 694 1270 ab·
714 1229 753 1270 ee.
771 1215 939 1285 adqusntum
962 1231 1106 1272 morarum
1128 1217 1238 1272 nomine
1261 1217 1380 1288 accepit,
1404 1220 1448 1272 et¹
1467 1215 1529 1272 Gaii
1549 1215 1606 1272 Seii
1625 1227 1654 1268 ro

172 1303 285 1360 mineris
301 1303 381 1360 ireres
399 1303 533 1360 aduenam
546 1302 673 1359 Publium
686 1303 823 1359 lisenlum
842 1319 859 1358 a
875 1304 1002 1374 praeside
1019 1305 1177 1375 prouinciae
1194 1305 1223 1361 in
1239 1305 1376 1374 integrum
1393 1304 1536 1360 restitutus
1553 1308 1605 1376 est,

172 1407 212 1448 ne
225 1391 347 1448 debitum
365 1391 560 1448 hereditarium
577 1392 710 1461 solueret,
729 1391 774 1445 et¹
791 1407 843 1448 neo
860 1394 1007 1463 quicquam
1024 1393 1061 1448 de
1077 1395 1168 1449 muris
1180 1393 1309 1449 eiusdem
1327 1393 1422 1463 sortis,
1441 1407 1509 1462 quas
1524 1392 1606 1450 Seius

172 1481 260 1536 minor
277 1481 357 1536 annis
374 1481 474 1551 uiginti
491 1481 612 1551 quinque
629 1481 784 1536 exsolueret
790 1482 810 1551 ⁸,
833 1481 989 1550 repetendis
1011 1485 1158 1537 tractatum
1180 1481 1254 1550 apud
1276 1481 1430 1550 praesidem
1453 1485 1502 1536 aut
1519 1481 1555 1536 ab
1572 1497 1606 1537 eo

172 1573 218 1624 est
231 1568 451 1640 pronuntiatum:
469 1580 580 1640 quaere,
598 1586 635 1625 an
652 1585 758 1638 usuras,
776 1584 846 1640 quas
864 1568 950 1625 Gaius
963 1568 1042 1626 Seius
1060 1571 1149 1626 minor
1166 1571 1245 1625 annis
1261 1569 1361 1639 uiginti
1377 1569 1498 1639 quinque
1515 1569 1606 1639 quoad

171 1658 279 1712 sineret
296 1656 423 1712 creditori
440 1658 620 1728 exsoluereti,
638 1657 718 1714 heras
735 1658 795 1712 eius
812 1662 936 1727 repetere
953 1657 1049 1727 pessit
1079 1658 1221 1728 respondit
1238 1657 1389 1712 secundum
1407 1671 1527 1728 eaquae
1543 1672 1605 1727 pre·
1624 1665 1653 1709 rt

171 1750 337 1814 ponerentur
354 1745 461 1800 cundici
479 1745 515 1815 id,
534 1745 608 1816 quod
626 1761 769 1800 usurarum
787 1745 896 1800 nemine
914 1743 1061 1801 deiunctae
1079 1747 1214 1816 sciuisset,
1233 1761 1288 1801 non
1299 1759 1389 1815 pesse.
1417 1746 1482 1801 item
1494 1760 1605 1816 qnare,

128 1887 130 1892 ,
172 1833 353 1888 dexistbnes
370 1834 458 1904 repeti
475 1849 530 1889 non
548 1849 642 1905 posse,
666 1849 702 1888 an
727 1849 762 1889 ex
784 1833 838 1888 alio
859 1831 952 1889 debite
974 1832 1054 1890 heres
1076 1835 1194 1890 retinere
1217 1849 1266 1890 eas
1288 1834 1384 1904 poscit
1414 1833 1555 1904 respondit
1570 1848 1606 1890 ne

171 1919 224 1978 boo
241 1921 361 1992 quidem.

1624 2089 1653 2131 n

450 2209 488 2288 tt
526 2207 590 2284 DE
619 2073 937 2286 CONDIGTIXINlld
966 2207 1070 2285 SINE
1099 2205 1256 2288 CAUSA
1295 2208 1333 2286 it
1623 2215 1673 2270 ΒΡ

136 2363 153 2420 1
225 2363 376 2420 Unnrsrens
394 2362 462 2419 libre
480 2361 710 2434 quadragensimo
728 2363 810 2419 tertio
828 2363 864 2418 ad
883 2361 1022 2419 Sabinum.
1059 2362 1111 2418 Est
1131 2367 1159 2418 et
1176 2362 1245 2418 haec
1262 2362 1368 2434 species
1386 2375 1450 2418 con·
1468 2356 1647 2446 ffls

172 2453 312 2522 dictionis,
331 2453 355 2507 si
372 2453 434 2521 quis
452 2452 511 2506 sine
529 2466 615 2507 eausa
631 2451 786 2522 promiserit
803 2452 849 2507 uel
866 2452 891 2507 si
908 2451 1021 2508 soluerit
1038 2451 1100 2522 quis
1117 2451 1278 2508 indebitum.
1308 2451 1356 2520 qul
1373 2455 1464 2506 subm
1483 2438 1609 2521 promisit

172 2543 231 2598 sine
249 2555 346 2612 unsa,
371 2541 515 2598 condicere
532 2541 713 2610 quantitatem
731 2555 787 2596 nen
808 2545 901 2611 petest
923 2555 1005 2610 quam
1028 2555 1084 2596 non
1107 2539 1197 2611 dedit,
1221 2539 1270 2596 sed
1291 2541 1380 2610 ipsam
1403 2539 1607 2609 obligationem.

140 2639 153 2684 1
172 2630 230 2688 Sed-
245 2635 275 2686 et
291 2631 315 2686 si
333 2628 369 2686 eb
386 2645 499 2686 oausam
516 2630 654 2700 premisit,
676 2645 762 2685 causa
777 2633 871 2686 tamen
896 2633 992 2684 secuta
1013 2643 1068 2684 non
1092 2634 1148 2699 est,
1174 2628 1319 2685 dicendum
1342 2632 1386 2683 est
1407 2627 1606 2684 condictionem

139 2721 260 2776 ilocum
279 2717 390 2774 habere.
427 2717 493 2774 Siue
511 2717 547 2773 ab
564 2718 641 2774 initio
660 2719 719 2774 siue
737 2733 821 2774 cansa
838 2718 1001 2792 promissum
1020 2722 1077 2788 est,
1096 2717 1155 2773 siue
1173 2715 1225 2773 suit
1242 2733 1327 2773 eausa
1343 2717 1519 2788 promittendi
1537 2732 1607 2787 quae
1625 2723 1655 2767 ti

140 2815 154 2860 e
171 2807 249 2866 liutto
266 2813 311 2864 est
327 2809 372 2864 uei
390 2810 487 2862 secuta
503 2811 622 2877 nonest,
640 2805 786 2862 dicendum
799 2809 843 2861 est
858 2805 1022 2862 condictioni
1034 2807 1123 2862 locum
1136 2803 1204 2861 sere.
1231 2805 1347 2862 Constet
1362 2805 1391 2860 id
1403 2805 1513 2862 demum
1524 2821 1607 2876 pesse

171 2897 279 2954 oendiei
302 2897 397 2967 alicui,
421 2895 497 2965 qued
518 2896 564 2951 uei
587 2910 642 2951 non
665 2911 700 2950 ex
723 2895 796 2950 iusta
819 2909 903 2950 causa
927 2894 962 2949 ad
985 2909 1048 2950 eum
1071 2895 1198 2965 peruenit
1221 2894 1266 2950 uel
1288 2893 1360 2948 redit
1381 2893 1417 2949 ad
1434 2909 1490 2950 nen
1506 2894 1606 2949 iustam

171 3001 292 3042 oausam.

135 3069 154 3128 2
225 3075 304 3129 Inna
320 3072 390 3128 libro
407 3073 569 3142 trigeusime
587 3071 709 3127 secunde
727 3070 762 3126 ad
780 3071 910 3126 edietum.
937 3069 967 3126 si
985 3069 1051 3127 iulle
1068 3071 1233 3126 uestimenta
1252 3069 1371 3126 lauaoda
1388 3084 1450 3125 cen·
1470 3064 1607 3153 Q
1625 3075 1647 3130 s

173 3161 295 3232 duxerit,
314 3161 414 3216 deinde
432 3161 540 3215 amissis
558 3161 598 3216 eis
616 3159 727 3215 domino
744 3160 863 3230 pretium
881 3175 916 3215 ex
933 3160 1023 3214 locate
1041 3163 1192 3215 conuentus
1209 3159 1376 3230 praestiterit
1391 3162 1542 3228 posteaque
1560 3158 1607 3214 do·
1626 3167 1655 3209 oe

174 3249 266 3305 minus
283 3250 420 3304 inuenerit
436 3250 611 3319 uestimenta,
629 3264 684 3318 qua
702 3250 809 3304 actione
827 3247 928 3304 debeat
945 3247 1075 3317 consequi
1093 3248 1210 3318 pretium
1228 3247 1302 3318 qnod
1320 3245 1416 3300 dediti
1441 3251 1470 3300 et
1487 3246 1526 3300 ait
1541 3245 1607 3301 Gas-

173 3338 231 3394 siua
255 3352 318 3392 eum
342 3353 396 3393 nen
421 3339 508 3394 selum
531 3353 566 3394 ex
588 3337 725 3392 conducto
748 3353 843 3408 agere,
866 3349 961 3393 uerum
989 3335 1133 3392 condicere
1155 3335 1265 3391 domine
1287 3343 1383 3406 pesse:
1406 3349 1459 3404 ege
1481 3337 1549 3404 pute
1572 3347 1607 3389 ex

173 3425 310 3482 conducto
327 3427 485 3482 omnimode
502 3441 565 3482 eum
583 3425 684 3481 habere
703 3426 851 3481 actionem:
875 3443 911 3482 an
929 3431 1022 3481 numm
1045 3429 1074 3479 et
1091 3423 1235 3480 condicere
1256 3423 1356 3494 possit,
1378 3423 1531 3493 quaesitum
1555 3425 1606 3494 est,

173 3515 310 3584 quianon
327 3514 480 3571 indebitum
498 3513 589 3570 dedit:
613 3514 666 3570 nisi
688 3512 759 3570 ferte
782 3515 861 3584 quasi
883 3515 942 3569 sine
965 3529 1050 3569 eausa
1072 3513 1165 3568 datum
1185 3512 1225 3567 sic
1241 3515 1371 3582 putemus
1389 3511 1494 3567 cundici
1510 3525 1605 3580 posse:

173 3603 273 3659 etenim
291 3604 463 3659 uesfimentis
480 3602 600 3658 inuentis
617 3603 696 3672 quasi
714 3602 773 3656 sine
791 3617 876 3657 musa
894 3601 988 3657 datum
1006 3601 1123 3656 uidetur.
1625 3610 1653 3651 ee

135 3686 154 3745 3
225 3691 367 3747 lmrsnne
390 3691 459 3747 irbro
482 3695 581 3746 octauo
604 3690 782 3760 digestorum.
820 3690 872 3756 Qui
896 3689 955 3745 sine
979 3705 1064 3745 causa
1080 3688 1249 3759 obligentur,
1273 3687 1370 3742 incerti
1387 3701 1450 3743 cen-
1469 3679 1646 3768 OES

174 3777 294 3834 diodone
312 3780 443 3848 consequi
460 3782 577 3849 possunt
594 3783 626 3833 ut
642 3777 804 3833 liberentur:
826 3792 878 3840 nec
895 3775 992 3848 refert,
1014 3791 1122 3834 omnem
1146 3777 1207 3847 qub
1228 3775 1422 3846 obligationem
1447 3773 1506 3828 sine
1523 3787 1608 3828 eausa

173 3867 308 3936 suscipiat
325 3883 360 3922 an
379 3868 508 3922 maiorem
526 3881 609 3937 quam
628 3867 767 3936 suscipere
785 3881 847 3921 enm
866 3866 1024 3937 oportuerit,
1042 3866 1095 3920 nisi
1113 3865 1187 3936 qued
1205 3864 1272 3920 elias
1285 3863 1454 3920 condictione
1468 3861 1497 3916 id
1508 3861 1606 3931 agitur,

171 3963 359 4035 FlPss'LUll
431 3981 433 3984 ·

174 4107 231 4160 ¹et
247 4106 295 4160 det.
314 4105 397 4173 (Hot)
468 4107 527 4161 ’et
543 4106 592 4160 del.
662 4105 849 4160 ⁸exeoiueret
865 4102 970 4171 (Hom
1039 4103 1224 4158 ‘exsolueret
1240 4104 1275 4169 (a
1288 4101 1338 4168 tl?

173 4233 279 4304 lenm]
299 4249 360 4290 cem
379 4236 412 4300 F,
435 4235 510 4306 quod
527 4235 642 4291 mv·
694 4235 862 4304 imaeuius]
936 4233 1072 4289 remiserit
1089 4234 1213 4302 PVLUl
1233 4233 1432 4290 condictionem
1450 4231 1540 4286 locum
1559 4228 1605 4283 ha·

172 4305 326 4360 maeuieffl
362 4306 437 4361 boui
450 4325 497 4360 om.
512 4307 551 4360 P·
587 4306 862 4377 lotidemttno.Fl
953 4305 991 4376 re]
1004 4300 1493 4370 cendictienilecum(locusP·)sere
1502 4300 1610 4354 PVLU

173 4375 290 4444 quaesiit
319 4389 390 4446 quae
408 4382 473 4432 sunt
491 4377 539 4443 1²⁰,
563 4377 688 4446 quaesiui
709 4378 755 4445 Ul
774 4377 863 4448 paria·
917 4375 1103 4442 munitae!
1119 4375 1298 4432 condictionis
1313 4374 1441 4430 locusP·
1485 4371 1606 4440 aequori

172 4445 292 4502 tionibus
330 4445 409 4502 F¹P⁸
437 4455 461 4501 st
487 4467 517 4501 ec
543 4447 669 4516 Pistam)
697 4445 731 4503 U*
755 4468 812 4504 oon
837 4449 864 4502 B
916 4448 970 4517 uel]
983 4447 1233 4572 ”⁰¹2mdpm
1270 4443 1472 4500 2lllabandaF
1508 4443 1543 4497 30
1556 4441 1605 4512 eis]

172 4516 294 4584 (Aedabe
312 4515 341 4572 ba
359 4517 416 4573 rsit
435 4517 576 4573 duobelleer
597 4520 723 4580 (adacter
737 4519 863 4590 apochis),
916 4518 959 4573 iris
982 4517 1037 4572 PV
1062 4517 1089 4572 U
1138 4517 1172 4572 31
1198 4515 1350 4587 pt‘a'etium
1372 4516 1397 4570 F
1399 4517 1411 4550 ²
1469 4513 1504 4567 34
1527 4513 1607 4582 quasi

172 4587 345 4657 pactionibus
366 4589 498 4644 F’P·LU
559 4589 758 4658 9proponitur
778 4589 863 4658 impe·
916 4589 976 4644 sine
998 4603 1084 4643 musa
1101 4587 1194 4643 datum
1213 4587 1261 4656 sie]
1281 4587 1346 4658 quia
1364 4586 1387 4641 si
1405 4601 1427 4640 s.
1440 4599 1463 4638 e.
1477 4583 1503 4637 d.
1520 4585 1606 4648 sici:

173 4657 231 4712 dire
259 4659 310 4722 (·ri
331 4659 380 4722 P·,
403 4665 461 4714 ·ret
487 4657 532 4726 17⁶)
555 4659 661 4725 PVUl
686 4661 797 4714 minoris
824 4661 864 4713 P·
916 4659 981 4728 quia
998 4674 1058 4714 nc.
1073 4659 1099 4713 d.
1117 4659 1152 4714 sit
1168 4657 1275 4714 PVLU
1324 4657 1359 4712 35
1376 4655 1495 4711 inuentis
1512 4653 1607 4720 om.P,

174 4729 209 4784 1e
217 4729 395 4800 aliquantum]
404 4733 535 4800 quantum
545 4731 585 4785 P·
601 4731 606 4800 Ι
622 4730 741 4800 gaiiF’
766 4731 800 4784 12
808 4745 865 4799 qua
916 4729 1017 4785 etenim
1044 4730 1214 4784 uestimentis
1241 4727 1360 4783 inuentis
1386 4746 1434 4780 em.
1453 4725 1496 4789 11⁰,
1522 4724 1606 4804 uesti-

173 4799 247 4854 seius
265 4801 292 4854 F
340 4801 374 4855 13
395 4801 550 4871 repetendis
568 4801 670 4854 em.P⁶
724 4801 758 4855 15
776 4801 863 4854 exsol-
916 4801 1001 4855 menti
1022 4801 1134 4864 (ewulm
1155 4807 1178 4854 et
1201 4799 1257 4854 inu.
1277 4801 1337 4865 om.)
1362 4797 1409 4865 Ul
1431 4795 1520 4864 qtrasi]
1541 4795 1607 4864 quia

173 4875 252 4924 nent
273 4869 361 4926 PVL‘
383 4871 391 4938 1
414 4872 543 4943 respondi
565 4871 642 4926 PLU
699 4872 732 4926 16
757 4871 863 4926 cundici
916 4871 1007 4925 Pir-U
1054 4871 1089 4925 36
1112 4870 1249 4940 obligatur
1266 4869 1315 4936 ΡΙ
1336 4865 1549 4924 condictione'm'
1567 4867 1607 4920 F’

173 4954 223 4994 om.
232 4941 273 4995 Ρ·
288 4941 293 5008 Ι
307 4957 418 4998 usurum
428 4943 468 4997 P·
504 4943 537 4998 17
546 4941 674 5014 respondi
683 4941 764 4996 PVU
796 4943 864 4997 22ιί
915 4943 986 4997 380
1024 4941 1128 5010 rtuerit]
1146 4941 1213 5006 FU‘,
1230 4943 1388 5012 oportueret
1403 4941 1452 5004 P·,
1469 4941 1607 5012 oporteret

90 5044 92 5048 .
173 5011 307 5066 enePVL
352 5013 488 5084 idipsum
498 5014 533 5068 pr
578 5013 696 5084 itetsl]
709 5011 863 5085 siPVLUl
915 5012 956 5068 Ρι
983 5017 1119 5084 ‚opertet
1135 5013 1168 5080 L,
1186 5015 1346 5086 oportuerat
1366 5007 1401 5069 U·
