3698 5364
173 223 447 282 ouuuanuonusr
468 224 629 272 rasurus
851 198 936 280 723
1312 201 1431 271 XXIIII
1450 205 1471 271 3
1492 209 1607 268 24-26

139 371 154 416 a
173 379 207 420 ex
225 363 270 419 die
288 363 379 418 aditae
396 363 483 432 patn'a
500 361 659 418 hereditatis
677 359 790 430 iuoipIat
807 361 834 416 ei
851 360 924 416 dotis
941 359 1057 416 exaotio.
1094 359 1225 426 Quotiens
1239 361 1346 417 mulieri
1358 361 1547 418 satisdandum
1565 366 1609 418 est
1681 417 1688 434 ,

173 453 208 508 de
226 453 361 508 solutione
379 452 453 508 dotis
469 456 533 522 post
551 455 655 507 eertum
674 455 792 520 tempus,
810 449 834 505 si
852 450 967 506 maritus
985 449 1120 506 satisdare
1137 465 1193 506 non
1205 451 1300 521 possit,
1319 456 1385 506 tuno
1402 450 1523 506 dedueto
1535 466 1608 506 oom-

173 541 255 598 modo
273 541 405 612 temporis
423 541 614 597 condemnatio
630 539 732 595 residui
750 543 979 610 repraesentatur:
998 538 1048 596 sad
1060 540 1069 611 I
1089 540 1122 610 si,
1140 555 1201 595 eum
1221 539 1334 595 maritus
1353 539 1487 596 satisdare
1504 544 1607 610 posset,
1626 541 1642 590 t.
1653 543 1698 590 sla

173 632 268 702 nollet,
292 632 320 686 in
343 629 459 686 solidum
484 646 547 686 eum
570 627 806 686 condemnandum
829 629 901 684 llela
924 629 964 684 ait
986 644 1041 684 non
1063 627 1158 684 habIta
1182 630 1288 684 ratione
1310 629 1446 684 oommodi
1468 629 1608 700 temporis.

172 720 271 776 iudicis
289 721 373 790 igitur
389 719 480 776 offioio
498 719 639 788 conuenit,
662 723 693 773 ut
711 723 760 773 aut
782 717 961 772 satisdatione
984 717 1145 788 interposita
1162 717 1288 776 absoluat
1304 719 1432 774 maritum
1450 723 1499 774 aut
1514 717 1609 774 habita
1627 726 1640 768 ο

172 811 278 866 ratione
296 810 525 880 compensationis
543 824 605 865 eum
624 807 796 877 condemnet,
815 805 1017 876 quodquidam
1035 806 1116 863 hodie
1134 807 1223 879 magis
1240 815 1402 879 usurpatur:
1426 823 1478 864 ueo
1496 805 1609 862 terenda

173 905 216 954 est
233 900 342 970 mulier,
361 899 385 954 ai
402 899 477 954 dloat
495 899 583 968 magia
601 913 632 954 se
650 897 720 952 uelle
738 896 895 952 dilationem
913 895 972 966 pati
990 913 1072 967 quarn
1090 897 1119 953 iu
1136 899 1388 968 repraesentatione
1406 897 1607 954 deduetiouem.

139 989 154 1034 ⁸
173 987 238 1044 Siue
256 993 348 1044 autem
366 988 456 1043 mariti
474 989 533 1043 siue
551 988 644 1043 uxoris
660 987 782 1058 perieulo
801 985 852 1042 dos
870 984 935 1056 fnit,
959 986 1042 1042 nihilo
1063 987 1154 1043 minus
1176 987 1298 1057 legitimo
1316 989 1439 1057 tempore
1456 987 1539 1043 debet
1556 987 1609 1042 sol-

138 1077 238 1134 4uere
256 1079 378 1133 maritus.
415 1076 445 1134 si
462 1077 506 1132 uir
523 1078 664 1133 uoluntate
682 1076 802 1131 mulieris
820 1091 916 1132 seruos
934 1075 1040 1131 dotales
1055 1076 1251 1146 manumiserit,
1270 1076 1294 1130 si
1306 1075 1416 1146 quidem
1435 1062 1609 1151 [Q

172 1167 274 1223 donam
299 1167 324 1222 ei
347 1167 445 1222 mulier
467 1166 566 1236 uoluit,
590 1181 642 1222 nee
664 1165 699 1221 de
720 1164 855 1221 libertatis
879 1181 964 1221 eausa
985 1165 1120 1236 Impositis
1142 1165 1168 1221 ei
1190 1165 1362 1236 praestandis
1379 1164 1531 1220 tenebitur:
1550 1160 1609 1247 Πιῑ)
1628 1182 1657 1223 ιο

172 1256 246 1328 quod
264 1257 288 1312 si
305 1257 446 1326 negotium
464 1255 600 1312 intereos
617 1261 727 1326 gestum
745 1258 797 1326 ost,
815 1255 909 1326 utique
927 1254 1077 1325 tenebitur,
1100 1259 1132 1310 ut
1154 1251 1245 1311 officio
1268 1253 1367 1310 indiois
1385 1259 1484 1310 oaueat
1500 1241 1609 1310 restitu-

139 1347 263 1402 bturum
283 1361 313 1401 se
331 1345 449 1415 mulieri,
474 1343 607 1415 quidquid
630 1343 666 1399 ad
688 1359 751 1400 eum
774 1359 810 1400 ex
832 1343 913 1400 bonis
936 1342 1026 1400 liberti
1048 1343 1093 1400 uel
1116 1358 1152 1399 ex
1174 1342 1341 1414 obligatione
1364 1343 1543 1414 peruenisset
1580 1341 1609 1400 Si

172 1436 287 1491 maritus
305 1450 407 1490 saeuus
424 1435 453 1489 iu
471 1449 566 1490 seruos
584 1433 690 1489 dotales
707 1431 768 1503 luit,
786 1432 946 1504 uidendum,
965 1449 1000 1488 an
1018 1433 1053 1488 de
1071 1432 1124 1489 hoo
1140 1433 1229 1504 possit
1246 1433 1394 1490 oouueuiri.
1423 1437 1452 1488 et
1463 1433 1486 1488 si
1498 1432 1609 1503 quidem

172 1527 280 1580 tantm
298 1525 326 1579 iu
344 1539 440 1580 seruos
458 1523 551 1580 uxoris
568 1537 669 1578 saeuus
691 1520 758 1592 fuit,
781 1526 890 1578 oonstat
912 1538 975 1578 eum
992 1523 1080 1578 teneri
1098 1522 1150 1578 hoo
1167 1523 1290 1579 nomiue:
1314 1522 1338 1578 si
1360 1537 1427 1578 uero
1451 1527 1480 1576 ot
1497 1521 1525 1576 iu
1544 1536 1609 1577 suos

173 1617 217 1668 est
234 1617 333 1668 natura
350 1613 422 1683 talis,
440 1611 530 1668 adhue
547 1609 694 1667 dioendum
712 1615 756 1665 est
772 1611 981 1668 immoderatam
998 1612 1058 1668 eius
1076 1612 1221 1668 saeuitiam
1238 1612 1291 1669 hoo
1303 1611 1403 1668 iuditio
1415 1609 1609 1666 ooeroendam:
1628 1619 1657 1662 ss

173 1703 300 1772 quamuis
317 1702 390 1757 enim
408 1703 576 1774 diligentiam
594 1715 665 1757 uxor
686 1715 747 1755 οοιο
770 1700 881 1756 demum
903 1700 939 1757 ab
956 1716 989 1757 eo
1007 1701 1113 1771 exigat,
1138 1717 1220 1772 quam
1244 1701 1326 1758 rebus
1345 1701 1402 1756 suis
1420 1700 1540 1770 exigam,
1559 1715 1610 1756 nso

173 1791 235 1861 plus
253 1791 349 1862 possit,
369 1797 490 1847 attam
508 1791 638 1860 saeuitia,
656 1805 727 1860 quae
745 1790 773 1846 in
790 1789 907 1860 proprlis
925 1790 1062 1860 eulpauda
1078 1795 1134 1860 est,
1152 1790 1180 1845 ln
1199 1791 1295 1846 alienis
1313 1789 1466 1847 eoereeuda
1483 1793 1539 1860 est,
1558 1788 1611 1845 hoo

140 1883 155 1930 6
174 1883 217 1934 est
234 1879 262 1934 in
280 1879 427 1936 dotalibus.
464 1879 494 1936 Si
511 1889 580 1936 uxor
597 1879 649 1942 uiri
667 1893 724 1934 rem
742 1879 957 1936 oommodaaertt
973 1893 1061 1949 eaque
1078 1879 1201 1950 perierit,
1219 1879 1378 1949 uidendum,
1397 1895 1432 1934 an
1451 1891 1610 1949 oompeusa·

173 1968 275 2024 donem
299 1968 351 2025 hoa
375 1969 484 2026 nomine
506 1970 565 2040 pati
587 1968 683 2038 possit
710 1973 740 2024 et
763 1973 843 2040 puto,
866 1969 889 2024 si
912 1968 1022 2039 quidem
1044 1967 1183 2040 prohibuIt
1205 1983 1266 2024 eam
1290 1969 1405 2023 maritus
1427 1967 1610 2039 commodare,
1723 1983 1725 1988 ’

174 2059 267 2114 statim
285 2057 477 2114 deductionem
495 2057 567 2114 liert:
586 2057 610 2114 si
628 2073 694 2114 uero
712 2073 767 2114 non
785 2057 924 2128 prohibuit
941 2041 1009 2113 eam'
1020 2057 1208 2127 commodare,
1227 2055 1339 2114 arbitrio
1356 2056 1455 2112 iudiois
1473 2057 1611 2113 modinum
1630 2067 1659 2109 ao

141 2149 155 2196 7
174 2152 283 2218 tempus
301 2147 327 2202 ei
345 2147 480 2218 indulgeri
498 2147 652 2203 dandonem
670 2145 821 2217 praebenti.
857 2146 886 2203 si
903 2145 977 2203 bona
994 2147 1115 2203 mulieris
1132 2161 1182 2217 pro
1193 2151 1273 2216 parte
1285 2145 1498 2218 sintpublioata,
1517 2162 1610 2217 super·

174 2243 217 2292 est
235 2237 341 2292 mulieri
358 2238 479 2308 reliquae
496 2237 582 2308 partis
600 2235 673 2291 dotis
692 2237 813 2292 exantio:
831 2236 893 2306 plus
910 2241 993 2307 puto:
1011 2240 1040 2292 et
1057 2236 1081 2292 si
1098 2240 1162 2306 post
1178 2235 1253 2290 litem
1272 2239 1453 2292 contestatam
1471 2235 1611 2308 publieata

174 2325 211 2382 sit
227 2341 277 2397 pro
294 2331 373 2397 parte
391 2325 450 2397 dos,
468 2323 588 2381 suffioiet
605 2323 746 2381 arbitrium
764 2325 862 2382 iudieis
880 2326 916 2382 ad
933 2326 1020 2397 partis
1037 2324 1292 2382 condemnationem
1309 2321 1473 2382 iaoiendam.
1501 2325 1611 2396 quodsi

174 2419 234 2471 tota
251 2415 302 2471 dos
320 2413 461 2486 publieata
479 2414 523 2484 sit,
541 2413 690 2484 exspirabIt
707 2413 847 2471 iuditium.
1630 2427 1660 2468 ιι

117 2495 156 2554 66
227 2505 346 2560 Pnunus
370 2504 439 2560 libro
463 2503 605 2572 trigesimo
628 2508 706 2558 sexto
730 2503 766 2559 ad
789 2505 918 2560 edietum.
956 2502 987 2560 Si
1008 2501 1065 2560 filio
1087 2501 1205 2559 familias
1228 2501 1279 2558 dos
1302 2501 1369 2558 data
1391 2503 1428 2559 sit
1452 2499 1610 2586 [W
1629 2511 1662 2566 s

174 2593 279 2648 iniussu
297 2593 391 2664 patris,
410 2593 445 2648 de
462 2593 570 2664 pesullo
587 2593 698 2664 quidem
716 2599 825 2664 agetur:
850 2593 900 2650 sed
918 2592 977 2650 siue
994 2597 1106 2664 propter
1123 2593 1261 2663 impensas
1279 2607 1296 2647 a
1312 2590 1369 2648 filio
1387 2581 1611 2650 nundinis}

174 2682 234 2737 sino
251 2687 363 2752 propter
380 2697 424 2738 res
443 2681 560 2737 donatas
577 2697 595 2737 a
611 2679 667 2738 filio
685 2683 730 2738 uel
748 2687 855 2739 amotas
872 2679 908 2738 ab
926 2697 1011 2738 uxore
1028 2697 1073 2738 res
1091 2682 1243 2754 peculiares
1266 2680 1318 2738 hoe
1335 2682 1411 2754 ipso,
1435 2683 1510 2752 quod
1527 2683 1612 2740 habet

58 2775 62 2786 ’
174 2771 309 2827 uodonem
327 2773 406 2843 pater
423 2786 458 2826 ex
475 2785 594 2842 persona
610 2770 667 2842 filii,
686 2772 774 2828 maius
792 2772 929 2842 peoulium
947 2770 992 2840 fit,
1015 2775 1044 2826 et
1061 2772 1102 2828 sio
1124 2775 1213 2827 toturn
1231 2775 1275 2826 est
1291 2771 1486 2842 praestandum
1504 2773 1611 2830 mulieri

141 2865 154 2910 1
173 2859 248 2930 quod
266 2865 310 2916 est
326 2860 355 2915 ln
372 2861 494 2931 penulis,
514 2859 596 2930 quia¹
614 2859 704 2916 adhue
722 2861 758 2916 sit
776 2860 850 2932 quod
866 2861 947 2918 uxori
964 2859 1105 2917 debeatur.
1142 2859 1270 2916 lIarItum
1288 2860 1317 2915 in
1334 2860 1475 2916 reddenda
1492 2861 1557 2917 dots
1576 2862 1611 2918 de

173 2947 237 3005 dolo
254 2949 328 3005 malo
345 2953 375 3004 et
392 2949 473 3020 eulpa
490 2965 589 3005 oauera
607 2955 724 3021 oportet.
751 2950 825 3020 quod
843 2951 866 3006 si
884 2951 948 3007 dolo
965 2951 1038 3006 malo
1055 2948 1159 3020 teuent,
1178 2963 1232 3020 quo
1250 2949 1341 3006 miuus
1353 2950 1496 3006 restituere
1514 2952 1611 3024 possit,
1630 2961 1660 3004 ao

173 3038 359 3094 damnandum
377 3053 450 3106 enm,
468 3039 563 3109 quanti
581 3040 680 3095 mulier
696 3040 724 3095 iu
741 3039 816 3096 litem
835 3040 973 3110 iurauerit,
992 3039 1057 3110 quis
1073 3039 1167 3094 inuitis
1185 3037 1264 3094 uobis
1282 3053 1326 3094 res
1345 3044 1453 3096 nostras
1465 3041 1535 3096 alius
1547 3041 1611 3098 ron-

140 3129 237 3183 lnera
255 3143 310 3184 non
327 3125 436 3183 debeat.
474 3127 504 3184 Sl
521 3132 585 3198 post
602 3128 750 3184 diuortium
773 3144 818 3184 res
841 3129 947 3185 dubles
970 3127 1120 3184 deteriores
1137 3125 1228 3183 iaotm
1246 3127 1302 3182 sint
1318 3133 1348 3183 et
1365 3129 1407 3184 uir
1423 3129 1453 3184 iu
1470 3129 1612 3186 reddenda
1673 3183 1676 3190 .

141 3216 238 3272 tuoto
256 3232 359 3272 moram
384 3215 494 3287 feeerit,
518 3217 674 3274 omnimodo
696 3217 889 3274 <lenimentum
912 3217 972 3289 ipso
994 3216 1154 3288 praestabit.
1191 3215 1221 3272 Si
1244 3217 1291 3288 qui
1314 3217 1445 3273 dotalium
1468 3234 1611 3276 seruorum

173 3305 202 3360 in
219 3303 287 3375 iuga
304 3311 396 3376 amnt,
421 3321 520 3362 oauere
538 3305 650 3362 debebit
667 3307 782 3362 maritus
805 3321 835 3363 se
859 3321 908 3363 eos
925 3307 977 3362 uiti
994 3305 1060 3362 boni
1078 3305 1211 3362 arbitratu
1228 3311 1436 3376 personaturum
1454 3312 1483 3364 et
1500 3309 1611 3364 restitu-

140 3393 274 3448 4turum.
310 3392 339 3449 Si
357 3394 399 3448 uir
416 3395 446 3449 in
463 3395 664 3466 quinquennio⁸
682 3396 815 3452 looauerit
832 3394 947 3452 fundum
970 3400 999 3452 et
1020 3399 1085 3466 post
1106 3395 1224 3464 prinum
1248 3393 1319 3451 t‘orte
1342 3411 1444 3452 mnam
1463 3397 1610 3454 dluortium
1629 3408 1659 3450 as

174 3482 358 3551 interneuerit,
377 3481 496 3538 Sabinus
513 3485 553 3538 alt
570 3500 625 3540 non
643 3485 710 3540 alias
729 3483 844 3541 lundum
862 3485 969 3541 mulieri
986 3485 1064 3542 reddi
1082 3487 1216 3555 oportere,
1235 3498 1318 3553 qnam
1336 3485 1484 3557 sioauorit,
1503 3488 1526 3542 si
1544 3487 1611 3558 quid

173 3576 280 3642 praeter
296 3571 379 3626 unius
396 3571 460 3626 anni
477 3572 640 3628 looatiouem
659 3574 774 3630 maritus
791 3573 937 3630 &mustus
955 3573 1004 3644 sit,
1028 3573 1074 3628 id⁸
1092 3587 1123 3629 se
1140 3577 1309 3644 praestatum
1327 3573 1372 3629 iri:
1391 3575 1442 3630 aad
1459 3581 1488 3631 et
1505 3576 1611 3632 mulieri

174 3659 335 3731 eauendum,
354 3659 486 3730 quidquid
503 3667 612 3732 praeter
628 3663 746 3734 primum
764 3679 866 3719 annum
885 3678 920 3718 ex
937 3663 1073 3718 loeatn'ona
1089 3662 1134 3718 uir
1150 3667 1315 3718 oonseoutua
1332 3661 1423 3734 suerit,
1441 3679 1473 3720 ao
1490 3665 1516 3720 ei
1533 3665 1611 3724 nsan-

172 3753 305 3805 tuturum.
1628 3765 1657 3808 aa

116 3830 155 3890 26
225 3837 304 3894 Inun
320 3837 390 3894 libro
407 3839 548 3908 trigesimo
566 3840 684 3912 septImo
702 3839 739 3896 ad
756 3839 885 3897 adlatum.
922 3839 1012 3896 Semel
1030 3855 1107 3896 mora
1123 3837 1197 3896 laeta
1215 3840 1239 3896 si
1256 3855 1367 3897 seruum
1385 3841 1433 3898 do
1452 3836 1609 3926 QTsT-a}
1628 3847 1650 3904 S

172 3927 255 3982 talem
277 3933 375 3997 postea
398 3928 529 3985 offerente
552 3930 651 3986 marito
674 3929 772 3985 mulier
794 3930 919 4000 aenipere
942 3931 1060 3986 noluerit
1082 3933 1111 3986 at
1131 3930 1172 3985 ita
1193 3929 1218 3985 is
1236 3929 1399 4002 deessserit,
1424 3945 1479 3987 non
1497 3931 1610 3987 debebit

172 4015 290 4086 pretium
308 4016 368 4072 eius
386 4018 501 4074 maritus
519 4019 564 4075 uel
581 4017 662 4076 heres
679 4019 747 4090 eius,
765 4033 801 4076 ue
819 4019 949 4075 damnum
967 4018 1081 4088 sentiat,
1106 4017 1180 4089 quod
1198 4024 1296 4089 postea
1311 4019 1443 4076 offerente
1461 4035 1495 4077 eo
1512 4020 1611 4076 mulier

172 4106 297 4176 aenipere
313 4105 409 4162 uoluIt.

171 4195 314 4264 murro)

171 4279 1609 4384 Meum-W

173 4424 345 4481 2dsdu⁴oto
368 4423 405 4480 F*
464 4425 689 4496 3rspraestatnr
711 4429 745 4482 F:
768 4427 807 4482 sic
830 4427 862 4482 ri
916 4427 993 4500 (ua),
1019 4431 1048 4484 sd
1069 4436 1105 4485 eat
1127 4429 1151 4484 si
1174 4428 1241 4498 qnid
1263 4428 1353 4484 adhue
1370 4444 1455 4500 supra
1470 4429 1608 4500 peeulium

172 4497 247 4550 leand
260 4497 411 4568 napoxps'sna
424 4497 614 4552 aarabrsazsrar
624 4499 673 4552 BS
682 4497 755 4570 (un),
769 4500 860 4564 riserat
915 4499 995 4556 uxori
1007 4500 1148 4570 debeatur,
1162 4501 1207 4554 aba·
1217 4520 1371 4574 quamquam
1379 4516 1462 4570 supra
1470 4501 1607 4572 peculium

174 4565 329 4622 ιἰκιτιλίκκ
354 4567 506 4639 πιριχριῖιιι
524 4569 550 4622 Β
569 4569 678 4636 (Aaron.)
731 4571 792 4626 ssi
810 4571 861 4641 ulr]
915 4575 981 4626 mab
998 4573 1124 4628 adiectum
1137 4578 1174 4626 ast
1186 4574 1255 4636 (anm
1267 4573 1400 4626 dicendum
1409 4576 1468 4645 jirit
1485 4587 1568 4641 supra
1579 4571 1609 4626 id

173 4638 248 4708 quod
265 4640 289 4694 si
303 4639 349 4693 uit
366 4640 403 4693 D.
416 4643 431 4694 t.
442 4659 506 4711 pana
524 4646 529 4701 Ι
545 4639 699 4710 siquidem}
719 4657 782 4696 eum
796 4643 862 4696 D.t
915 4641 990 4712 quod
1011 4643 1073 4713 ipsa
1094 4658 1164 4699 uxor
1186 4641 1269 4697 debet
1291 4643 1422 4712 pesullo),
1450 4650 1534 4698 tumen
1554 4661 1607 4730 pro

171 4728 238 4780 pam.
284 4711 318 4765 15
329 4711 517 4780 coemendam]
528 4711 710 4767 coerceridam
720 4713 757 4765 F¹
801 4714 864 4768 268
916 4715 981 4784 quio
1005 4722 1129 4786 intonaret
1152 4715 1253 4768 ardens
1274 4713 1491 4784 sareptensi
1533 4713 1581 4769 md
1598 4715 1607 4780 ΙΙ

173 4778 228 4834 tilio
244 4778 362 4850 'quidem
385 4787 483 4852 agetur
505 4782 555 4838 sed
579 4783 638 4838 siue
656 4781 863 4854 propter’fami-
916 4785 1030 4840 maritur
1041 4785 1079 4838 F·
1123 4785 1158 4840 30
1176 4784 1346 4856 eteulpa...
1359 4785 1421 4840 doio
1435 4729 1606 4840 maloItaF¹

173 4850 224 4905 lias
242 4851 279 4903 F'
331 4853 365 4907 27
384 4852 546 4908 uxore‘s'F’
595 4855 630 4910 29
648 4855 713 4925 quia
726 4854 865 4911 adhaesit
916 4857 950 4912 31
969 4859 1074 4982 ?uantu
1097 4857 1134 4910 F¹
1156 4857 1161 4924 Ι
1182 4856 1261 4912 nouis
1279 4857 1306 4910 F
1352 4857 1387 4910 32
1408 4857 1552 4911 rotariores
1569 4855 1607 4910 Ρ

173 4921 249 5006 quod
271 4923 351 5010 uxori
370 4923 511 5010 debeatur]
536 4925 587 4990 eise
611 4927 649 4980 sai
673 4925 761 4989 uiroc
783 4927 863 4982 πιὲοιι
916 4928 952 4983 34
981 4931 1144 4997 ngta⁴eruut
1160 4928 1198 4981 F’
1246 4927 1282 4984 36
1300 4927 1432 4982 aliasffl
1475 4927 1510 4983 di
1528 4941 1606 4998 pras-

172 5012 222 5056 τογ
239 5004 378 5059 uenerator
403 4998 590 5066 repedarunt
609 5017 631 5052 τι
649 4997 681 5070 τῇ
701 4999 797 5064 maarai
815 4999 865 5054 Rs
916 5003 960 5056 tor
977 4999 1018 5069 Fr
1033 4995 1263 5071 praestatu‘m’l'
1315 4999 1351 5055 42
1368 4996 1518 5070 pr'a'otlum
1536 4999 1575 5053 F’

1332 5087 1394 5144 461
