3584 5356
246 175 275 242 V'
300 177 316 241 1
340 179 455 236 12-18
928 162 1028 245 166,
1476 189 1523 236 na
1545 189 1686 238 muscus

189 335 226 393 12
300 332 420 386 Pronus
442 329 512 386 11οο0
536 329 653 398 septimo
676 326 783 382 decimo
806 325 843 381 ad
865 325 993 382 edictum.
1030 325 1100 382 Cum
1122 331 1233 396 praetor
1250 341 1336 382 uuum
1354 326 1529 396 expluribus
1547 323 1685 410 Q
1716 335 1743 389 Ε

213 434 225 477 1
246 419 368 476 iudicare
385 422 476 488 aaut,
499 417 597 472 ceteris
615 417 643 471 id
662 416 832 471 committere
849 414 968 469 uidetur.
1004 414 1125 470 indicem
1145 413 1210 468 dare
1227 421 1356 486 possunt,
1374 415 1475 484 quibus
1492 415 1545 472 hoe
1561 417 1623 487 lege
1641 418 1685 472 uel

248 507 443 563 eonstitrrtionc
460 507 505 561 uel
523 510 636 561 senatus
654 505 778 562 consulto
790 503 956 560 conceditur.
983 505 1053 572 lege,
1072 503 1143 558 deut
1153 503 1316 573 proconsuli
1343 504 1487 575 isquoque
1499 506 1545 560 cui
1555 505 1686 560 mandata

247 600 291 652 est
314 595 465 650 iurisdictio
487 593 605 649 iudicem
629 593 695 648 dare
718 597 824 664 potest:
845 596 878 648 ut
894 595 960 647 sunt
975 592 1061 662 legati
1079 593 1281 662 proconsulum.
1317 593 1382 647 item
1400 591 1428 648 hi
1446 592 1545 662 quibus
1563 594 1592 649 id
1609 609 1685 650 more

213 697 228 742 a
248 699 408 740 conoessum
426 688 470 739 est
486 688 598 753 propter
615 683 672 737 uim
689 682 803 752 imperii,
822 682 894 736 sicut
905 679 1061 751 praefectus
1073 680 1134 738 urbi
1146 682 1284 750 ceterique
1296 681 1399 738 301000
1411 683 1597 751 magistratus.
1623 682 1685 739 Non
1701 695 1715 738 t

247 777 340 829 autem
359 787 454 828 omnes
473 771 578 828 iudices
595 770 655 826 dari
672 775 789 840 possunt
806 769 842 825 ab
860 769 902 824 his
920 770 968 838 qui
986 769 1083 826 indicis
1101 768 1185 824 dandi
1202 769 1246 825 ins
1264 768 1377 825 habeut:
1401 770 1513 840 quidm
1531 772 1604 826 enim
1622 772 1685 842 lege

247 861 432 932 impediuntur
449 876 485 915 ne
502 859 607 916 iudices
624 860 688 929 siut,
706 858 818 927 quidam
836 863 942 928 natura,
961 859 1072 928 quidam
1090 856 1219 914 moribus.
1250 863 1356 927 natus,
1374 863 1406 914 ut
1420 859 1519 914 surdus
1531 865 1636 920 mutus:
1656 864 1686 915 et

246 953 381 1021 perpetuo
398 948 517 1005 firriosus
535 952 564 1004 et
581 947 721 1018 impubes,
745 947 811 1017 qnia
827 947 929 1003 iudicio
946 952 1048 1003 carent.
1078 947 1140 1016 lege
1157 946 1318 1016 impeditur,
1342 947 1389 1016 qui
1407 953 1505 1004 senato
1522 952 1614 1003 motus
1632 953 1684 1004 est

246 1038 368 1094 moribus
385 1036 503 1093 feminae
521 1041 550 1092 et
568 1036 655 1106 serui,
674 1052 729 1092 uon
747 1037 812 1107 quia
830 1051 885 1092 nou
903 1035 1005 1090 habeut
1022 1035 1166 1105 iudicium,
1185 1035 1233 1090 sed
1252 1035 1317 1104 quia
1334 1040 1476 1106 receptum
1494 1040 1550 1105 est,
1569 1041 1602 1091 ut
1618 1037 1683 1092 ciui·
1723 1051 1726 1057 ’

213 1141 227 1184 a
245 1126 317 1183 libus
341 1125 439 1183 officiis
462 1140 518 1182 non
540 1123 698 1195 iungantur.
734 1124 787 1191 Qui
810 1129 927 1195 possunt
949 1139 1011 1180 esse
1031 1124 1149 1194 iudices,
1172 1123 1238 1180 nihil
1256 1124 1370 1180 interest
1386 1124 1414 1179 iu
1432 1128 1572 1193 potestate
1588 1141 1624 1180 an
1642 1125 1685 1182 sui
1705 1139 1732 1178 ro

245 1216 312 1271 iuris
330 1217 394 1271 sint
1486 1251 1489 1254 -

191 1307 227 1364 13
299 1303 394 1360 cums
417 1303 486 1360 lrlrro
510 1303 627 1373 septimo
645 1301 682 1357 ad
699 1300 824 1357 edictum
838 1301 1013 1370 prouincialc.
1049 1301 1082 1356 ln
1100 1297 1190 1364 tribus
1205 1300 1266 1355 istis
1283 1300 1392 1356 indiciis
1409 1299 1529 1357 familiae
1561 1313 1614 1372 Ba,
1623 1315 1645 1370 o,
1655 1316 1685 1360 10
1717 1309 1744 1364 Ε

246 1391 438 1462 οτοίοοιιοᾱοο,
461 1393 598 1448 communi
621 1390 772 1447 diuidundo
796 1395 826 1446 et
847 1389 942 1446 linium
963 1389 1148 1459 regundorum
1170 1389 1309 1458 numurus
1329 1389 1391 1459 quis
1409 1394 1486 1446 actor
1503 1378 1685 1461 intellegatis]

245 1481 310 1552 quis
332 1497 383 1551 par
404 1496 489 1537 causa
511 1481 632 1538 omnium
655 1479 773 1536 uidetur.
806 1479 856 1534 sed
880 1478 969 1548 magis
991 1479 1096 1548 placuit
1112 1492 1174 1534 eum
1193 1478 1280 1534 uideri
1298 1483 1418 1534 actorem
1436 1479 1483 1548 qui
1500 1479 1537 1535 ad
1554 1480 1685 1536 iudicium

244 1574 431 1640 prouocasset.
1705 1581 1732 1622 rs

190 1659 228 1717 14
299 1657 450 1714 umarus
468 1657 536 1714 libro
555 1657 676 1714 meando
689 1656 914 1727 disputationum.
943 1655 998 1711 Sed
1010 1669 1072 1711 oum
1085 1653 1167 1710 ambo
1179 1655 1214 1710 ad
1227 1655 1357 1711 iudieium
1369 1661 1528 1727 prouocare,
1547 1652 1685 1740 Q}
1703 1663 1739 1717 ‘S

246 1751 320 1804 sorte
342 1761 386 1802 res
405 1746 522 1802 discerni
540 1747 618 1802 solet.

190 1835 228 1894 13
299 1837 378 1892 bun
395 1834 464 1890 libro
483 1835 633 1891 uicensimo
650 1835 739 1904 primo
757 1833 794 1889 ad
811 1833 940 1890 edictum.
968 1833 1053 1888 Filius
1067 1830 1200 1888 familias¹
1212 1833 1295 1888 iudex
1313 1834 1337 1888 si
1355 1833 1430 1890 litem
1448 1849 1526 1888 suam
1545 1827 1686 1916 [Μ
1717 1841 1744 1894 Ε

246 1923 343 1994 iaciat,
365 1925 394 1978 in
412 1927 517 1980 mutam
536 1925 717 1994 quantitatem
735 1927 858 1992 tenetur,
878 1937 949 1992 quae
966 1927 1032 1978 tunc
1051 1922 1080 1976 in
1097 1923 1204 1992 peculio
1222 1921 1281 1991 fuit,
1301 1937 1363 1978 cunr
1382 1923 1545 1978 mutantium
1564 1922 1684 1980 dicebat

211 2025 226 2068 ¹1
247 2013 333 2068 ludex
351 2017 418 2068 tunc
434 2013 509 2068 litem
529 2027 608 2068 suam
625 2011 716 2067 iacere
728 2012 902 2082 intellegitur,
920 2011 1058 2066 cumdolo
1071 2012 1182 2067 maloin
1194 2010 1317 2066 fraudem
1330 2012 1400 2081 legis
1412 2012 1575 2066 seutentiam
1587 2012 1686 2068 dixerit
1704 2024 1733 2064 ro

247 2101 321 2170 (dolo
340 2102 412 2156 malo
431 2106 522 2157 autem
541 2101 650 2158 uidetur
667 2101 720 2158 hoc
738 2100 837 2171 iacere,
856 2101 880 2156 si
898 2100 1012 2156 euideus
1030 2105 1162 2170 arguatur
1179 2101 1238 2154 eius
1256 2100 1301 2154 uel
1319 2100 1409 2169 gratia
1426 2100 1475 2155 uel
1486 2100 1687 2156 ‘inimicitiauel

247 2190 329 2246 etism
349 2189 464 2259 sordes),
483 2196 515 2246 ut
531 2205 626 2245 ueram
645 2190 862 2245 aestimationem
879 2189 935 2244 litis
952 2193 1092 2259 praestare
1110 2193 1232 2258 cogatur.

191 2279 228 2336 16
300 2279 378 2334 lusu
396 2277 465 2334 libro
483 2278 578 2347 quinto
597 2278 633 2333 ad
651 2277 780 2333 edictum.
816 2278 937 2334 Iulianus
956 2282 1048 2334 autem
1065 2278 1094 2332 in
1111 2276 1238 2332 heredem
1257 2276 1368 2346 iudicis,
1391 2277 1439 2347 qui
1455 2278 1531 2334 litem
1549 2273 1687 2362 Q
1719 2283 1756 2336 E'

248 2381 326 2422 suam
344 2365 419 2436 iecit,
437 2371 517 2436 putat
535 2367 671 2422 actionem
689 2370 858 2436 competere:
877 2381 948 2436 quae
966 2367 1103 2436 sentemia
1119 2381 1186 2421 uera
1203 2381 1258 2420 non
1276 2369 1320 2420 est
1337 2370 1366 2420 ot
1383 2367 1510 2422 annuitis
1527 2371 1686 2424 notataest
1705 2377 1734 2418 st

190 2453 228 2513 l'l
301 2455 379 2510 lnars
396 2454 465 2510 libro
484 2455 633 2510 uicensimo
649 2453 771 2510 secundo
784 2453 819 2509 ad
832 2455 961 2510 edictum.
989 2455 1110 2509 lulianus
1122 2455 1169 2524 ait,
1187 2454 1211 2508 si
1223 2453 1292 2509 alter
1303 2468 1337 2508 ex
1349 2454 1531 2525 litigatoribus
1549 2451 1687 2540 [affl]
1719 2461 1745 2516 Ε

213 2597 214 2606 ,
249 2544 366 2599 iudicem
391 2545 479 2614 solum
503 2543 630 2598 heredem
655 2543 701 2597 uel
724 2557 758 2596 er
782 2542 988 2612 praefecerit,
1013 2543 1082 2598 alius
1100 2541 1183 2598 iudex
1201 2543 1356 2622 cocomario
1374 2543 1525 2600 sumendus
1542 2551 1598 2616 est,
1622 2546 1687 2616 quia

249 2632 371 2702 iniquum
390 2637 434 2688 est
451 2633 568 2702 aliquem
587 2645 654 2686 suae
672 2631 711 2686 rei
729 2629 847 2686 iudicem
865 2630 933 2686 lieri.

193 2719 231 2778 13
302 2721 380 2776 Iucu
403 2719 472 2776 lrlrro
495 2720 645 2776 uicensimo
668 2721 750 2776 tertio
773 2720 808 2774 ad
826 2720 961 2774 edictum.
981 2718 991 2791 l
1011 2717 1041 2774 Si
1058 2719 1166 2788 longius
1184 2719 1301 2789 spatium
1320 2719 1529 2776 intercessurum
1549 2718 1687 2804 W
1720 2727 1746 2782 Ε
1767 2726 1785 2774 t

250 2810 310 2878 erit,
329 2824 384 2879 qno
402 2809 493 2865 miuus
511 2809 593 2864 iudex
612 2808 694 2864 datus
712 2823 824 2878 operam
842 2808 931 2877 possit
947 2808 1022 2877 dare,
1040 2809 1140 2864 mntmi
1157 2823 1220 2863 eum
1234 2807 1311 2863 iubet
1321 2813 1445 2878 praetor:
1463 2807 1515 2864 lroc
1526 2817 1569 2866 est
1581 2813 1605 2867 si
1616 2811 1687 2868 sorte

250 2898 395 2968 occupatio
413 2898 504 2968 aliqua
521 2897 639 2952 iudicem
657 2913 713 2952 non
730 2897 851 2967 patiatur
869 2912 980 2966 operam
998 2897 1100 2952 iudicio
1118 2897 1192 2966 dare,
1211 2896 1348 2951 incidente
1365 2894 1522 2953 infirmitate
1537 2900 1582 2955 uel
1593 2915 1687 2958 ueces-
1706 2911 1734 2952 co

217 2998 230 3042 1
250 2987 323 3042 saria
339 2985 508 3056 proiectione
526 2987 571 3041 uel
588 2985 628 3040 rei
647 3001 714 3041 suae
731 2985 872 3042 familiaria
890 2985 1018 3055 periculo.
1048 2983 1078 3040 Si
1095 2983 1166 3040 filim
1185 2983 1300 3040 familias
1319 2999 1354 3040 ex
1371 2986 1464 3054 aliqua
1480 3001 1561 3058 noxa,
1580 3003 1616 3044 ex
1633 3005 1689 3058 qua
1719 3027 1724 3036 .

249 3075 321 3144 patri
340 3075 412 3130 actio
430 3075 575 3144 competit,
594 3075 662 3130 uelit
678 3075 809 3145 experiri,
828 3075 868 3130 ita
886 3073 995 3130 demum
1014 3073 1197 3143 permittuuus
1216 3073 1242 3128 ei
1261 3087 1351 3142 agere,
1369 3083 1394 3128 rr·
1411 3089 1465 3130 non
1484 3076 1521 3130 rit
1537 3077 1584 3145 qui
1600 3075 1688 3146 patris

250 3164 361 3218 nomine
379 3168 453 3233 agat.
481 3179 545 3218 narn
564 3169 593 3219 et
610 3164 715 3220 Iuliano
731 3165 832 3234 placet,
851 3163 875 3218 si
893 3161 965 3217 iilius
982 3159 1099 3216 familias
1116 3162 1261 3230 legationis
1279 3163 1323 3216 uel
1335 3163 1487 3218 studiorum
1499 3165 1590 3233 gratia
1601 3164 1689 3220 aberit

250 3255 279 3308 ct
295 3253 341 3307 nel
358 3249 462 3306 furtum
481 3252 525 3306 uel
544 3251 673 3307 damnum
691 3253 806 3308 iniuria⁸
822 3265 922 3322 passus
941 3251 989 3305 sit:
1008 3265 1090 3320 posse
1107 3265 1171 3305 eum
1189 3251 1249 3304 utili
1262 3249 1363 3306 iudicio
1376 3266 1466 3322 agere,
1484 3267 1520 3308 ne
1532 3252 1599 3308 dum
1610 3259 1689 3322 pater

251 3343 428 3410 exspectatur
445 3340 580 3411 impunita
598 3341 653 3395 sint
670 3339 812 3410 maleficia,
831 3341 897 3410 quia
912 3344 992 3410 pater
1010 3344 1141 3394 uenturus
1154 3355 1208 3394 non
1221 3343 1264 3393 est
1275 3339 1319 3394 uel
1331 3339 1397 3395 dum
1408 3341 1492 3410 uenit,
1510 3356 1541 3396 se
1553 3341 1689 3398 subtrahit
1706 3355 1734 3396 ac

251 3430 275 3484 is
293 3429 341 3498 qui
359 3443 459 3484 noxam
478 3431 623 3484 commisit
651 3429 724 3486 unde
742 3444 795 3499 ego
813 3443 922 3498 semper
938 3427 1062 3498 probaui,
1081 3432 1120 3496 ut,
1138 3427 1162 3482 si
1179 3436 1224 3482 res
1242 3441 1296 3482 non
1315 3442 1349 3482 ex
1367 3427 1501 3484 maleficio
1519 3430 1620 3500 ueniat,
1639 3430 1689 3486 sed

250 3533 286 3572 ex
304 3523 459 3588 contractu,
483 3517 584 3573 debeat
600 3515 672 3572 filius
690 3531 773 3586 agere
790 3517 851 3572 utili
866 3516 976 3585 iudicio,
995 3514 1066 3570 forte
1083 3515 1238 3586 depositum
1256 3521 1384 3586 repetens
1401 3517 1445 3572 uel
1464 3519 1586 3574 mandati
1604 3535 1688 3590 agens

252 3606 295 3661 uel
314 3607 459 3675 pecuniam
478 3621 560 3675 quam
578 3605 694 3661 credidit
711 3611 816 3676 petens,
835 3606 859 3661 si
877 3604 947 3660 lotte
964 3610 1043 3675 pater
1061 3605 1089 3659 in
1106 3605 1248 3675 prouincia
1265 3605 1309 3673 sit,
1326 3604 1386 3673 ipse
1399 3609 1490 3660 autern
1502 3605 1573 3663 iorte
1584 3608 1688 3663 Romae

251 3693 296 3748 uel
314 3693 465 3749 studiorum
484 3709 569 3750 causa
586 3695 630 3750 uel
649 3695 702 3750 clia
720 3695 793 3752 iusta
810 3709 845 3749 ex
862 3709 947 3749 causa
964 3697 1043 3764 agat:
1062 3709 1105 3764 ne,
1124 3695 1147 3750 si
1165 3695 1190 3749 ei
1209 3709 1263 3750 non
1281 3694 1437 3750 dederimus
1454 3695 1598 3766 actionem,
1616 3695 1688 3752 futu·

250 3819 276 3871 F
285 3817 437 3889 [Passio]

253 4016 262 4048 ι
271 4017 384 4098 fimens
401 4011 436 4096 13,
460 4015 506 4068 aa
520 4020 580 4086 pou
597 4011 669 4068 suus
688 4011 804 4068 saunas
821 4013 901 4068 seca
918 4011 966 4068 uer
985 4013 1121 4069 escun
1137 4015 1178 4068 co
1193 4015 1291 4068 samua
1305 3976 1370 4068 nae
1382 4014 1500 4069 orooro
1516 4015 1619 4071 asma
1636 4035 1689 4072 sm

251 4085 263 4119 ²
281 4083 326 4138 uel
344 4099 469 4138 rurunam
488 4093 534 4138 trus.
554 4087 589 4152 (ο.
603 4086 631 4152 ι’.)

252 4221 355 4280 lllbro
373 4222 440 4279 xuiii
452 4223 537 4288 Pis,
555 4222 624 4279 libro
642 4223 760 4279 xmmU
811 4223 876 4279 aid
894 4244 943 4280 om¹
999 4225 1064 4290 lnior
1091 4224 1238 4297 uptrsaroc
1266 4225 1293 4278 B
1363 4225 1398 4280 32
1421 4225 1488 4280 uelit
1510 4227 1629 4296 experiri
1651 4227 1690 4284 ita

252 4293 292 4347 P·
312 4295 318 4361 Ι
337 4291 398 4363 hoc}
424 4311 441 4348 a
463 4293 571 4348 PVLU
627 4296 818 4364 aproconsul
841 4296 946 4351 PVLU
997 4297 1107 4352 demum
1120 4295 1312 4366 permittimur]
1326 4296 1369 4350 ius
1380 4296 1455 4361 P¹V,
1471 4297 1551 4350 incl
1568 4298 1573 4366 Ι
1589 4299 1688 4367 sinon]

250 4364 384 4489 41οἷ010
405 4365 445 4418 Ρ’
498 4365 613 4420 durbia
637 4366 744 4420 PVLU
795 4366 944 4436 'lquidam
989 4367 1091 4442 sP‘U,
1118 4381 1173 4422 non
1200 4366 1294 4430 FP·V‚
1323 4375 1370 4422 inc.
1390 4367 1426 4420 D·
1490 4367 1526 4422 33
1552 4369 1689 4438 legatione

252 4435 320 4488 mori
340 4435 656 4491 usnatnraom.PVLU
688 4437 816 4506 9praeee
836 4444 894 4492 tum
904 4437 945 4491 P·
999 4439 1105 4492 PVLU
1154 4438 1189 4492 34
1206 4435 1366 4492 uolturium
1388 4436 1509 4493 futurum
1520 4437 1569 4505 1³⁶,
1587 4437 1689 4496 lurtum

253 4505 287 4558 12
298 4505 368 4560 libro
379 4507 408 4560 ui
418 4507 468 4571 P·,
479 4505 569 4561 libroi
585 4507 630 4561 U·
645 4508 679 4564 13
691 4507 805 4563 diuidua
825 4524 870 4562 um
884 4507 943 4578 1²⁶1
998 4508 1037 4564 Ρ*
1053 4511 1058 4576 Ι
1073 4509 1118 4564 uel
1130 4507 1260 4563 damnum
1272 4508 1370 4563 iniuria
1399 4507 1500 4578 iitpra
1514 4509 1529 4562 ir
1543 4512 1635 4566 zasias
1649 4513 1688 4566 B:

251 4580 348 4630 auctor
369 4578 410 4630 P·
470 4578 503 4632 13
526 4578 602 4647 tunc]
626 4591 699 4633 nunc
722 4580 760 4632 P·
817 4580 853 4633 20
874 4579 943 4648 legis
998 4581 1100 4634 uidear
1111 4580 1234 4634 excidisse
1246 4579 1290 4634 uel
1304 4579 1429 4634 iniuriam
1446 4581 1450 4647 Ι
1466 4580 1535 4651 utili]
1548 4581 1637 4636 inutili
1650 4582 1690 4636 Ρ·

252 4645 297 4701 001
315 4651 385 4702 seut
403 4647 444 4700 P·
497 4649 531 4704 21
554 4655 704 4719 arguantur
724 4651 765 4703 P·
817 4651 852 4704 22
871 4649 944 4720 00ςί-
997 4651 1033 4704 35
1050 4649 1126 4719 dum]
1145 4649 1265 4704 nondum
1284 4651 1325 4704 P·
1377 4651 1412 4705 36
1429 4665 1485 4706 nou
1502 4666 1538 4706 ex
1556 4651 1689 4708 maleficio

251 4723 296 4772 tur
318 4718 359 4770 P·
412 4719 445 4772 27
469 4719 512 4772 sni
534 4720 573 4775 rei
596 4721 637 4774 P·
681 4721 725 4775 »23
746 4720 878 4775 uicesimo
902 4735 943 4775 se-
997 4721 1091 4776 ueniat
1108 4720 1204 4776 seder
1218 4724 1359 4776 manacta
1373 4720 1481 4790 debenti
1497 4723 1689 4788 moueatP‘V,

252 4787 342 4843 cundo
352 4789 383 4852 P,
395 4788 452 4842 xxii
465 4789 518 4842 VU
530 4791 534 4858 Ι
550 4791 661 4860 longum
671 4789 710 4846 Ρ·1
726 4793 731 4860 Ι
746 4792 944 4848 intercessurus
997 4791 1114 4846 mouead
1133 4792 1169 4854 L,
1192 4807 1290 4848 sousa·
1313 4791 1359 4855 Ρ,
1384 4797 1494 4847 moueat
1514 4793 1540 4847 U
1590 4796 1627 4850 38
1644 4809 1688 4864 pe

253 4859 328 4912 P·L·
368 4860 438 4914 290
475 4861 563 4914 raP·
602 4863 800 4933 tidopersP·
844 4863 943 4932 iilpe·
996 4863 1117 4917 tansP⁰
1169 4861 1689 4934 39stadiommPluesilnisil',

251 4931 345 5006 riculo]
358 4929 423 4986 ΡἸι
448 4971 458 4996 ,
475 4932 587 5005 proculo
599 4933 673 4992 KP':
693 4933 868 5002 delatratio
887 4934 942 5008 περὶ
996 4934 1058 4994 ussi
1075 4933 1123 4998 P‘,
1142 4946 1206 4990 nam
1224 4933 1249 4991 ei
1266 4931 1341 5002 P⁸U,
1358 4949 1421 4990 uam
1440 4949 1475 4990 ne
1493 4935 1517 4991 si
1535 4935 1571 4990 L·
