3652 5362
153 231 322 282 romaum
343 232 387 280 ιιι
410 228 623 280 ouesuoauss
821 201 908 284 775
1031 285 1040 300 ,
1320 208 1424 279 XXVI
1444 211 1464 278 8
1483 216 1581 274 5-12

154 371 262 441 emerit,
285 371 314 426 iu
331 385 365 426 ea
382 385 467 438 eausa
483 374 540 438 est,
562 372 594 424 ut
611 368 712 438 emptio
730 367 830 424 nudius
848 367 979 422 momenti
996 367 1050 438 sit,¹
1070 368 1135 439 quia
1157 383 1211 426 non
1234 366 1378 427 bonafide
1396 368 1505 424 uidetur
1521 383 1579 425 rem

120 461 287 531 ιςιιιίιιιι
310 463 340 514 et
360 459 401 514 ita
422 463 466 514 est
487 458 648 528 resoriptum
671 473 690 512 a
710 455 775 512 diuo
798 455 900 514 Seuero
922 461 951 512 et
972 453 1121 514 Antonino.
1157 456 1230 513 Sane
1252 458 1276 514 si
1297 458 1357 528 ipse
1381 457 1491 528 quidem
1514 457 1581 514 emit

153 549 256 620 palam,
280 547 356 604 dedit
378 551 470 604 autem
493 561 591 602 nomen
615 561 670 602 nou
687 545 759 600 mala
776 543 831 602 fide
849 545 899 600 sed
916 545 1086 615 simplieiter,
1110 550 1142 601 ut
1158 547 1248 602 solent
1264 545 1433 604 honestiores
1451 561 1506 604 non
1522 547 1581 616 pati

153 638 265 694 nomina
281 653 333 692 sus
349 636 536 692 instrumentis
553 633 672 703 interibi,
690 634 764 690 ualet
781 634 896 703 emptio:
919 633 993 704 quod
1011 635 1035 690 si
1052 634 1162 704 eallide,
1181 635 1254 690 idem
1272 636 1325 691 erit
1341 652 1374 692 ae
1391 637 1415 692 si
1432 651 1481 707 per
1498 636 1580 692 inter·
1635 687 1638 700 ,

121 727 271 797 epositam
294 741 439 796 personam
462 725 582 780 emisset
619 722 674 779 Sed
693 721 763 778 etsi
787 721 905 778 ereditor
928 722 1024 793 pupilli
1048 721 1193 794 distrahat,
1218 739 1305 794 aeque
1328 740 1419 782 emere
1436 724 1509 782 bone
1525 723 1580 780 lide
1598 733 1612 776 ι

120 828 135 874 e
152 816 260 886 poterit
297 813 327 870 st
344 812 416 870 lilius
434 813 532 870 tutoris
549 812 594 868 uel
612 826 683 882 quae
701 811 755 866 alia
771 825 891 882 persona
906 811 960 868 iuri
978 811 1037 866 eius
1054 810 1180 868 subieeta
1196 813 1304 885 emerit,
1327 813 1401 870 idem
1424 815 1476 870 erit
1497 817 1579 884 atque

36 920 37 924 ’
153 905 177 960 si
194 905 253 974 ipse
271 903 390 960 emisset

116 994 135 1053 6
205 993 376 1050 Ροιιιοιιιιιι
393 991 463 1048 libro
480 989 597 1061 septimo
615 988 721 1044 deeimo
739 987 775 1045 ad
787 985 927 1044 Sabinum.
963 988 1090 1059 Tutores,
1108 988 1208 1060 quihus
1224 990 1422 1050 administratio
1441 987 1579 1074 [Q
1612 995 1634 1050 S

153 1081 264 1138 deersta
281 1097 336 1138 non
353 1085 436 1150 esset,
454 1085 593 1150 amquam
611 1083 756 1134 extimens
773 1082 847 1134 reete
866 1094 883 1133 a
899 1077 1003 1150 pupillo
1020 1093 1111 1134 emere
1128 1079 1227 1150 pleeet
1599 1089 1612 1131 ι

116 1172 134 1232 7
206 1171 356 1228 Uarianae
378 1169 447 1226 libro
470 1167 680 1238 quadragesimo
709 1165 744 1221 ad
768 1163 908 1244 Sabinum.
951 1165 1030 1232 Quod
1059 1167 1175 1224 dieimue
1202 1169 1231 1224 in
1259 1183 1316 1224 rem
1345 1184 1423 1224 suam
1442 1163 1580 1252 ffis‘sffl
1613 1172 1634 1228 S

152 1259 343 1316 austeritatem
361 1256 567 1316 aeeommodare
585 1259 702 1312 tutorem
720 1269 775 1310 non
792 1269 887 1324 posse,
910 1255 1012 1312 totiens
1029 1272 1125 1312 uerum
1143 1261 1199 1328 est,
1222 1259 1348 1328 quotiens
1365 1273 1414 1328 per
1432 1264 1519 1314 semet
1536 1258 1581 1312 uel

152 1348 290 1405 suhieetas
307 1347 360 1404 sibi
376 1361 508 1418 personas
526 1345 677 1414 adquiritur
694 1344 720 1398 ei
738 1344 891 1414 stipulatio:
910 1348 1032 1401 aeterum
1043 1347 1184 1416 negotium
1197 1347 1223 1402 ei
1234 1347 1292 1416 geri
1305 1362 1354 1417 per
1365 1347 1581 1418 eonsequentiss,

119 1447 132 1494 t
151 1442 183 1494 nt
199 1438 303 1494 dietum
321 1442 372 1506 eet,
392 1435 457 1491 nihil
474 1433 602 1506 prohibet
619 1433 792 1494 annonast
826 1431 856 1488 Si
874 1432 929 1488 duo
947 1434 987 1488 rei
1004 1435 1059 1490 sint
1076 1435 1224 1505 stipulandi
1242 1441 1271 1492 et
1288 1437 1356 1492 alter
1373 1451 1417 1492 ιιι
1436 1441 1546 1492 auetere
1564 1451 1581 1491 a

150 1527 254 1598 pupillo
271 1526 424 1596 stipuletur,
442 1525 511 1580 alter
528 1524 613 1578 altero
631 1527 720 1578 tutore
739 1525 860 1591 auetore,
878 1521 1022 1578 dioendum
1041 1527 1085 1580 est
1096 1524 1298 1594 stipulationem
1311 1525 1411 1596 ualere,
1429 1526 1468 1581 sle
1479 1531 1580 1596 tamen,

152 1616 176 1672 si
193 1616 342 1672 auotoritas
360 1613 458 1670 tutoris
476 1613 557 1668 unius
574 1610 705 1668 suffieiat:
729 1617 850 1666 eeterum
867 1611 892 1666 si
909 1626 964 1668 non
986 1610 1117 1682 suffieiat,
1141 1612 1288 1672 dicendum
1311 1615 1362 1670 erit
1378 1614 1501 1670 inutilem
1519 1629 1581 1671 esse
1601 1624 1629 1664 ιι

119 1715 134 1762 t
151 1705 363 1776 stipulationem.
400 1701 430 1758 Si
448 1705 477 1758 et
488 1705 572 1772 pater
589 1707 618 1756 et
634 1699 706 1756 lilius
725 1700 771 1770 qui
789 1700 817 1755 in
834 1704 972 1770 potestate
989 1701 1049 1756 eius
1066 1699 1119 1756 init
1140 1707 1245 1758 tutores
1267 1700 1378 1758 fuerunt
1400 1708 1429 1758 et
1449 1709 1529 1774 pater
1546 1703 1583 1758 sit

152 1793 297 1864 stipulatus
314 1791 370 1848 tilio
388 1795 513 1860 auetore,
536 1791 635 1846 nulline
654 1789 784 1846 momenti
807 1789 859 1844 erit
882 1789 1022 1860 stipulatio
1041 1789 1156 1860 ideireo,
1180 1791 1246 1861 quia
1263 1792 1292 1848 in
1309 1807 1366 1848 rem
1384 1793 1469 1863 patrie
1486 1796 1582 1849 auetor

151 1879 302 1938 esseillius
319 1895 374 1938 nen
391 1883 491 1950 petest
1161 1917 1164 1920 -

114 1969 133 2029 8
204 1971 282 2026 lusu
304 1969 372 2026 libro
396 1967 607 2039 quemagesimo
630 1969 728 2022 oetaeo
748 1965 784 2020 ad
801 1963 942 2022 Sabinum.
978 1967 1038 2024 Etsi
1056 1967 1249 2024 condicionalis
1267 1973 1422 2026 eontreetns
1441 1964 1579 2054 [faustis
1611 1975 1633 2030 8

151 2074 214 2116 euna
231 2059 334 2130 pupillo
351 2057 408 2128 liat,
426 2063 501 2114 tutor
518 2055 601 2112 debet
617 2070 685 2126 pure
702 2060 797 2110 auetor
808 2053 881 2112 fieri:
900 2071 963 2112 nam
975 2057 1124 2114 auotoritas
1136 2073 1191 2114 non
1202 2057 1431 2130 eondieioualiter,
1449 2047 1578 2131 ιιιῑριῖι
1596 2070 1626 2112 ιι

150 2147 347 2219 interponenda
363 2152 415 2216 est,
433 2152 466 2203 ut
483 2145 676 2204 eondieionalis
694 2149 849 2200 eontraetue
866 2143 1048 2204 eontirmetur.

114 2239 132 2298 9
203 2237 297 2294 Gerus
314 2237 383 2294 libro
400 2235 562 2292 duodeoimo
581 2233 617 2289 ad
635 2233 754 2289 edietum
771 2233 960 2308 protuineisle.
996 2234 1117 2306 obligari
1137 2250 1172 2292 ex
1189 2235 1264 2292 omni
1280 2241 1422 2293 eontraetu
1440 2233 1578 2321 ιὶιιζιῗι
1610 2241 1722 2298 State

150 2327 268 2398 pupillus
286 2327 345 2382 sine
362 2325 461 2382 tutoris
478 2323 640 2380 austeritate
658 2337 712 2378 non
729 2326 834 2392 potest:
859 2323 1002 2393 adonimm
1025 2329 1116 2380 autem
1139 2324 1193 2380 sibi
1210 2325 1366 2395 stipulando
1383 2329 1413 2381 et
1429 2343 1478 2397 per
1495 2316 1578 2384 trani
1603 2317 1604 2320 ¹

150 2417 252 2472 donem
270 2414 429 2485 aeeipiendo
446 2414 530 2470 etiam
553 2412 614 2468 sine
636 2411 735 2474 tutoris
759 2412 921 2468 auetoritate
944 2417 1049 2482 potest:
1073 2413 1124 2468 sed
1144 2413 1280 2470 eredendo
1302 2413 1424 2484 obligare
1448 2415 1500 2472 sibi
1523 2432 1578 2472 non

118 2513 131 2560 1
150 2509 254 2575 potest,
278 2505 343 2574 quia
366 2504 424 2558 sine
447 2501 546 2558 tutone
571 2501 734 2556 auetoritate
752 2500 819 2557 nihil
837 2502 955 2558 alienare
972 2505 1073 2572 potest
1108 2501 1152 2558 Er
1168 2502 1221 2558 hoe
1238 2508 1345 2572 ιιιιιιι,
1368 2503 1443 2574 quod
1459 2506 1578 2576 pupillus
1595 2514 1624 2556 re

150 2595 252 2650 nullam
269 2608 326 2648 rem
345 2593 403 2648 sine
421 2591 519 2646 tutoris
537 2590 700 2650 auetoritate
718 2589 835 2646 alienare
851 2595 951 2660 potest,
970 2595 1084 2661 apparet
1101 2606 1152 2646 nee
1169 2593 1361 2652 manumittere
1379 2607 1441 2648 eum
1458 2594 1517 2650 sine
1534 2598 1577 2650 tu·

149 2683 217 2742 ιοιίι
235 2682 397 2738 austeritate
414 2694 504 2750 posse.
532 2678 584 2734 hoe
602 2679 718 2749 amplius
735 2678 799 2734 lieet
816 2679 914 2734 tutoris
926 2680 1090 2736 auetoritate
1102 2680 1284 2751 manumittat,
1303 2681 1413 2738 debete
1424 2682 1486 2752 lege
1498 2681 1577 2740 Aelia

116 2770 244 2828 silentia
260 2771 335 2842 apud
352 2771 494 2826 eonsilium
511 2783 622 2824 eausam
641 2767 764 2838 probare.
800 2768 923 2838 Pupillus
940 2783 975 2824 ex
993 2767 1118 2824 omnihus
1140 2770 1231 2824 eaesis
1251 2769 1383 2826 soluendo
1401 2771 1460 2826 eine
1478 2772 1576 2828 tutoris

148 2861 311 2918 auetoritate
329 2859 394 2915 nihil
412 2859 478 2928 aglt,
496 2857 680 2928 quianullum
699 2855 848 2914 dominium
866 2855 1013 2914 transferre
1030 2861 1135 2928 potest:
1153 2858 1177 2912 si
1194 2862 1287 2914 menen
1303 2858 1420 2916 ereditor
1432 2859 1504 2916 hena
1521 2859 1576 2918 fide

115 2951 292 3022 speerrmam
310 2948 406 3020 pupilli
423 2947 630 3016 eonsumpserit,
649 2944 806 3002 liberabitur
822 2946 949 3016 pupillus.
985 2946 1171 3003 Hereditatem
1190 2947 1265 3004 adire
1277 2949 1395 3018 pupillus
1407 2949 1466 3004 sine
1478 2950 1576 3006 tutoris
1594 2960 1622 3002 ee

113 3048 131 3096 t
147 3040 309 3096 auetoritate
327 3053 382 3094 non
399 3042 499 3109 potest,
517 3036 643 3106 quamuis
660 3036 768 3091 luerosa
785 3037 822 3092 sit
833 3049 884 3090 nee
895 3036 979 3092 ιι11ιιιι
995 3034 1097 3092 haheat
1108 3036 1246 3092 damnum.
1272 3037 1331 3094 Nee
1342 3053 1377 3092 ex
1388 3042 1500 3094 senatus
1512 3053 1574 3096 eeu·

114 3138 129 3185 t
147 3131 219 3185 snlto
228 3127 401 3184 Trebelliano
411 3126 590 3184 hereditatem
603 3125 723 3195 reeipere
734 3125 854 3195 pupillus
865 3125 924 3180 eine
935 3125 1034 3182 tutoris
1047 3126 1208 3182 auctoritate
1216 3131 1315 3196 potest.
1333 3128 1421 3184 Tutor
1439 3123 1575 3211 βᾙῖ-ζι

147 3219 240 3274 statim
258 3217 364 3287 inipso
385 3216 643 3286 negotiopraesens
665 3212 749 3269 dehet
770 3219 864 3270 auetor
887 3212 960 3284 lieri,
983 3220 1047 3284 post
1069 3219 1178 3285 tempus
1201 3231 1267 3272 uero
1289 3220 1338 3272 ant
1358 3232 1408 3286 per
1430 3217 1574 3287 epistulam

115 3315 130 3362 e
148 3306 308 3375 interposita
325 3306 383 3360 eius
401 3305 550 3360 auotoritas
568 3302 633 3358 nihil
652 3303 717 3372 agit
744 3303 858 3358 Etiamsi
876 3318 931 3358 non
948 3301 1079 3360 exaudiat
1095 3304 1192 3360 tutoris
1212 3305 1400 3360 auctoritatem
1417 3306 1441 3360 is
1458 3306 1506 3376 qui
1523 3302 1574 3390 Q]

147 3409 210 3450 oum
227 3394 330 3464 pupillo
348 3393 492 3464 eontrahit,
510 3392 617 3462 seriptis
636 3397 727 3447 tamen
745 3391 796 3446 hoe
814 3390 988 3462 adprobatur,
1005 3396 1079 3448 reete
1097 3393 1237 3462 negotium
1252 3394 1363 3465 geritur,
1380 3395 1467 3450 ueluti
1485 3395 1509 3450 ei
1526 3395 1572 3452 ab
1591 3405 1620 3448 es

147 3483 218 3538 senti
236 3482 337 3552 pupillo
355 3497 404 3551 per
421 3483 567 3552 epistulam
585 3480 703 3536 nondam
721 3479 823 3550 aliquid
841 3485 889 3535 aut
906 3481 992 3537 loeem
1011 3486 1041 3536 et
1058 3481 1081 3536 ie
1099 3481 1197 3538 attede
1214 3484 1377 3540 anetemtate
1394 3484 1555 3540 consentiat

91 3568 131 3628 10
199 3569 318 3626 Pennus
334 3569 403 3627 libre
422 3571 552 3628 uieesimo
570 3575 667 3640 quarto
686 3567 722 3624 ed
739 3569 867 3624 edietum.
904 3569 1002 3640 Tutor,
1022 3571 1068 3640 qni
1086 3585 1136 3641 per
1152 3571 1336 3628 ualetudinem
1354 3573 1399 3630 uel
1430 3569 1573 3642 Βῖιῄιῖιι
1592 3579 1633 3635 'li

146 3658 298 3716 absentiam
315 3659 360 3714 uel
378 3659 457 3714 uliam
475 3659 574 3714 iusmm
592 3673 703 3714 eausam
721 3661 816 3713 auetor
833 3657 892 3713 deri
909 3673 963 3714 non
980 3659 1079 3729 potnit,
1096 3674 1152 3716 non
1169 3665 1285 3716 tenetur.

91 3747 126 3804 11
199 3746 293 3802 Gerus
310 3745 379 3802 libro
396 3747 492 3816 quinto
511 3747 617 3804 deeimo
636 3747 672 3801 ad
690 3745 809 3802 edietum
827 3747 1002 3818 prouinciale.
1037 3745 1067 3804 Si
1085 3749 1121 3804 ad
1141 3750 1272 3820 pupillum
1291 3755 1340 3806 aut
1356 3749 1397 3806 fu·
1416 3745 1572 3835 QUI
1603 3757 1625 3813 S

145 3835 246 3892 rlosum
264 3835 397 3892 honorum
415 3837 553 3905 possessio
571 3837 719 3906 pertineat,
743 3835 974 3906 expediendamm
995 3853 1085 3894 rerum
1107 3839 1197 3909 gratia
1214 3843 1243 3894 et
1259 3839 1288 3896 in
1305 3841 1480 3910 agnoseenda
1497 3828 1571 3897 etin
1588 3853 1617 3894 ιι

144 3924 314 3995 repudianda
332 3925 464 3982 honorum
481 3925 655 3994 possessione
673 3924 842 3982 uoluntatem
860 3926 958 3982 tutoris
981 3927 1184 3996 omatoraqnet
1202 3929 1320 4000 speetari
1337 3928 1438 3986 debere
1454 3930 1570 4000 plaeuit:

144 4014 192 4084 qui
210 4014 313 4069 seilicet
330 4014 353 4068 si
370 4013 437 4084 quid
454 4029 547 4070 eorum
565 4018 661 4069 eontra
678 4013 850 4070 eommodum
868 4015 964 4086 pupilli
980 4013 1110 4072 iuriosiue
1127 4014 1249 4088 leeerim,
1266 4019 1368 4075 tutelae
1388 4019 1571 4076 eurationisue

143 4103 244 4160 iudieio
261 4101 434 4158 tenebuntur.

89 4192 126 4250 12
196 4193 339 4248 Ιιιιιιιιυι
362 4191 432 4246 libro
454 4189 585 4246 uieeeimo
608 4189 696 4260 primo
718 4189 896 4262 digestorum.
935 4191 965 4250 Si
987 4207 1084 4250 seruus
1106 4195 1257 4252 eommunis
1280 4200 1345 4252 tuus
1368 4201 1397 4254 et
1414 4192 1570 4283 [Q
1602 4202 1623 4258 8

144 4281 209 4338 Titii
227 4297 244 4336 a
261 4280 366 4352 pupilla
382 4285 432 4336 tua
449 4283 477 4334 te
495 4284 606 4336 auetore
624 4280 742 4350 aliquam
760 4295 816 4336 rem
834 4297 884 4352 per
901 4281 1075 4341 traditionem
1093 4285 1240 4356 aeeeperit,
1261 4290 1319 4342 tota
1336 4285 1372 4342 ad
1389 4287 1491 4344 Titium
1509 4305 1568 4359 per
1588 4297 1616 4340 ιι

142 4369 249 4426 tinebit.
285 4370 465 4426 Μιιοιιιιιι
482 4373 573 4424 notat:
596 4383 659 4423 nam
678 4369 869 4441 quodeunque
887 4371 922 4426 sd
940 4386 1034 4428 omnes
1052 4371 1176 4430 dominos
1194 4389 1248 4430 non
1264 4378 1358 4445 potest
1373 4378 1523 4450 pertinere,
1540 4377 1569 4434 id

142 4473 193 4530 pro
211 4458 299 4515 solido
317 4457 353 4514 ad
371 4473 443 4528 eum,
461 4457 506 4513 eui
524 4457 630 4528 adquiri
647 4461 747 4530 potest,
764 4459 899 4529 pertinere
917 4466 1025 4518 ueteres
1042 4461 1296 4534 eomprohauernnt

141 4557 333 4628 HWDEIO)

143 4689 152 4724 ¹
171 4687 319 4745 auotoritas
336 4687 383 4742 det
402 4687 484 4756 (liat.)
556 4688 772 4746 ’ematorisuei

142 4831 176 4888 12
200 4815 261 4934 ἔξω
283 4815 334 4902 per
356 4829 574 4901 wssfltluitflfitt
597 4832 654 4902 (δὴ)
677 4836 709 4888 ¹1⁶
726 4831 829 4888 ‘fliium
880 4851 1200 4914 tteuratto'r'nlsueil
1221 4853 1423 4930 tbpupilloffll
1449 4858 1565 4920 tieem·

140 4923 184 4975 est
205 4917 271 4975 nihil
289 4919 326 4972 F’
374 4921 406 4975 17
426 4917 490 4990 filio]
509 4915 591 4976 fuerit
607 4923 643 4978 F¹
691 4922 726 4980 23
744 4922 829 4992 stipu·
880 4921 1067 4996 probaberunt
1083 4927 1119 4986 F¹

138 4991 221 5050 undo
230 4987 354 5048 'ha’etF‘
398 4991 434 5048 35
445 5008 507 5050 eum
519 4995 630 5069 pupillo]
643 4995 780 5070 eompnllo
792 4993 828 5048 ΓΙ
