3728 5346
168 233 407 284 samsomrnss
604 237 609 260 ¹
843 212 925 292 321
1399 215 1431 284 X
1453 220 1473 283 2
1493 223 1610 280 ιιι-ιι

169 369 301 428 thamsa
317 370 417 428 risisset
433 371 532 427 euicta
559 372 584 427 si
602 376 695 428 autem
712 372 792 428 heres
810 373 913 428 amauit
930 376 958 427 et
975 371 1050 426 osuit
1068 375 1096 426 et
1114 386 1211 426 seruus
1228 371 1373 441 perueniat
1390 372 1427 427 sd
1443 370 1607 443 nmmum,

137 477 139 488 ι
169 459 309 528 stipulatio
327 460 527 516 committetur:
545 475 617 530 quae
634 461 659 516 si
676 458 759 516 fuerit
777 456 787 528 ΙΙ
807 461 961 529 commissa,
980 474 1099 529 aequum
1117 460 1169 514 erit
1180 460 1275 516 utilem
1288 460 1424 516 actiouam
1437 462 1462 515 ei
1475 460 1609 517 muamus
1626 467 1708 519 Μετ’

169 547 332 602 coheredem
349 547 409 603 dari
427 549 560 622 deficiente
577 550 681 604 duecto
698 548 799 604 iudicio
817 548 935 606 familiae
954 547 1143 620 erciscundae,
1162 563 1198 602 ne
1215 548 1244 602 in
1261 547 1362 604 domm
1381 553 1510 604 moretur.
1544 564 1608 604 nom

169 639 202 690 ut
217 633 338 692 familiae
355 637 533 694 erciscundae
551 637 651 692 iudicio
669 651 751 708 ogere
769 638 830 706 quis
842 639 938 707 possit,
957 653 1011 694 nou
1029 643 1137 692 tantum
1155 636 1285 692 heredem
1303 651 1365 692 esse
1377 641 1493 706 oportet,
1512 651 1608 692 uerum
1680 695 1682 704 ,

170 738 205 778 ex
222 739 257 778 sa
274 739 359 780 causa
376 740 459 795 agere
477 725 522 780 uel
539 725 687 794 conueniri‚
709 741 792 795 quem
810 726 899 795 gessit
916 725 1043 794 quodque
1061 725 1179 795 admisit,
1198 729 1380 794 posteaquam
1397 725 1476 780 heres
1494 725 1609 780 effectura
1627 739 1642 780 s

170 811 219 866 sit:
238 817 359 867 ceterum
378 817 470 868 cessat
487 812 605 868 famlias
624 815 801 869 erciscundae
819 814 900 869 actio.
928 818 957 868 et
967 813 1030 868 ideo
1042 813 1066 870 si
1078 818 1150 882 ante,
1168 828 1249 882 quam
1263 813 1325 883 quis
1337 815 1419 868 sciret
1431 829 1462 869 se
1480 813 1609 870 heredem

170 914 243 968 mse,
267 899 296 955 in
318 900 470 957 hereditats
490 902 593 972 aliquid
610 903 740 972 gesserit,
763 901 883 958 fsmdlue
901 901 1077 956 erciscundae
1095 901 1196 956 iudicio
1214 916 1269 956 non
1287 901 1341 956 erit
1357 901 1447 972 locus,
1471 903 1608 972 quianon

170 987 262 1043 enimc
285 987 399 1044 heredis,
417 991 537 1059 gessisse
555 991 672 1047 uidetur.
705 1005 790 1062 quare
808 991 855 1060 qui
873 995 937 1045 ante
955 989 1058 1046 adum
1076 989 1256 1046 hereditatem
1274 989 1341 1059 quid
1359 991 1458 1060 gessit,
1481 991 1567 1046 ueluti
1585 990 1609 1046 si

169 1079 333 1132 testatorem
354 1079 494 1148 sepeliuit,
517 1078 636 1135 familiae
654 1079 832 1136 erciscundae
849 1079 980 1134 iudicium
997 1094 1052 1134 non
1069 1076 1166 1134 habet:
1190 1077 1240 1133 sed
1258 1078 1282 1133 si
1299 1083 1364 1147 post
1381 1075 1485 1134 sditam
1502 1079 1609 1134 heredi·

126 1189 129 1196 ⁴
170 1168 255 1220 tatem
282 1165 311 1219 id
337 1165 415 1236 fecit,
442 1173 642 1237 cousequenter
668 1169 791 1224 dicemus
817 1166 936 1222 familiae
962 1165 1140 1222 erciscundae
1162 1165 1265 1222 iudicio
1288 1167 1419 1237 consequi
1441 1181 1504 1222 eum
1526 1181 1609 1237 posse
1629 1179 1658 1222 ιο

170 1257 310 1322 sumptum
328 1269 411 1323 quem
429 1254 495 1312 iecit
512 1257 541 1312 in
559 1255 651 1312 funus.
906 1307 914 1323 ,
1190 1303 1192 1308 .
1606 1292 1608 1296 ·

114 1338 154 1397 50
222 1341 301 1396 Inna
317 1342 387 1398 libro
404 1349 484 1399 sexto
501 1345 668 1414 opinionum.
702 1344 778 1410 Quae
795 1349 875 1414 puter
892 1343 948 1400 filio
967 1343 1140 1413 emancipato
1159 1343 1312 1400 studiomm
1331 1359 1416 1400 causa
1434 1339 1609 1428 [ιι-,Μ
1627 1349 1649 1404 S

169 1443 284 1498 peregre
302 1433 395 1499 agenti
414 1431 638 1502 subministrauit,
658 1433 682 1487 si
699 1447 755 1488 non
773 1432 902 1487 credendi
916 1432 1006 1488 animo
1018 1436 1098 1502 pater
1109 1431 1232 1486 mississe
1243 1429 1327 1486 doerit
1338 1432 1540 1503 comprobatus,
1559 1433 1609 1488 sed

61 1557 65 1566 .
169 1517 273 1585 pietate
291 1517 385 1574 dehita
402 1519 514 1576 ductus:
532 1522 561 1576 in
578 1522 711 1577 rationem
729 1521 870 1590 portionis,
888 1535 960 1591 quse
978 1535 1013 1576 ex
1031 1517 1154 1576 defuncti
1172 1519 1252 1576 honis
1270 1519 1306 1575 sd
1323 1519 1441 1576 eundem
1452 1519 1538 1576 hlium
1548 1536 1609 1591 per-

170 1603 259 1674 tinuit,
278 1609 430 1677 computari
448 1610 572 1679 aequitas
590 1625 646 1664 nou
663 1610 775 1680 patitur.
1630 1618 1658 1660 ¹⁶

92 1702 102 1735 -“
114 1692 151 1750 51
222 1695 365 1751 Iumsuus
382 1696 451 1752 libro
468 1703 567 1753 octauo
586 1698 764 1768 digestorum.
796 1697 918 1766 Fundus,
937 1696 984 1766 qui
1002 1696 1074 1752 dotis
1092 1696 1202 1752 nomine
1220 1711 1315 1752 socero
1332 1695 1416 1752 tradi·
1435 1691 1610 1782 [affl
1628 1701 1650 1756 S

79 1825 81 1828 .
170 1787 215 1838 tus
233 1781 328 1854 hierii,
347 1801 409 1840 oum
428 1801 507 1842 socer
523 1785 609 1841 filium
628 1801 663 1842 ex
681 1787 773 1856 ahqua
789 1791 868 1856 parte
886 1785 1015 1842 heredem
1033 1785 1194 1854 instituerit,
1213 1800 1262 1854 per
1280 1783 1411 1840 urbitium
1429 1783 1550 1842 familiae
1568 1802 1609 1842 er-

171 1869 318 1928 ciscundae
340 1875 461 1943 praecipi
483 1875 523 1929 ita
545 1873 640 1944 dehet,
663 1879 695 1936 ut
710 1889 744 1930 ea
762 1889 847 1929 causa
863 1872 912 1930 lilii
929 1874 977 1943 sit,
1001 1874 1030 1928 in
1048 1887 1103 1942 qua
1120 1871 1213 1928 futura
1230 1877 1329 1943 essse,
1355 1875 1379 1928 si
1396 1873 1447 1930 dos
1465 1890 1515 1944 per
1530 1889 1609 1945 prae·

171 1960 324 2028 ceptionem
342 1963 436 2031 legata
452 1961 558 2018 inisset.
588 1977 673 2031 quare
692 1961 797 2018 fructus
815 1967 879 2032 post
895 1962 971 2016 litem
989 1965 1173 2016 contestatam
1190 1962 1313 2031 percepti
1331 1961 1367 2017 ad
1386 1977 1450 2018 cum
1467 1963 1610 2033 rsugend

171 2053 236 2103 sunt
252 2048 347 2104 hahita
364 2051 470 2106 radone
486 2052 686 2120 impensarum:
710 2051 756 2120 qui
774 2065 841 2106 uero
859 2055 923 2105 ants
940 2051 1015 2105 litem
1034 2053 1216 2106 contestatam
1235 2051 1358 2120 percepti
1375 2049 1490 2121 fuerint,
1509 2067 1609 2122 mous·
1628 2060 1657 2100 ιθ

169 2135 231 2190 liter
248 2137 285 2192 ad
302 2153 397 2194 omues
415 2139 531 2195 heredes
552 2138 737 2209 pertinebunt.
767 2143 796 2194 st
812 2139 997 2208 impensarum
1015 2139 1085 2194 ratio
1103 2137 1198 2194 haberi
1216 2137 1313 2208 dehet,
1337 2139 1402 2208 quis
1419 2139 1510 2195 nullus
1528 2156 1609 2196 ossus

139 2233 152 2278 1
171 2224 334 2282 interuenire
357 2232 461 2297 potest,
485 2228 533 2297 qui
556 2227 608 2282 hoo
631 2242 719 2296 genus
743 2227 914 2283 deductionis
938 2227 1077 2297 impediat
1115 2225 1145 2281 Si
1162 2241 1216 2296 ego
1234 2243 1252 2281 a
1270 2231 1298 2281 te
1317 2226 1496 2282 hereditatem
1514 2233 1609 2298 petere

171 2313 277 2383 uellem,
296 2319 327 2369 tu
346 2329 453 2370 mecum
470 2313 589 2370 familiae
607 2315 784 2370 erciscundae
802 2329 893 2386 agere,
912 2330 947 2370 ex
966 2329 1051 2370 causa
1068 2315 1175 2384 utrique
1194 2319 1317 2369 uostmm
1330 2329 1390 2370 mos
1402 2315 1539 2384 gerendus
1552 2319 1609 2371 est:

171 2415 235 2455 uam
253 2403 277 2456 si
294 2418 347 2472 ego
365 2407 452 2458 totum
469 2401 648 2458 hereditatem
666 2403 793 2474 possideo
812 2409 840 2458 et
857 2409 886 2458 ts
904 2419 939 2458 ex
957 2409 1035 2473 parte
1054 2402 1167 2458 dimidia
1184 2401 1313 2458 heredem
1326 2417 1387 2458 esse
1400 2401 1539 2474 confiteor,
1559 2403 1610 2460 sed

171 2505 189 2544 a
211 2492 400 2546 communione
419 2491 561 2547 discedere
578 2493 656 2562 uolo,
679 2493 825 2562 impetrare
844 2490 932 2547 debeo
949 2490 1068 2546 familiae
1088 2491 1265 2546 erciscundae
1282 2490 1426 2562 iudicium,
1449 2493 1515 2562 quis
1531 2493 1658 2548 aliterue

171 2575 257 2634 diuidi
274 2579 346 2634 inter
363 2593 414 2634 nos
431 2579 570 2635 hereditas
587 2595 643 2635 non
660 2583 762 2649 potest.
792 2581 858 2636 item
876 2580 901 2635 si
918 2585 949 2636 tu
966 2581 1066 2635 iustum
1085 2595 1198 2635 causam
1216 2579 1311 2650 hahes,
1329 2585 1543 2650 propterquam
1560 2596 1610 2650 per

170 2663 329 2722 hereditatis
347 2669 506 2737 petitionem
524 2669 617 2738 potius
635 2683 719 2737 quam
736 2667 855 2724 familiae
873 2667 1050 2724 erciscundae
1068 2667 1198 2723 iudicium
1212 2667 1354 2737 negotium
1366 2667 1518 2724 distrahere
1530 2669 1609 2740 uelis,

169 2751 222 2808 tibi
244 2769 354 2825 quoque
376 2757 590 2826 permittendum
614 2757 666 2812 erit
688 2757 867 2812 hereditatem
889 2761 997 2826 petere:
1020 2773 1084 2812 nam
1107 2756 1243 2826 quaedam
1265 2757 1381 2811 ueniunt
1403 2755 1432 2810 iu
1449 2755 1610 2814 hereditatis

170 2844 344 2914 petitionem,
368 2859 439 2913 quae
461 2845 489 2900 in
513 2843 632 2900 familiae
655 2845 833 2900 erciscundae
854 2844 955 2900 iudicio
979 2861 1034 2900 uon
1058 2844 1245 2900 deducuntur:
1269 2845 1401 2900 ueluti-si
1425 2859 1478 2914 ego
1501 2843 1611 2902 debitor

170 2930 350 2987 hereditarius
368 2933 428 3002 dm,
446 2933 548 2988 iudicio
565 2931 685 2988 hmihcs
703 2927 953 2990 mohoundse'non
970 2934 1146 3003 consequeris
1163 2933 1193 2988 id
1210 2933 1285 3004 quod
1303 2931 1434 2988 debracto
1451 2932 1542 3004 debui,
1560 2949 1610 3004 per
1629 2939 1658 2982 ³⁰

170 3019 330 3076 hereditatis
347 3021 507 3090 petitionem
526 3021 710 3090 consequeris.

113 3106 153 3166 b‘l
223 3108 302 3163 lusu
319 3107 388 3164 libro
406 3109 527 3164 secundo
545 3109 582 3164 ad
599 3109 725 3164 Urseium
743 3108 883 3168 Ferocem.
920 3109 1056 3180 llaeuius,
1074 3109 1121 3179 qui
1139 3125 1189 3165 nos
1206 3108 1322 3166 heredes
1340 3107 1415 3180 lecit,
1434 3104 1606 3191 We]
1627 3112 1650 3166 S

170 3211 228 3252 rem
252 3211 424 3252 communem
447 3196 544 3252 habuit
566 3213 628 3252 oum
646 3189 737 3252 Ath‘o:
762 3198 786 3252 si
809 3213 873 3252 cum
890 3195 969 3253 Attio
988 3198 1126 3254 communi
1143 3197 1295 3253 diuidundo
1313 3199 1466 3268 egissem
1477 3205 1513 3254 et
1530 3199 1609 3256 nobis

139 3297 151 3341 1
171 3300 206 3340 ea
222 3299 267 3340 res
285 3285 442 3340 adiudicsta
459 3291 542 3356 emet,
560 3291 705 3342 uenhuam
723 3301 784 3340 eam
802 3286 831 3340 iu
849 3284 969 3342 familiae
983 3285 1162 3341 erciscundae
1173 3285 1275 3342 iudicio
1287 3287 1419 3342 Pmculus
1431 3286 1477 3342 ait
1505 3284 1609 3342 Seruus
1650 3279 1651 3282 ’

169 3371 239 3428 libor
260 3377 289 3428 et
306 3373 386 3428 heres
404 3388 465 3428 esse
483 3373 575 3429 iussus
592 3374 622 3428 id
639 3373 715 3444 quod
733 3390 768 3429 ex
786 3373 937 3430 rationibus
954 3389 1023 3444 quas
1040 3373 1113 3443 patri
1131 3371 1249 3430 familias
1268 3373 1397 3442 gmshsss
1412 3388 1500 3444 penes
1517 3389 1548 3430 ss
1566 3390 1608 3430 re·
1627 3382 1657 3424 tt

137 3473 152 3517 a
170 3460 271 3516 tineret
287 3461 388 3516 iudicio
406 3459 526 3517 familiae
539 3462 716 3517 erciscundae
728 3461 908 3518 coheredibus
920 3463 977 3518 suis
989 3462 1148 3532 praestabit
1176 3461 1287 3517 Arbiter
1298 3459 1418 3516 familiae
1430 3461 1608 3518 erciscundae

169 3547 302 3604 interme
320 3553 394 3604 etta
413 3553 538 3620 sumptus
556 3549 692 3620 quaedam
710 3551 792 3621 mihi,
804 3551 940 3621 quaedam
958 3549 1009 3605 tibi
1026 3550 1185 3606 adiudicare
1202 3549 1321 3617 uolebat,
1339 3565 1389 3620 pro
1407 3549 1449 3605 his
1468 3549 1552 3605 rebus
1570 3551 1607 3606 al·

170 3641 259 3691 terum
277 3637 355 3692 altari
373 3637 596 3693 condemnandos
614 3653 675 3694 esse
693 3638 882 3708 intellegebat:
901 3639 1056 3710 quaesitum
1074 3643 1125 3708 est,
1144 3655 1179 3692 an
1196 3638 1285 3708 possit
1301 3638 1462 3709 pensatione
1480 3639 1552 3694 ultro
1570 3639 1608 3694 oi·

169 3729 267 3794 troque
285 3725 520 3782 condemnationis
536 3725 611 3782 iacta
628 3743 691 3782 eum
710 3727 812 3798 solum,
837 3727 915 3782 cuius
933 3743 1040 3782 summa
1056 3726 1215 3796 excederet,
1234 3726 1293 3781 eius
1311 3725 1456 3781 dummxat
1473 3741 1607 3796 summae

170 3830 355 3901 maguum]

171 3981 181 4015 ²
199 3985 231 4035 ut
246 3979 370 4048 (fundus)
389 3995 423 4036 eu
440 3995 525 4036 causa
542 3978 590 4036 lilii
607 3981 651 4054 sit,
670 3996 725 4050 qua
742 3979 850 4038 iuturus
868 3981 963 4038 esset?

171 4111 335 4167 ldiatraote
352 4111 393 4165 P·
441 4110 620 4168 3deficiente
638 4114 743 4169 directo
761 4113 778 4168 i.
792 4112 811 4168 f.
825 4113 859 4182 o.]
914 4119 945 4170 tu
963 4117 1066 4168 tostam
1084 4115 1120 4167 ΡΙ
1169 4115 1204 4168 28
1221 4111 1346 4181 ueniunt]
1364 4111 1551 4168 interueniunt
1567 4113 1608 4166 P·

168 4191 262 4270 scripsi
273 4184 409 4237 socratium
420 4183 470 4270 lis
482 4182 525 4268 (Ῐὸ
537 4184 659 4269 uhtred:
680 4185 702 4238 si
720 4185 758 4239 usi
772 4183 862 4270 tressi
914 4186 949 4269 29
961 4184 1062 4240 iuditio
1074 4199 1145 4268 uon:
1154 4225 1175 4240 ..
1186 4185 1222 4238 30
1234 4183 1608 4308 ercisouudsevom.313‘,diettffii

167 4255 860 4428 testatae.cursuscursuss:
913 4254 1541 4451 {tertiusdecimus,a
1560 4323 1607 4408 s-

168 4393 860 4535 uculis-sossiiastitistis
913 4396 1259 4522 rtis
1280 4464 1606 4550 ι

169 4543 217 4589 tus.
229 4535 310 4590 ΡΨ·
362 4536 469 4604 iesse]
489 4543 518 4590 et
542 4551 572 4590 se
596 4537 622 4589 F
638 4540 642 4605 Ι
664 4539 751 4606 gessit
768 4536 859 4602 P‘Vl,
912 4537 1026 4602 Rectus,
1044 4538 1178 4606 gessisset
1195 4543 1225 4592 et
1241 4538 1314 4591 libri:
1336 4555 1399 4605 cusp
1418 4553 1558 4606 esparsccs
1577 4553 1607 4588 cs

170 4607 309 4662 snat-V·
354 4607 550 4661 9sereliuitF¹
599 4608 632 4662 14
649 4608 748 4661 ductus
766 4607 861 4662 debito
912 4608 961 4661 rste
984 4609 1140 4662 snorrtceoc
1163 4609 1219 4662 τῶιι
1243 4609 1405 4662 Δεειιοτικώιι
1431 4607 1563 4670 horreariis
1580 4605 1606 4659 B

167 4675 224 4728 PV
263 4679 308 4760 Ι16
326 4677 429 4778 iulium}
455 4677 604 4762 discussi
622 4678 675 4780 Bal
697 4678 742 4732 lib.
761 4679 819 4732 uiiii
836 4679 863 4732 P
913 4679 1022 4744 (Aaou.)
1042 4681 1094 4762 ‘36
1109 4676 1475 4782 iudiciof3hero3iudicium
1487 4675 1606 4814 mh'ufo}

166 4746 859 4892 ἒέιῖἓῖἒθὲἓὲζρὲἶέῗρέὶάὲῗιέιῖοἓῗιῖἕῗῗῖ
912 4748 1406 4885 iiiliffl*p¹a'n'.f³ii¹ii⁰r⁶''ai'
1423 4749 1606 4888 mitiss

167 4886 355 4942 comfiteorF
410 4889 567 4944 santicio
591 4889 630 4942 1³⁶
692 4891 727 4944 26
753 4889 858 4944 heredi·
910 4891 985 4945 tione
1003 4889 1081 4944 PLU

166 4962 211 5012 tus
228 4958 300 5015 inter
317 4973 367 5014 noe
385 4959 422 5024 P,
446 4960 625 5016 hereditatem
646 4960 719 5016 iuter
736 4975 786 5016 nos
809 4962 836 5016 V
851 4965 856 5025 i

1339 5050 1374 5104 21
