3652 5362
259 169 393 246 XXVIII
413 179 434 245 2
456 183 490 240 29
509 214 542 224 -
563 179 619 244 33
932 167 1019 252 826
1237 109 1285 242 nn
1306 193 1440 243 arenam
1462 193 1509 242 nr
1533 193 1716 244 rosensem

259 335 363 392 difficili
382 341 432 406 est,
452 337 475 391 si
492 335 577 391 filium
596 334 699 392 habeas
718 340 747 390 et
765 338 893 406 nepotem
911 334 1033 390 nondum
1051 338 1146 390 natum
1164 334 1293 390 instituas
1310 334 1390 405 isque
1401 338 1535 390 nascatur
1547 334 1619 390 nino
1631 339 1714 404 patra

259 441 310 482 suo
329 441 362 480 ac
380 441 443 480 mox
461 430 541 495 pater
558 425 688 480 decedat:
712 440 767 481 nou
786 425 858 480 enim
877 439 944 479 suus
962 423 1041 480 heres
1060 429 1103 480 est
1119 427 1244 495 tempore
1266 439 1321 494 quo
1339 429 1470 480 nascatur
1486 439 1541 479 nec
1558 423 1713 496 posteriori

259 515 320 570 alii¹
339 514 512 570 succedendo
530 514 668 585 prohiberi
685 515 796 570 uidetur
812 527 939 584 rumpere
957 529 1039 584 quarn
1057 513 1105 583 qui
1122 514 1177 568 iam
1195 515 1277 570 natus
1295 514 1355 569 erit
1382 513 1500 584 denique
1519 515 1712 585 etsuperiore

259 604 349 674 eapite
367 609 398 658 ut
415 605 498 659 liceat
514 605 620 659 institui
638 603 759 659 nondum
778 606 871 673 natos,
895 603 942 672 qui
965 618 1027 657 curn
1050 607 1198 658 nascentur
1215 603 1259 658 sui
1276 607 1364 673 erunt,
1381 603 1503 674 permitti
1510 603 1530 672 ¹,
1547 604 1710 674 posteriore

259 693 349 763 capite
368 707 422 748 non
440 693 573 762 permittit
590 693 710 762 institui,
729 691 779 747 sed
796 696 875 746 uetat
892 693 981 763 rumpi
999 707 1069 747 neue
1086 691 1123 748 ob
1140 705 1201 748 eam
1218 708 1276 748 rem
1295 693 1386 748 minus
1403 697 1493 747 ratum
1512 698 1605 764 esset,
1631 694 1709 763 quod
1726 707 1741 749 a

258 781 390 837 succedit.
416 797 497 851 porro
515 782 663 852 procedere
681 779 778 851 debet,
797 783 829 835 'ut
847 781 949 836 utiliter
967 781 1003 836 sit
1020 781 1176 836 institutus:
1200 781 1274 852 quod
1291 782 1365 837 nullo
1382 782 1441 836 iure
1459 781 1550 852 potuit
1568 784 1621 854 qui
1638 799 1709 840 nou·

258 869 324 924 dum
348 875 430 925 natrrs
454 876 520 925 erat.
548 869 654 927 Iuliano
677 874 770 926 tamen
790 870 930 926 uideretur
947 869 1057 926 duobus
1080 871 1159 940 quasi
1173 869 1314 942 'capitibus
1335 871 1405 940 legis
1427 871 1586 927 commixtis
1604 873 1635 928 in
1652 873 1708 929 hoc

211 968 239 1015 lt
258 975 367 1029 quoque
390 959 520 1015 inducere
542 961 647 1030 legem,
673 975 708 1015 ne
732 963 894 1030 rumpantur
915 963 1090 1016 testamenta.
1127 959 1296 1027 Quaeremus
1313 964 1420 1030 nmen,
1443 975 1506 1016 cnm
1519 967 1644 1033 recepta
1662 965 1708 1019 est

257 1049 355 1104 Iuliani
374 1050 524 1120 sententia,
543 1066 591 1120 an,
611 1051 634 1105 si
653 1055 782 1104 nmoatur
800 1063 886 1119 nepos
904 1049 970 1105 uiuo
987 1052 1067 1119 patre
1085 1063 1144 1119 suo,
1163 1048 1264 1104 deinde
1282 1049 1480 1120 emancipetur,
1505 1057 1608 1120 sponte
1627 1051 1708 1108 adire

257 1139 346 1208 possit
362 1138 550 1195 hereditatem.
581 1139 654 1209 quod
673 1139 761 1208 magis
779 1138 949 1207 probandum
969 1143 1024 1193 est:
1049 1139 1131 1193 nam⁸
1149 1138 1366 1210 emancipatione
1383 1153 1450 1194 suus
1467 1138 1548 1195 heres
1567 1139 1631 1196 lieri
1649 1157 1708 1198 uon
1726 1153 1751 1193 sc

257 1228 355 1298 potuit.
1821 1225 1822 1232 ’

200 1311 240 1370 30
311 1313 405 1373 Garus
422 1315 491 1372 libro
510 1315 752 1386 septimodecimo
771 1315 807 1370 ad
825 1315 946 1372 edictum
964 1317 1140 1386 prouinciale.
1176 1316 1252 1372 luter
1269 1321 1375 1388 cetera,
1393 1331 1465 1387 qnae
1484 1317 1521 1372 ad
1539 1312 1707 1400 [We
1725 1325 1757 1378 'S

257 1403 408 1461 ordinanda
425 1409 592 1460 testamenta
610 1403 765 1461 necessario
784 1405 983 1476 desiderantur,
1002 1405 1150 1476 principale
1169 1406 1213 1460 ius
1230 1411 1274 1462 est
1291 1406 1326 1462 de
1344 1405 1436 1462 liberis
1454 1395 1707 1466 heredia-sirii

256 1494 366 1550 tuendis
384 1495 429 1549 uel
447 1493 660 1565 exheredandis,
684 1509 719 1550 ne
737 1495 891 1565 praeteritis
910 1495 971 1550 istis
988 1500 1131 1565 rumpetur
1152 1499 1363 1551 testamentum:
1386 1501 1505 1565 namque
1529 1495 1591 1554 tilio
1610 1500 1708 1569 quiin

256 1589 394 1655 potestate
412 1588 455 1638 est
473 1584 620 1654 praeterito
638 1583 733 1640 inutile
751 1588 795 1639 est
812 1589 1016 1640 testamentum.
1725 1600 1751 1640 rs

199 1669 236 1727 31
309 1673 429 1729 Procne
446 1671 516 1727 libro
535 1673 656 1730 secundo
675 1675 711 1730 ad
730 1673 870 1730 Sabinum.
907 1674 980 1729 Dum
999 1673 1073 1744 apud
1091 1673 1185 1730 hostes
1203 1671 1345 1743 catilina,
1365 1678 1444 1743 pater
1461 1673 1522 1729 inre
1540 1671 1708 1762 Q
1726 1683 1757 1736 ⁸3

256 1759 322 1816 fecit
339 1765 534 1817 testamentum
554 1770 583 1818 et
599 1765 691 1819 recte⁴
710 1778 772 1819 eum
790 1763 930 1834 praeterit,
949 1778 1020 1833 cum,
1039 1763 1063 1818 si
1080 1763 1109 1819 in
1126 1765 1265 1833 potestate
1283 1768 1358 1819 esset
1370 1761 1452 1833 lilius,
1470 1763 1538 1819 nihil
1550 1767 1708 1823 ualiturum

256 1855 331 1906 esset
347 1855 553 1908 testamentum.

199 1935 237 1994 32
308 1940 485 1996 mameranus
502 1940 572 1996 libro
590 1941 712 1997 secundo
729 1941 896 2011 regularum.
934 1940 963 1996 Si
980 1939 1036 1996 filio
1054 1941 1226 2012 emancipato
1247 1940 1413 1998 exheredato
1430 1942 1455 1997 le
1472 1942 1522 2013 qui
1541 1939 1708 2030 [We
1726 1952 1755 2003 's

255 2029 283 2084 in
301 2033 440 2099 potestate
463 2035 506 2085 est
527 2032 692 2100 praeteritus
716 2031 765 2102 sit,
790 2031 849 2102 ipse
872 2030 983 2102 quidem
1007 2031 1197 2100 emancipatus
1219 2031 1243 2086 si
1266 2035 1363 2087 eontra
1383 2029 1495 2088 tabulas
1517 2038 1614 2106 petat,
1639 2025 1708 2094 nihil
1725 2045 1749 2086 so

253 2119 322 2190 agit,
341 2118 377 2174 ab
395 2119 526 2176 intestato
545 2123 638 2176 autem
656 2123 686 2176 et
703 2135 770 2176 suus
788 2123 817 2176 et
834 2120 1024 2191 emancipatus
1042 2119 1161 2175 uenient.

299 2411 336 2488 e
376 2409 440 2488 DE
468 2409 655 2490 lNlUSTO
683 2409 841 2488 RUPTO
869 2273 1027 2488 IRR[[[O
1055 2407 1213 2487 FACTO
1243 2407 1569 2489 TESTAMENTO
1611 2415 1654 2494 R
1735 2421 1795 2476 Stil

219 2562 234 2617 1
308 2566 489 2622 Praemissus
511 2566 580 2622 libro
603 2567 692 2638 primo
716 2565 914 2622 definitionum.
957 2567 1166 2622 Testamentum
1191 2572 1241 2622 aut
1267 2581 1322 2623 non
1348 2568 1407 2623 iure
1429 2565 1534 2624 laetum
1559 2565 1754 2654 [Hafa-1⁶?

255 2655 367 2725 dicitur,
393 2655 440 2711 ubi
458 2656 599 2711 sollemnia
616 2657 682 2712 iuris
706 2654 865 2712 defuerunt:
891 2661 939 2712 ant
960 2656 1061 2711 nudius
1085 2671 1147 2711 ease
1170 2657 1314 2727 momenti,
1339 2673 1401 2713 oum
1425 2655 1498 2713 filius
1521 2648 1704 2730 quiTniTii
1720 2671 1743 2712 rt

254 2752 340 2816 patris
356 2749 494 2815 potestate
512 2747 675 2815 praeteritus
694 2750 750 2800 est:
769 2751 818 2800 ant
834 2745 970 2816 rumpitur
988 2746 1042 2801 alio
1054 2749 1228 2815 testamento,
1247 2761 1282 2802 ex
1296 2761 1350 2816 quo
1362 2745 1442 2802 heres
1454 2747 1577 2804 existere
1589 2752 1702 2822 poterit,

254 2835 299 2890 uel
317 2835 483 2905 adgnatione
502 2833 545 2889 sui
562 2833 683 2889 heredis:
703 2839 752 2890 aut
769 2836 797 2890 in
814 2835 936 2890 irritum⁵
955 2833 1131 2891 constituitur
1148 2849 1203 2892 non
1220 2835 1296 2891 adita
1313 2833 1473 2892 hereditate.
1819 2897 1821 2906 κ

218 2918 236 2974 2
307 2923 459 2980 Unurauue
476 2922 545 2978 libro
558 2923 680 2979 secundo
697 2924 732 2978 ad
745 2923 887 2980 Sabinum.
914 2924 994 2979 Tunc
1012 2929 1103 2980 autem
1121 2925 1197 2996 prius
1214 2929 1410 2980 testamentum
1428 2941 1501 2981 rum·
1520 2921 1702 3010 [iffi
1728 2933 1744 2986 S

253 3013 335 3084 pitur,
353 3029 415 3068 cum
433 3011 571 3082 posteriue
588 3012 640 3068 rite
658 3011 809 3082 perlectum
827 3017 879 3083 est,
898 3013 950 3068 uisi
968 3011 1038 3068 sorte
1055 3014 1193 3084 posterius
1211 3015 1256 3070 uel
1274 3015 1332 3070 iure
1352 3014 1461 3070 militari
1478 3015 1516 3070 sit
1527 3003 1700 3075 efficii}

253 3103 283 3156 in
300 3117 333 3158 eo
351 3101 471 3172 scriptus
489 3105 532 3158 eat
555 3102 601 3171 qui
625 3100 660 3156 ab
684 3102 814 3158 intestato
837 3102 932 3156 uenire
953 3107 1059 3172 potest:
1083 3109 1149 3160 tunc
1172 3105 1245 3159 enim
1268 3109 1298 3160 et
1318 3105 1470 3175 posteriore
1493 3121 1552 3162 non
1574 3107 1738 3178 perfectore

253 3191 379 3260 superius
397 3191 540 3262 rumpitur.

216 3274 235 3333 3
307 3279 384 3336 Innu
402 3280 471 3336 libro
489 3281 569 3338 tertio
589 3279 624 3336 ad
643 3277 783 3336 Sabinum.
820 3280 944 3335 Postumi
966 3295 1016 3352 per
1039 3281 1145 3338 uirilem
1165 3297 1261 3338 sexum
1280 3281 1479 3340 descendentes
1497 3283 1536 3340 ad
1555 3281 1698 3373 Q
1727 3292 1742 3346 S

253 3369 458 3426 similitudinem
476 3369 592 3426 liliorum
611 3369 772 3426 nominatim
791 3369 975 3426 exheredandi
992 3375 1065 3442 sunt,
1083 3386 1118 3428 ue
1135 3375 1330 3428 testamentum
1349 3371 1544 3442 adgnascendo
1557 3383 1697 3449 rumpant

220 3459 398 3516 1Postumos
416 3465 509 3516 autem
528 3459 644 3514 dicimus
669 3474 716 3514 eos
735 3458 893 3529 dumtaxat,
917 3461 964 3529 qui
987 3466 1051 3532 post
1073 3466 1188 3516 mortem
1212 3462 1334 3531 parentis
1357 3467 1515 3518 nascuntur.
1543 3465 1596 3521 sed
1616 3473 1646 3524 et
1662 3467 1696 3536 lsi,

214 3545 216 3550 ’
252 3548 299 3618 qui
317 3553 381 3618 post
398 3553 592 3604 testamentum
611 3547 714 3602 facturn
732 3548 761 3602 iu
779 3549 838 3602 uita
855 3555 1017 3620 nascuntur,
1042 3551 1082 3605 ita
1105 3550 1214 3605 demum
1239 3566 1289 3620 per
1310 3551 1401 3619 legem
1419 3549 1544 3607 Uelleam
1568 3571 1696 3627 rumpere
1712 3562 1734 3602 ³⁵

219 3645 234 3688 u
250 3641 445 3694 testamentum
463 3637 655 3710 prohibentur,
680 3637 704 3692 ai
722 3637 882 3692 nominatim
900 3639 955 3693 sint
973 3639 1140 3695 exheredati.
1177 3638 1256 3695 Unde
1275 3639 1357 3694 etiam
1376 3644 1439 3694 ante
1457 3639 1569 3698 heredis
1588 3644 1696 3700 institn-

251 3726 354 3782 tionem
372 3727 417 3783 uel
435 3728 506 3783 inter
523 3727 629 3782 medias
646 3725 778 3782 heredum
791 3720 983 3784 'institutiones
1007 3729 1052 3784 uel
1075 3729 1146 3784 iuter
1169 3729 1272 3798 gradus
1291 3728 1451 3784 exheredari
1472 3737 1610 3800 possunt:
1634 3751 1694 3790 nam

251 3815 333 3870 diuus
350 3817 459 3872 lilarous
482 3817 605 3872 decreuit
627 3815 700 3872 idem
723 3816 752 3872 in
774 3821 902 3886 postumo
925 3817 999 3888 quod
1022 3817 1051 3872 in
1075 3815 1131 3873 filio
1154 3817 1333 3889 seruandum,
1357 3834 1409 3874 neo
1430 3820 1501 3876 ratio
1525 3820 1695 3878 diuersitatis

218 3912 233 3956 t
251 3903 329 3959 reddi
346 3909 447 3974 potest.
483 3907 526 3961 Ex
545 3906 587 3960 his
606 3910 721 3976 apparet
739 3905 820 3960 aliam
839 3921 951 3961 causam
970 3921 1031 3962 esse
1050 3905 1167 3963 filiorum
1185 3908 1376 3979 superstitum,
1395 3908 1475 3963 aliam
1494 3912 1693 3979 posteriorum:

250 3993 289 4048 illi
306 3993 437 4050 iniustum
455 3993 567 4064 iaciunt,
586 3994 614 4050 hi
632 3997 769 4064 rumpunt,
788 3995 826 4049 illi
845 4011 960 4068 semper,
980 3995 1015 4067 hi,
1034 3997 1058 4052 si
1075 4002 1224 4054 nascantur
1240 4013 1292 4054 neo
1303 3997 1444 4053 inueniant
1456 4012 1486 4054 se
1499 3999 1693 4058 exheredatos
1708 4007 1731 4049 ⁴⁸

218 4090 234 4134 4
251 4081 306 4138 Sed
325 4089 353 4138 et
371 4083 395 4140 si
413 4085 449 4139 sit
467 4089 531 4140 aute
549 4083 601 4142 hoc
620 4083 694 4139 aliud
712 4087 974 4154 testamentum-ar
992 4101 1046 4158 quo
1064 4091 1209 4156 postumus
1228 4086 1410 4144 exheredatus
1428 4087 1478 4158 sit,
1501 4089 1611 4162 placet,
1638 4092 1693 4147 siue

171 4165 172 4170 ’
249 4175 314 4242 post
337 4177 453 4229 mortem
475 4175 614 4230 testatoris
638 4177 768 4228 nascatur
790 4174 850 4230 siue
873 4175 938 4230 uiuo
956 4179 1103 4246 testatore,
1128 4181 1274 4247 utrumque
1297 4182 1408 4248 ruptum
1432 4191 1495 4234 esse
1519 4183 1549 4236 et
1566 4182 1694 4252 superius

249 4269 473 4342 menoare)

248 4413 434 4551 [happtpricre⁶
443 4413 552 4540 caapffii
605 4413 769 4485 ¹permittit
785 4413 834 4469 eti
887 4415 952 4471 'ex
965 4424 1011 4471 tna.
1065 4413 1317 4488 ‘etrccto]licct't
1368 4417 1426 4473 ‘in
1444 4417 1563 4491 irritum]
1583 4421 1693 4479 inritum

250 4617 314 4670 lsi
336 4617 433 4670 cm.F²
450 4618 455 4681 1
470 4617 617 4672 instituam
640 4617 675 4671 ps
728 4619 942 4688 isuns1auum
995 4625 1134 4691 potestate
1157 4621 1185 4675 F
1237 4621 1274 4677 40
1297 4621 1325 4678 hi
1350 4623 1392 4678 sti
1409 4621 1449 4676 1²2
1508 4625 1543 4680 41
1570 4626 1620 4698 sit]
1642 4627 1694 4692 ΓΡ,

249 4687 285 4739 F¹
302 4689 306 4754 Ι
322 4688 460 4757 nascatur]
480 4689 524 4752 F1,
548 4690 670 4744 nascitur
687 4691 726 4744 ΙΝ
782 4692 800 4744 4
818 4691 942 4761 poate'a'·
995 4694 1032 4748 sit
1049 4709 1104 4748 non
1122 4691 1226 4748 factum
1251 4694 1288 4748 sit
1305 4695 1364 4759 ΕΡ,
1388 4694 1424 4749 sit
1446 4709 1503 4751 non
1522 4695 1561 4763 Q,
1587 4714 1645 4756 non
1662 4700 1696 4756 sit

221 4757 366 4832 'rioreF’
402 4761 655 4830 ssporro]prorod⁷
689 4763 943 4831 8quta⁴eremusF2
996 4763 1099 4819 lactum
1118 4765 1154 4820 sit
1169 4765 1236 4830 WO,
1254 4765 1290 4820 sit
1306 4765 1396 4836 p(isis)
1415 4781 1471 4823 uon
1489 4773 1535 4823 est
1551 4769 1584 4824 D
1605 4772 1695 4839 (adae

224 4829 423 4884 ‘elationem
459 4833 493 4886 16
504 4837 582 4902 pater
592 4831 672 4886 ‘uiuo'
681 4834 739 4888 iuro
750 4832 785 4886 F*
823 4835 855 4888 17
865 4849 943 4904 prae·
996 4843 1092 4891 lotione
1110 4857 1140 4891 ea·
1159 4837 1293 4909 archetypi
1310 4846 1426 4910 mospius
1449 4848 1477 4893 in
1495 4841 1618 4898 ordinem
1639 4863 1695 4901 aar·

249 4901 342 4954 tertia
367 4901 405 4954 F¹
476 4903 510 4958 21
535 4919 602 4958 suus
624 4907 668 4959 *et*
693 4905 882 4974 emancipatus
906 4907 943 4960 Ρ
997 4909 1085 4961 boram
1097 4911 1195 4963 relato:
1212 4927 1293 4980 supro
1305 4915 1460 4982 apostati
1474 4910 1655 4988 infactum,
1672 4926 1696 4972 ia

250 4971 285 5026 23
303 4977 384 5044 rupto
404 4973 496 5039 ΜΗ,
514 4979 624 5046 sumpto
643 4975 668 5027 F
713 4977 748 5030 25
765 4976 794 5030 in
811 4978 897 5046 patris
915 4977 943 5032 iu
996 4987 1112 5050 marytres
1130 4995 1185 5036 non
1203 4979 1240 5035 sit
1257 4978 1372 5051 iactum)
1425 4983 1629 5059 aerumpnam
1647 4991 1674 5045 F
