3570 5362
254 186 340 255 Vllll
360 189 381 253 3
401 193 479 248 1-5
925 180 1014 262 294
1238 206 1284 253 ou
1307 205 1362 253 me
1385 205 1446 264 our
1468 203 1687 253 sumnum

255 344 308 400 ‘uel
325 343 443 399 effusum
460 341 527 412 quid
544 342 609 413 erit,
632 346 763 413 quantam
782 356 817 398 ex
834 357 868 398 ea
885 359 915 400 re
932 343 1176 400 damnum'datum
1193 342 1332 400 factumue
1350 344 1414 415 orit,
1438 343 1468 400 iu
1485 357 1565 413 eum,
1585 342 1636 414 qui
1651 341 1687 399 rbi

256 432 434 502 'habitauerit
453 433 481 487 iu
499 431 611 502 duplum
629 431 759 488 iudicium
778 431 858 488 dabo.
886 433 910 488 si
928 448 961 489 eo
979 434 1036 489 ictu
1053 433 1135 489 bomo
1152 433 1221 489 liber
1237 434 1343 504 perisse
1356 433 1470 503 dicetur,
1488 433 1688 504 quinquaginta

256 522 406 577 ‘ameorum
424 521 554 577 iudicium
569 519 649 576 dabo.
677 521 701 576 si
714 522 791 576 uiuet
802 522 977 592 nocitumque
989 523 1015 577 ei
1027 538 1088 578 esse
1101 523 1215 593 dicetur,
1232 528 1364 593 quarum
1377 521 1414 578 ob
1424 535 1486 578 eam
1498 537 1557 578 reru
1570 538 1687 592 aequum

256 610 346 666 'iudici
363 610 501 666 uidebitur
518 626 581 665 eum
600 626 662 665 eum
677 625 731 680 quo
750 615 847 680 agetur
864 611 1047 681 condemnari,
1065 612 1135 667 tanti
1152 611 1283 667 iudicium
1295 610 1375 666 dabo.
1404 611 1427 667 si
1445 625 1543 666 seruus
1555 612 1687 667 insciente

224 707 236 752 1
257 699 373 754 'domino
391 698 488 754 iecisse
507 698 625 768 dicetur,
643 700 672 753 in
689 699 790 754 indicio
808 699 939 754 adiciam:
963 705 1012 755 aut
1029 702 1144 756 noxam¹
1163 699 1280 755 dedere!
1310 699 1424 756 Summa
1441 715 1505 755 oum
1523 701 1644 756 utilitate
1661 700 1688 755 id
1706 707 1717 749 t

255 793 408 859 praetorem
433 788 551 843 edixisse
574 803 655 844 nemo
679 792 722 842 est
739 788 786 857 qui
804 794 900 858 neget:
923 788 1032 858 publice
1050 789 1122 844 enim
1141 789 1207 844 utile
1226 789 1345 844 estsine
1362 794 1438 844 metu
1455 795 1485 844 et
1500 790 1625 859 periculo
1642 804 1689 860 per

223 885 238 930 2
256 878 353 933 itinera
370 879 524 933 commeari.
552 877 634 933 Parui
653 882 744 932 autem
763 878 895 933 interesse
914 876 1004 947 debet,
1023 882 1114 935 unum
1132 877 1258 948 publicus
1275 878 1352 933 locus
1369 878 1407 933 sit
1424 893 1460 932 an
1476 892 1544 934 uero
1554 879 1688 948 priuatus,

256 966 403 1022 dummodo
421 982 471 1037 per
487 982 551 1022 eum
569 967 650 1036 uolgo
668 966 720 1021 iter
737 964 799 1035 fiat,
823 967 889 1036 quia
906 967 958 1022 iter
975 965 1139 1022 iacientibus
1157 967 1334 1037 prospicitur,
1353 982 1408 1022 nou
1425 966 1543 1037 publicis
1560 968 1616 1022 uiis
1634 972 1688 1022 stu·

256 1055 349 1131 detur:
372 1070 480 1126 semper
502 1057 574 1111 enim
599 1071 633 1111 ea
654 1055 728 1124 loca,
752 1070 801 1125 per
817 1070 889 1125 quae
907 1056 990 1125 uolgo
1008 1055 1061 1110 iter
1077 1056 1148 1111 solet
1165 1054 1236 1125 fieri,
1260 1055 1375 1110 eandem
1394 1056 1570 1111 securitatem
1589 1056 1690 1112 debent

256 1143 365 1199 habere.
402 1148 522 1200 ceterum
546 1145 570 1199 si
594 1143 739 1213 aliquando
762 1144 862 1213 uolgus
886 1145 914 1199 ln
933 1144 980 1199 illa
996 1145 1043 1200 uia
1059 1159 1114 1200 non
1132 1143 1304 1200 commeabat
1321 1150 1351 1200 et
1366 1149 1432 1199 tunc
1449 1144 1587 1200 deiectum
1606 1144 1728 1214 quid¹1t

257 1234 300 1288 uel
319 1234 444 1303 effosum,
462 1250 525 1288 enm
544 1232 634 1288 adhue
651 1237 758 1287 secreta
775 1233 836 1288 loca
853 1238 954 1303 esseut,
974 1233 1055 1289 modo
1073 1233 1164 1303 coepit
1181 1234 1336 1302 commeari,
1355 1248 1410 1289 non
1427 1232 1511 1288 debet
1528 1232 1582 1288 hoc
1600 1233 1690 1288 edicto

223 1323 350 1378 tteueri.
386 1322 478 1392 Quod,
498 1337 560 1377 eum
578 1320 799 1391 suspenderetur,
817 1321 928 1392 decidit,
947 1322 1035 1392 magis
1052 1322 1189 1377 deiectum
1207 1321 1302 1391 uideri,
1320 1321 1370 1378 scd
1387 1326 1416 1377 et
1433 1321 1507 1391 quod
1525 1336 1688 1390 suspensum

256 1410 370 1480 decidit,
394 1427 444 1481 pro
468 1410 575 1466 deiecto
598 1409 692 1466 haberi
715 1411 803 1480 magis
824 1415 876 1466 eet
912 1411 1025 1481 pminde
1043 1416 1072 1467 et
1089 1411 1113 1466 ei
1131 1411 1197 1481 quid
1213 1411 1336 1480 pendens
1355 1411 1471 1466 effusum
1489 1411 1539 1480 eit,
1562 1411 1690 1480 quamuis

223 1507 238 1552 1
256 1515 336 1555 nemo
358 1500 410 1555 hoc
428 1499 568 1568 effuderit,
592 1499 711 1554 edictum
729 1502 822 1554 tamen
839 1500 929 1556 locum
947 1499 1047 1556 habere
1065 1499 1211 1555 dicendum
1229 1507 1273 1555 est.
1308 1500 1385 1555 Haec
1403 1499 1431 1554 in
1448 1497 1552 1556 factem
1572 1500 1645 1555 aetio
1661 1500 1689 1554 in

257 1605 318 1644 eom
338 1589 433 1659 datur,
451 1589 499 1658 qui
516 1587 658 1658 inhabitat,
678 1603 740 1643 cum
759 1587 826 1658 quid
843 1587 996 1645 deiceretur
1013 1589 1060 1644 uel
1077 1588 1269 1656 emereretur,
1288 1603 1344 1644 non
1360 1589 1388 1643 in
1405 1588 1545 1644 dominum
1564 1588 1688 1644 aedium:
1705 1595 1726 1637 1⁶

256 1679 337 1748 culpa
354 1678 427 1733 euim
445 1692 530 1748 penes
548 1691 613 1732 eum
630 1682 681 1734 est.
710 1691 761 1732 nec
779 1676 895 1734 adicitur
913 1680 1010 1749 culpae
1027 1679 1130 1734 mentio
1148 1675 1382 1747 uel'initlationie,
1399 1683 1432 1732 ut
1442 1678 1471 1732 in
1483 1676 1600 1748 duplum
1610 1679 1689 1733 detm

224 1774 238 1819 o
257 1768 342 1838 actio,
361 1767 487 1837 quamuis
505 1765 598 1821 damni
616 1766 729 1823 iniuriae
747 1770 893 1835 utrumque
912 1768 1013 1837 exiget.
1049 1766 1105 1822 Sed
1124 1782 1186 1822 oum
1204 1765 1286 1822 bomo
1304 1764 1375 1822 liber
1389 1766 1477 1836 perlit,
1493 1766 1592 1823 damni
1609 1767 1689 1823 aeeti-

256 1857 340 1912 matio
359 1872 414 1912 non
431 1854 463 1910 fit
480 1856 508 1910 iu
526 1854 652 1925 duplum,
675 1855 741 1924 quia
756 1855 785 1909 iu
802 1854 911 1911 bomine
929 1854 1015 1911 libero
1032 1856 1107 1910 nulla
1124 1856 1245 1926 corporis
1263 1856 1418 1911 aestimatio
1435 1854 1495 1911 ficri
1511 1860 1619 1926 potest,
1640 1854 1689 1911 sed

224 1953 238 1998 e
257 1945 453 2016 quinquaginta
475 1959 620 1999 aureorum
644 1943 835 1999 condemnatio
858 1941 898 1998 tit.
933 1944 1011 2000 Haeo
1034 1949 1127 1999 autem
1144 1943 1231 2000 uerba
1248 1945 1280 1999 ‘si
1298 1944 1373 2000 uiuet
1391 1945 1567 2014 nocitumque
1584 1945 1612 1999 ei
1629 1958 1688 2000 esse

257 2033 378 2090 'dicetur'
395 2049 450 2089 uon
468 2034 605 2104 pertinent
622 2032 658 2088 ad
677 2033 786 2102 damna,
804 2048 875 2102 quae
892 2033 921 2088 in
939 2048 997 2088 rem
1014 2032 1130 2090 hominis
1141 2032 1219 2088 liberi
1230 2032 1304 2089 iacta
1315 2036 1387 2103 tunt,
1406 2033 1430 2088 si
1442 2032 1512 2089 torte
1525 2034 1690 2088 uestimenta
1705 2041 1726 2082 tt

257 2124 316 2179 eius
334 2124 380 2179 uel
398 2122 464 2192 quid
482 2122 556 2183 aliud
575 2123 690 2178 scissum
710 2126 904 2192 corruptumue
922 2127 973 2191 est,
992 2122 1043 2177 sed
1059 2123 1096 2177 ad
1112 2137 1153 2192 ea,
1172 2123 1288 2192 quaein
1306 2137 1405 2192 eorpus
1423 2123 1482 2177 eins
1499 2121 1689 2177 admittuntur.

225 2220 238 2266 1
257 2212 286 2269 Si
310 2211 382 2269 filius
404 2210 520 2267 familias
543 2211 702 2268 cenaculum
721 2210 885 2267 conductum
904 2210 1001 2266 babuit
1019 2215 1047 2265 et
1064 2210 1128 2265 inde
1145 2210 1282 2266 deiectum
1299 2212 1345 2266 uel
1362 2211 1478 2266 effosum
1496 2210 1564 2280 quid
1582 2210 1633 2280 eit,
1656 2209 1690 2265 de

257 2303 364 2373 peculio
387 2301 415 2356 in
438 2307 545 2371 patrem
569 2316 624 2357 non
648 2300 742 2370 datur,
765 2301 908 2369 quianon
931 2315 967 2355 ex
984 2303 1125 2356 contactu
1143 2299 1231 2354 uenit:
1255 2300 1283 2355 in
1301 2299 1390 2369 ipsum
1408 2300 1501 2369 itaque
1518 2298 1606 2355 tilium
1624 2298 1691 2355 hace

225 2392 330 2447 tactio
348 2391 487 2461 competit
523 2389 592 2445 (ium
611 2404 707 2444 semus
725 2388 862 2445 habitator
879 2393 930 2458 eet,
948 2393 1040 2444 utrum
1057 2389 1163 2444 noxalis
1181 2388 1253 2443 actio
1271 2388 1364 2444 danda
1381 2389 1425 2458 eit,
1442 2389 1582 2460 quianon
1600 2393 1645 2445 est
1659 2403 1691 2444 er

257 2481 369 2550 negotio
393 2478 493 2549 gesto?
525 2494 562 2534 an
585 2477 620 2533 de
642 2478 764 2549 peculio,
788 2478 926 2548 quianon
943 2492 979 2533 ex
996 2476 1096 2533 delicto
1113 2477 1298 2534 semiuenit?
1329 2479 1508 2549 nequeenim
1526 2482 1604 2534 recte
1620 2478 1692 2534 serui
1708 2487 1729 2530 ss

258 2569 358 2625 dieitur
376 2584 456 2639 nora,
476 2583 539 2623 cum
557 2582 654 2623 serum
671 2566 737 2623 nihil
755 2567 886 2624 nocuerit.
913 2566 964 2622 sed
977 2581 1031 2637 ego
1041 2571 1109 2637 puto
1120 2566 1283 2637 impunitum
1295 2581 1406 2623 sernum
1417 2576 1479 2624 ease
1489 2581 1545 2622 nou
1555 2570 1692 2638 oportere,

226 2664 240 2710 t
259 2658 309 2715 sed
331 2664 409 2714 extra
427 2657 550 2714 ordinem
568 2654 658 2712 cilicio
677 2656 775 2712 iudicis
793 2656 994 2726 comigendum.
1029 2655 1161 2712 Habitare
1178 2661 1272 2712 autem
1290 2657 1406 2715 dicimus
1423 2658 1469 2714 uel
1485 2657 1514 2712 iu
1532 2670 1585 2712 suo
1603 2657 1649 2712 uel
1665 2656 1694 2712 in

125 2819 128 2825 ι
258 2749 394 2805 conducto
414 2748 459 2803 uel
477 2745 607 2817 gratuito.
634 2744 734 2815 hospes
748 2746 830 2816 plane
842 2760 897 2801 non
909 2744 1054 2816 tenebitur,
1072 2746 1203 2815 quianon
1214 2745 1253 2801 ibi
1264 2745 1377 2816 habitat,
1396 2746 1694 2818 sedtantisperhospi·

218 2876 219 2880 ,
258 2844 345 2908 tatur,
365 2837 415 2893 sed
432 2838 456 2892 is
473 2840 597 2906 tenetur,
617 2835 664 2905 qui
681 2833 829 2906 hospitium
848 2833 967 2890 dederit:
986 2835 1101 2889 multum
1119 2838 1212 2890 autem
1228 2835 1358 2891 interest⁸
1371 2836 1448 2892 iuter
1463 2833 1649 2892 habitatorem
1666 2841 1697 2893 et
1712 2844 1737 2890 ss

211 2934 240 2981 111
259 2927 407 2998 hospitem,
432 2930 564 2996 quantum
587 2924 701 2979 interest
724 2924 795 2979 inter
818 2923 985 2980 domicilium
1004 2922 1015 2995 11
1034 2923 1180 2980 habentem
1197 2928 1227 2979 et
1242 2925 1471 2994 peregrinantem.
1507 2923 1538 2981 Si
1554 2925 1650 2995 pimus
1667 2908 1778 2984 1111111

259 3016 356 3075 eodem
374 3012 504 3071 eeuaeulo
523 3012 654 3082 habitent,
673 3011 746 3068 unde
766 3013 898 3068 deiectum
916 3017 967 3083 eat,
985 3013 1014 3067 in
1031 3013 1156 3082 quemuis
1173 3011 1246 3069 haec
1260 3013 1333 3069 actio
1350 3011 1467 3084 dubium,

223 3101 240 3157 2
313 3104 406 3161 Gerus
424 3103 493 3159 libro
511 3107 589 3158 sexto
608 3101 645 3156 ad
656 3101 777 3157 edictum
788 3102 964 3172 prouinciale.
991 3117 1054 3157 cum
1065 3116 1134 3157 saue
1143 3100 1311 3172 impossibiie
1321 3107 1367 3159 est
1377 3104 1456 3174 scire,
1473 3103 1535 3173 quis
1553 3098 1697 3188 [Q
1714 3106 1741 3166 Ε

259 3195 405 3250 deiecisset
422 3193 467 3248 uel
485 3190 635 3259 effudisset,

223 3278 241 3335 3
312 3283 463 3339 Unrranus
484 3279 553 3335 libro
577 3280 728 3334 uicensimo
752 3279 833 3335 tertio
850 3279 892 3337 ,ad
910 3279 1039 3335 edictum.
1076 3279 1231 3350 etquidem
1250 3279 1279 3335 in
1297 3280 1426 3335 solidum:
1449 3278 1499 3335 sed
1517 3275 1699 3367 Q
1717 3286 1743 3344 g

260 3371 283 3428 si
301 3387 363 3427 eum
381 3385 436 3426 uno
454 3367 537 3424 fuerit
554 3373 655 3438 actum,
675 3370 759 3424 ceteri
776 3367 963 3424 liberabuntur
1716 3382 1744 3425 tt

222 3458 240 3515 4
312 3462 431 3516 Pennus
453 3459 522 3515 libro
540 3457 737 3514 nonodecimo
756 3458 792 3513 ad
810 3458 937 3516 edietum
973 3458 1164 3528 perceptione,
1187 3455 1314 3513 non'litis
1332 3461 1467 3519 contenta
1484 3453 1699 3544 Q
1715 3463 1742 3522 Β

260 3552 342 3620 tione,
360 3548 526 3620 praestaturi
543 3552 649 3617 partem
669 3546 762 3602 damni
780 3547 918 3602 societatis
937 3546 1037 3602 iudicio
1054 3547 1099 3602 uel
1117 3547 1176 3601 utili
1195 3546 1302 3600 actione
1320 3546 1346 3601 ei
1364 3546 1411 3614 qui
1428 3546 1518 3601 soluit

223 3634 241 3692 5
313 3637 465 3693 [inmune
487 3635 556 3691 libro
580 3636 730 3691 uicensimo
753 3636 835 3691 tertio
853 3635 888 3690 ad
907 3635 1035 3690 edietum.
1072 3634 1101 3691 Si
1119 3650 1185 3690 nero
1202 3636 1294 3704 plures
1312 3633 1401 3689 diuiso
1419 3635 1488 3690 inter
1506 3650 1537 3691 se
1556 3630 1698 3721 [Q
1714 3643 1739 3701 Β

260 3727 390 3781 cenaculo
408 3724 544 3794 habitent,
569 3724 640 3778 aetio
659 3725 687 3779 in
706 3739 769 3780 eum
788 3724 875 3780 solum
894 3723 988 3793 datur,
1012 3724 1059 3794 qui
1075 3723 1247 3779 inhabitabat
1264 3738 1324 3777 eam
1343 3727 1463 3794 partem,
1484 3724 1559 3780 unde
1578 3726 1697 3782 effosum

228 3824 237 3867 i
260 3821 311 3871 est.
348 3815 457 3884 Siquis
476 3813 610 3882 gratuitae
627 3812 812 3869 habitationes
830 3812 937 3868 dederit
953 3812 1057 3868 libertis
1075 3818 1104 3868 et
1121 3812 1265 3868 clientibus
1283 3813 1328 3868 uel
1347 3814 1404 3868 suis
1421 3813 1466 3868 uel
1483 3813 1586 3885 uxoris,
1606 3816 1696 3886 ipsum
1714 3827 1737 3869 st

260 3920 353 3961 eorum
373 3904 483 3959 nomine
501 3903 588 3958 teneri
607 3901 753 3958 Trebatius
772 3903 824 3957 ait:
842 3901 916 3972 quod
934 3917 1028 3957 uerum
1048 3906 1098 3957 eat
1127 3901 1199 3958 idem
1213 3903 1264 3958 erit
1275 3901 1420 3966 dicendum
1438 3905 1468 3957 et
1484 3902 1508 3957 ei
1525 3904 1589 3974 quie
1602 3905 1696 3963 amicis

258 4020 444 4090 F[P(VLU)]

261 4184 269 4216 ¹
288 4195 377 4236 noxae
396 4179 493 4248 (edroi
564 4180 637 4234 ²est
655 4188 703 4234 tar.
773 4181 784 4214 ³
803 4180 916 4235 multum
935 4183 1028 4234 autern
1046 4179 1167 4247 interest]
1187 4180 1300 4234 interest
1317 4184 1408 4238 autem
1427 4181 1463 4247 (a
1476 4179 1525 4247 t.)?

253 4333 277 4386 ’1
295 4331 342 4399 qui
360 4330 518 4386 hibitauerit
535 4331 575 4384 1²⁶
620 4331 772 4386 deitebse
785 4331 821 4384 F’
868 4331 949 4385 buti-
1003 4331 1052 4386 sed
1065 4331 1135 4387 eoi*
1164 4331 1198 4385 23
1210 4335 1289 4400 patre
1300 4331 1342 4384 P·
1377 4330 1609 4418 tcexJJPVLU,
1623 4333 1694 4386 etF:

260 4403 330 4456 litati
356 4402 392 4455 5¹
456 4404 471 4456 7
499 4403 576 4457 locut
603 4420 651 4456 om.
671 4403 710 4456 P·
765 4404 790 4457 ¹ii
816 4403 887 4457 uiis
912 4403 950 4456 F’
1003 4402 1092 4457 euertit
1116 4401 1177 4463 οῨτε
1203 4402 1365 4465 exstiturae
1388 4400 1449 4462 οῩτε
1470 4403 1610 4472 caliptum&
1628 4403 1695 4458 hone

262 4475 295 4528 11
314 4489 375 4528 oum
394 4473 430 4528 ad
443 4473 478 4528 ‘et
495 4479 561 4528 tunc
573 4473 709 4528 deiectum
723 4473 790 4541 quid
801 4473 843 4528 ue'
855 4473 949 4539 hueF,
1005 4475 1156 4538 BiAnon.)
1211 4474 1246 4527 28
1268 4477 1377 4528 tenetur
1393 4473 1448 4526 PV
1499 4474 1534 4527 29
1558 4472 1695 4543 hospitum

261 4560 323 4599 oum
342 4543 378 4598 ad
395 4548 455 4608 (om.
468 4543 575 4612 hnoJL
623 4545 658 4600 14
675 4544 821 4599 effunderit
838 4541 949 4613 Plest]
1004 4546 1045 4599 P·
1060 4547 1064 4613 Ι
1080 4545 1195 4600 multum
1214 4549 1304 4598 autem
1323 4544 1438 4598 interest
1515 4545 1695 4613 etquenam

259 4615 333 4680 fud,
352 4613 549 4680 estdictan,
568 4620 611 4670 esi
627 4615 696 4670 haec
713 4616 742 4671 in
760 4625 787 4669 in
804 4619 881 4671 lituro
896 4614 949 4670 ΡΗ
1003 4616 1127 4686 interest]
1152 4615 1264 4686 trecop&
1288 4615 1333 4686 sa‘p
1356 4613 1408 4669 ectr
1497 4613 1547 4670 bers
1571 4614 1625 4672 ’ectr
1651 4617 1696 4671 BS

261 4686 333 4756 χώρα
350 4686 389 4752 τῷ
408 4685 501 4754 interp
517 4686 949 4812 3819ωο111ἆώρωῷ111ῳ
1004 4688 1138 4751 (Dorotls.)
1193 4687 1227 4741 81
1246 4685 1393 4754 deiectum]
1402 4687 1537 4758 sPVhU,
1556 4688 1695 4743 *adiectam

262 4758 406 4822 Bidana.)
443 4759 477 4813 15
486 4757 655 4823 deiecerctur
664 4758 723 4812 FP⁶
765 4756 950 4824 idomln'i'um
1004 4760 1048 4824 Fi
1069 4757 1181 4812 dauitur
1196 4758 1233 4812 F¹
1287 4759 1322 4812 32
1348 4757 1515 4826 impossiuile
1542 4759 1570 4811 F
1588 4762 1653 4826 (em.
1662 4764 1696 4834 ft

261 4829 305 4890 Ρ,
334 4836 382 4882 inc.
401 4827 442 4880 P·
503 4831 534 4884 11
558 4829 660 4898 exiget]
685 4829 782 4893 wo,
811 4829 897 4898 exigit
918 4829 950 4892 V,
1003 4829 1039 4883 34
1056 4828 1092 4883 ad
1110 4828 1453 4898 edietumprouineinlcR
1472 4828 1507 4884 ad
1526 4828 1696 4886 sabinumh

260 4899 355 4968 erigat
373 4897 441 4952 1²⁸0
484 4901 518 4954 19
536 4900 630 4955 uiuet
647 4901 692 4965 1²¹,
710 4899 780 4955 uiuit
796 4900 841 4968 11
857 4900 883 4954 el
901 4918 950 4953 om.
1003 4901 1037 4955 31
1056 4899 1208 4956 a‘m'ctione
1225 4901 1259 4965 F,
1283 4900 1418 4955 actionem
1435 4900 1477 4953 P·
1532 4902 1567 4956 ³9
1586 4900 1696 4958 hab‘u'i·

259 4970 333 5036 ΡΨ
364 4969 540 5031 todennam
553 4972 589 5024 F¹
625 4973 658 5030 21
674 4970 824 5043 eodadea]
839 4970 949 5037 PVLU,
1002 4973 1102 5028 teutF
1151 4973 1186 5027 41
1205 4972 1340 5028 utem?
1405 5012 1406 5021 ,
