3668 5356
144 214 189 262 un
211 211 430 262 urrouunors
815 185 902 268 583
1339 194 1401 264 XX
1423 199 1439 262 1
1463 202 1579 260 10-13

143 355 282 422 gneum,
300 350 395 406 utilem
413 349 549 406 actionem
569 353 725 418 competere
742 352 771 404 et
787 349 859 404 inter
874 348 951 418 ipsos
968 353 998 406 ct
1014 348 1148 408 aduersus
1165 355 1319 423 extraneos,
1337 367 1387 423 per
1404 367 1487 423 quam
1502 351 1579 410 dimi·

143 439 233 496 diam¹
251 439 337 509 partia
353 438 556 508 possessionem
574 435 779 506 adprehendant
796 437 905 506 singuli.

88 531 125 588 11
196 527 373 582 Memorarurs
394 525 463 580 libro
487 524 618 594 singulari
636 523 672 578 ad
690 523 833 580 formulam
851 523 1084 595 hypothecariam.
1121 525 1151 582 Si
1168 528 1192 582 is
1210 528 1258 597 qui
1275 527 1349 584 bona
1365 528 1406 584 rei
1423 521 1579 611 W
1611 539 1633 593 s

144 614 270 686 publicae
294 615 352 670 iure
376 613 548 670 administrat
570 616 693 668 mutuam
716 612 860 681 pecuniam
883 627 933 682 pro
957 627 991 667 ea
1013 614 1144 684 accipiat,
1170 620 1264 684 potest
1285 631 1343 671 rem
1367 616 1426 672 eius
1449 603 1579 685 oblffar—e.

112 713 124 758 1
144 701 175 759 Si
196 693 342 772 iarixpucrc
365 701 439 758 iacta
462 701 499 756 sit
521 705 550 756 et
571 700 600 756 in
618 697 733 754 lundam
751 700 845 754 autin
863 699 947 755 aedes
965 701 1063 770 aliquis
1081 701 1238 772 inducatur,
1263 718 1297 768 eo
1329 706 1579 763 Bs.25,1,11rch.h
1598 714 1611 754 s

144 806 232 861 neque
249 791 350 846 retinet
365 791 568 859 possessionem
586 787 708 858 pignoris
725 788 794 857 loco,
813 787 901 844 donec
918 788 957 842 illi
973 789 1092 858 pecunia
1109 791 1239 860 soluatur,
1258 807 1320 846 cum
1338 794 1367 848 in
1385 808 1484 848 usuras
1503 787 1579 874 [(ΕΕ)

143 877 249 934 fructus
266 877 401 948 percipiat
417 881 466 932 aut
482 876 598 934 locando
617 880 665 930 ant
682 876 741 946 ipse
758 875 935 946 percipiendo
952 875 1169 947 habitandoque:
1188 879 1281 949 itaque
1299 880 1323 934 ei
1338 881 1460 935 amiserit
1470 867 1579 948 poss-es

112 969 262 1036 arionem,
287 967 358 1022 solet
381 966 410 1021 in
432 963 537 1020 iactum
560 964 669 1020 actione
691 965 740 1020 uti.
777 963 851 1020 Usus
874 962 980 1020 fructus
1001 981 1038 1020 an
1054 966 1144 1035 possit
1160 967 1268 1036 pignori
1286 967 1493 1038 hypothecseue
1511 968 1579 1037 dari,

143 1056 298 1127 quaesitum
316 1059 368 1123 est,
386 1053 445 1108 siue
463 1051 590 1108 dominus
607 1052 782 1122 proprietatis
799 1053 959 1110 conuenerit
976 1053 1035 1108 siue
1047 1054 1092 1108 ille
1104 1055 1152 1123 qui
1163 1055 1252 1110 solum
1264 1071 1344 1110 usum
1356 1054 1474 1112 fructum
1487 1055 1579 1112 habet

144 1148 173 1200 et
190 1143 285 1198 scribit
301 1140 468 1212 Papinianus
485 1139 554 1196 libro
572 1140 717 1196 undecimo
735 1155 927 1210 responsorum
945 1141 1078 1196 tuendum
1097 1141 1258 1198 creditorem
1277 1147 1306 1196 et
1322 1144 1347 1198 si
1364 1144 1432 1199 uelit
1447 1159 1510 1200 cum
1521 1159 1579 1200 cre·
1599 1157 1627 1196 ro

144 1231 234 1288 ditore
255 1229 450 1301 proprietarius
474 1243 556 1298 agere
575 1227 638 1284 ‘nou
655 1243 717 1284 esse
735 1228 761 1284 ei
778 1229 821 1284 ius
840 1229 881 1284 uti
898 1227 951 1284 frui
968 1229 1056 1284 inuito
1073 1228 1120 1299 ee’,
1144 1231 1193 1284 tali
1210 1232 1372 1300 exceptione
1389 1247 1453 1288 eum
1470 1237 1580 1301 praetor

143 1319 278 1376 tuebitur:
297 1319 328 1374 'si
351 1333 406 1374 non
427 1317 499 1372 inter
521 1316 683 1372 creditorem
706 1319 736 1372 et
758 1331 821 1372 eum
845 1317 880 1372 ad
904 1331 985 1386 quem
1009 1333 1077 1374 usus
1094 1315 1201 1374 fructus
1218 1319 1336 1388 pertinet
1354 1320 1525 1389 conuenerit,
1549 1324 1581 1376 ut

144 1407 220 1466 'usus
241 1406 347 1462 fructus
365 1407 472 1476 pignori
490 1404 547 1462 sit':
571 1421 634 1460 nem
653 1411 682 1460 et
699 1420 761 1460 cum
780 1411 931 1476 emptorem
949 1421 1017 1460 usus
1035 1403 1141 1460 fructus
1157 1411 1250 1462 tuetur
1266 1411 1389 1476 praetor,
1413 1422 1462 1462 cur
1478 1423 1533 1463 non
1552 1411 1581 1464 et

112 1508 126 1554 a
145 1496 307 1554 creditorem
324 1493 466 1550 tuebitur?
492 1492 589 1548 eadem
607 1492 712 1548 ratione
730 1498 759 1548 ot
775 1492 893 1550 debitori
910 1492 1046 1549 obicietur
1063 1495 1197 1564 exceptio.
1227 1495 1291 1550 Iura
1308 1495 1481 1564 praediorum
1499 1494 1580 1552 urba·
1652 1543 1653 1546 ,

144 1601 242 1642 norum
260 1584 368 1654 pignori
386 1583 445 1638 dari
463 1598 518 1638 non
535 1587 664 1652 possunt:
683 1581 767 1650 igitur
784 1595 836 1636 nec
853 1581 999 1636 conuenire
1017 1584 1159 1652 possunt¹,
1177 1588 1209 1638 ut
1225 1582 1397 1654 hypothecae
1415 1584 1478 1640 sint.
1599 1598 1627 1638 rs

89 1675 126 1734 12
197 1675 317 1730 Pectus
339 1671 408 1728 libro
430 1669 603 1739 sexagesimo
627 1673 726 1724 octauo
750 1669 787 1724 ad
809 1669 939 1724 edictum.
975 1667 1032 1726 Sed
1055 1686 1090 1725 an
1113 1671 1175 1726 uriae
1197 1671 1302 1726 itineris
1319 1676 1399 1728 actus
1423 1666 1581 1754 [ΕἘζιζῑι
1599 1681 1641 1735 Ἐ

145 1777 233 1832 aquae
251 1761 351 1816 ductus
368 1759 491 1830 pignoris
508 1757 654 1813 conuentio
671 1758 761 1812 locum
779 1756 882 1812 haheat
893 1757 1042 1814 uidendum
1054 1773 1115 1814 esec
1127 1759 1293 1830 Pomponiae
1306 1759 1351 1828 ait,
1370 1765 1402 1814 ut
1413 1748 1580 1830 ta'l‘ffict'io

143 1849 201 1920 flat,
219 1855 258 1919 ut,
276 1848 408 1917 quamdiu
424 1846 542 1916 pecnnia
559 1846 649 1902 soluta
665 1859 721 1900 non
739 1845 783 1915 sit,
801 1845 842 1900 eis
860 1845 1039 1901 seruitutihus
1057 1847 1174 1902 creditor
1191 1852 1285 1904 utatur
1298 1848 1412 1914 (scilicet
1424 1849 1448 1904 si
1459 1849 1579 1906 uicinum

144 1937 260 1994 fundum
277 1935 387 2003 haheat)
407 1934 417 2006 l
436 1939 472 2004 ei,
491 1935 516 1990 si
532 1933 604 1988 intra
621 1933 693 1988 diem
712 1937 816 1988 certum
829 1933 948 2003 pecunia
958 1935 1048 1990 soluta
1059 1949 1114 1990 non
1126 1935 1171 2005 sit,
1189 1935 1310 2000 uendere
1323 1951 1370 1992 ees
1383 1937 1473 1992 uicino
1484 1937 1578 1993 liccat:
1597 1946 1614 1994 t.
1625 1945 1671 1992 aaa

144 2041 217 2097 quac
233 2025 370 2082 sententia
386 2027 498 2093 propter
514 2022 659 2078 utilitatem
678 2021 896 2078 contrahentium
915 2020 1086 2076 admittenda
1103 2027 1153 2078 est.
1599 2039 1629 2080 ac

89 2114 127 2172 13
197 2115 373 2170 hliumans
390 2111 460 2168 libro
477 2111 609 2180 singulari
627 2110 663 2165 ad
680 2108 826 2167 formulam
842 2109 1077 2182 hypothecariam.
1105 2109 1196 2180 Grege
1212 2111 1321 2181 pignori
1338 2111 1404 2168 ohli-
1423 2108 1579 2196 [iffi
1610 2119 1632 2176 s

144 2207 211 2274 gato
228 2216 300 2272 quac
316 2205 415 2271 postca
432 2203 581 2256 nascuntur
597 2203 738 2254 tenentur:
756 2197 807 2254 sed
825 2203 854 2254 et
871 2199 895 2254 si
912 2197 1048 2268 prioribus
1066 2197 1202 2268 capitibus
1216 2199 1412 2256 decedentibus
1423 2187 1580 2271 tilher-ra}

114 2301 126 2346 1
144 2289 228 2346 inerit
244 2293 406 2359 renouatus,
429 2288 538 2359 pignori
554 2285 701 2342 tenebitur.
737 2284 887 2344 statuliber
904 2298 1014 2356 quoqne
1031 2286 1090 2342 dan·
1108 2286 1280 2358 hypothecae
1298 2289 1412 2359 poterit,
1434 2289 1499 2344 licet
1516 2305 1579 2346 oon·

37 2443 40 2450 ¹
113 2379 253 2434 edicione
276 2377 427 2434 exsistente
444 2379 593 2432 ouansecat
609 2375 719 2444 pignus.
756 2373 824 2430 (lum
842 2375 950 2444 pignori
967 2389 1025 2430 rem
1042 2376 1214 2446 pigneratam
1232 2377 1320 2446 accipi
1337 2392 1420 2447 posse
1437 2378 1579 2448 placuerit,

145 2471 281 2538 quatenus
301 2469 417 2534 utraque
435 2463 552 2534 pecunia
569 2461 686 2518 debetur
702 2462 803 2532 pignus
820 2463 942 2520 secundo
960 2463 1089 2522 creditori
1105 2466 1214 2520 tenetur
1231 2467 1261 2518 et
1276 2469 1335 2520 tam
1353 2466 1479 2535 exceptio
1497 2481 1579 2535 quam
1599 2479 1628 2522 as

145 2556 218 2612 actio
240 2555 314 2610 utilis
336 2553 363 2608 ei
386 2551 478 2608 danda
500 2556 555 2606 eat:
579 2549 653 2620 quod
676 2551 700 2606 ei
721 2550 848 2606 dominus
865 2551 980 2606 soluerit
995 2552 1153 2622 pecuniam,
1176 2553 1277 2622 pignus
1295 2567 1404 2623 quoque
1421 2554 1579 2623 peremitur.

145 2642 195 2699 sed
212 2647 305 2714 potest
322 2640 453 2711 dubitari,
472 2638 604 2708 numquid
621 2639 750 2694 creditori
766 2653 938 2696 nummorum
957 2640 1108 2700 solutorum
1125 2640 1234 2696 nomine
1252 2641 1327 2696 utilis
1344 2641 1416 2696 actio
1434 2641 1526 2696 danda
1543 2642 1580 2696 sit

145 2747 181 2788 an
198 2747 267 2788 non:
286 2729 353 2800 qnid
370 2730 455 2799 enim,
474 2729 498 2784 si
515 2743 560 2784 res
578 2728 668 2784 solnta
685 2725 787 2782 fuerit?
816 2729 846 2782 et
861 2742 958 2784 uerum
976 2731 1028 2798 eet,
1046 2727 1121 2798 quod
1138 2728 1304 2798 Pomponius
1321 2729 1390 2786 libro
1407 2730 1525 2800 septimo
1543 2729 1580 2790 ad

145 2819 264 2876 edictum
284 2818 391 2888 scribit,
414 2817 437 2873 si
455 2817 565 2886 quidem
583 2816 728 2885 pecuniam
747 2813 831 2870 debet
847 2815 886 2884 is,
904 2816 983 2872 cuius
1001 2831 1100 2872 nomen
1117 2817 1225 2886 pignori
1242 2817 1338 2873 datum
1356 2823 1412 2888 est,
1430 2822 1529 2874 exacte
1546 2831 1580 2872 ca

145 2907 325 2964 creditorem⁸
342 2921 436 2962 secum
453 2908 644 2975 pensaturum:
668 2904 692 2960 si
709 2917 776 2958 uero
794 2917 894 2972 corpus
911 2904 935 2958 is
953 2903 1079 2960 debuerit
1096 2909 1125 2958 et
1141 2905 1266 2974 soluerit,
1289 2906 1411 2975 pignoris
1429 2906 1489 2962 loco
1506 2903 1580 2962 iutu-
1598 2919 1628 2961 ao

112 3008 205 3054 erum
223 2995 297 3065 apud
315 2995 466 3051 secundum
484 2993 654 3050 creditorem.
682 2992 720 3046 Et
736 2992 765 3046 in
783 2989 976 3061 superficiariis
992 2993 1114 3062 legitime
1133 2993 1283 3050 consistere
1300 2994 1418 3052 creditor
1429 2998 1523 3064 potest
1533 2992 1580 3050 ad·

145 3099 243 3140 uersue
264 3081 413 3153 quemlibet
429 3093 629 3151 possessorem,
653 3081 713 3136 siue
731 3085 838 3136 tantum
856 3085 967 3150 pactum
985 3085 1150 3138 conuentum
1169 3080 1204 3136 de
1222 3081 1378 3153 hypotheca
1395 3081 1580 3152 interuencrit,

112 3184 128 3231 ι
146 3173 205 3228 siue
223 3172 305 3227 etiam
323 3171 462 3241 possessio
479 3169 582 3226 hadita
599 3167 690 3239 fuerit,
708 3168 808 3224 deinde
826 3170 928 3224 amhsa
939 3170 984 3225 sit.
1010 3168 1125 3224 Etiamsi
1138 3169 1256 3225 creditor
1266 3169 1415 3226 iudicatum
1428 3169 1581 3226 debitorem

145 3258 249 3328 iecerit,
271 3258 426 3330 hypotheca
443 3263 536 3314 manet
553 3257 683 3328 obligata,
702 3258 767 3326 quia
784 3272 849 3312 suae
867 3256 1042 3320 condiciones
1059 3255 1143 3312 hahet
1160 3256 1358 3328 hypothecaria
1375 3258 1456 3327 acho,
1474 3258 1503 3312 id
1521 3259 1581 3314 est*

146 3349 171 3406 ai
188 3349 278 3404 soluta
295 3347 472 3417 est-pecunia
488 3352 537 3402 aut
554 3344 726 3402 sadsiactum
744 3348 796 3414 eet,
814 3344 914 3415 quibus
932 3343 1104 3400 cessantibus
1121 3349 1206 3400 tenet.
1234 3350 1263 3400 et
1275 3346 1299 3400 si
1313 3361 1376 3401 curn
1394 3344 1539 3404 defensore
1552 3347 1581 3403 in
1600 3360 1629 3402 ss

146 3526 232 3583 multo
255 3525 343 3594 magis
366 3539 432 3594 crgo
455 3525 479 3580 si
501 3524 530 3579 in
551 3538 698 3594 personam
717 3526 808 3578 actum
827 3521 864 3576 eit
880 3521 940 3577 siue
957 3535 1020 3576 cum
1038 3536 1085 3576 reo
1103 3521 1163 3576 siue
1181 3537 1244 3578 eum
1261 3520 1500 3578 fideiussoresiue
1518 3537 1581 3578 cum

146 3615 269 3683 utrisque
287 3628 336 3683 pro
353 3618 440 3682 parts,
457 3613 522 3668 licet
539 3610 662 3666 damnati
679 3610 742 3679 sint,
760 3608 917 3680 hypotheca
933 3615 1026 3665 manet
1043 3609 1165 3679 obligata
1182 3623 1234 3665 nec
1251 3623 1301 3680 per
1317 3609 1369 3666 hcc
1380 3610 1490 3666 uidetur
1502 3610 1581 3666 satis·

113 3709 128 3757 t
146 3701 250 3758 lacuum
268 3700 407 3770 creditori,
430 3699 503 3769 qued
521 3699 606 3754 habet
621 3699 734 3754 iudicati
752 3699 896 3756 actionem.
933 3696 964 3754 st
981 3697 1033 3754 sub
1051 3698 1211 3754 condicione
1229 3696 1316 3754 debiti
1332 3698 1441 3754 nomine
1460 3698 1582 3768 obligata

146 3791 183 3846 sit
199 3787 369 3860 hypotheca,
387 3787 534 3844 dicendum
552 3791 596 3842 eet
613 3791 678 3842 autc
695 3785 883 3844 condicionem
901 3800 956 3842 non
973 3790 1049 3842 recte
1066 3786 1125 3856 agi,
1144 3803 1207 3842 cum
1224 3785 1290 3842 nihil
1308 3787 1415 3842 interim
1433 3785 1581 3842 debeatur:
1600 3804 1629 3846 ιο

146 3877 197 3934 sed
214 3879 239 3933 si
256 3877 309 3934 sub
327 3875 487 3932 condicione
504 3873 591 3930 debiti
609 3874 734 3931 condicio
751 3875 866 3944 uenerit,
883 3889 979 3930 rursus
997 3887 1080 3944 agere
1097 3875 1206 3944 poterit.
1233 3875 1283 3932 sed
1301 3875 1325 3933 si
1342 3888 1473 3945 praesens
1486 3875 1523 3930 sit
1534 3875 1581 3932 de·

146 3965 249 4036 bitum,
272 3963 428 4037 hypotheca
450 3978 516 4020 uero
533 3961 586 4022 sub
604 3962 778 4034 condicione,
802 3968 831 4019 ct
848 3966 947 4033 agatur
963 3967 1028 4018 ante
1045 3962 1233 4019 condicionem
1250 3963 1460 4035 hyphthecaria,
1483 3977 1581 4020 uerum

146 4055 258 4125 quidem
276 4058 320 4110 est
336 4051 481 4124 pecuniam
499 4052 617 4108 solutam
635 4067 691 4108 non
708 4065 784 4123 csse,
802 4051 852 4108 sed
871 4049 971 4108 euierri
987 4051 1171 4124 hypothecam
1187 4049 1310 4123 iniquum
1328 4057 1385 4108 est:
1402 4052 1520 4122 ideoque
1538 4066 1581 4108 ar·

146 4158 313 4230 FlP(VU)]

144 4229 1581 4271 ...ψ--ι--ῄῇ-ῌ...

147 4303 158 4340 ¹
176 4301 316 4358 dimidiam
334 4302 382 4356 det.
427 4297 596 4354 ¹conueniri
612 4301 740 4369 (possunt
757 4298 835 4368 deti?
877 4299 889 4336 ⁸
907 4299 1058 4358 secundum
1077 4309 1124 4355 ine.
1144 4298 1304 4368 (Hamlleii
1347 4297 1453 4356 ‘linita
1469 4304 1515 4356 est
1532 4308 1580 4356 im.

146 4441 253 4498 hantir
266 4439 381 4512 pacrcP,
400 4437 570 4494 antedecem
583 4459 655 4510 paco
669 4437 701 4504 V,
714 4425 836 4510 anuph}
889 4459 938 4496 om.
949 4439 990 4494 P·
1038 4441 1073 4496 29
1091 4444 1190 4496 exacta
1207 4455 1241 4496 ea
1258 4441 1429 4511 creditorem]
1449 4445 1581 4498 exactae

151 4511 193 4578 U‘,
212 4521 259 4566 ine.
277 4512 310 4566 U·
330 4512 335 4578 Ι
355 4510 384 4565 in
406 4509 498 4579 aedes]
517 4509 596 4565 indes
613 4511 653 4565 P·
706 4511 770 4566 hin
783 4511 836 4566 l'u·
889 4511 1024 4568 creditore
1036 4511 1162 4577 P⁶V⁶U⁰,
1179 4515 1305 4566 exactam
1321 4513 1483 4568 acreditore
1493 4510 1580 4578 W,

147 4597 225 4640 suras
243 4583 270 4638 F
316 4583 350 4638 13
368 4577 570 4636 ususfructus
588 4581 627 4635 Ρ
678 4583 711 4636 li
730 4588 836 4651 *aucae
890 4585 1008 4638 exactim
1025 4583 1215 4638 acreditcrem
1231 4583 1299 4637 rap,
1318 4583 1357 4638 rai
1371 4584 1452 4638 riuis
1465 4584 1581 4654 ypsiuara

147 4655 247 4710 ductus
264 4654 309 4718 P,
328 4657 411 4722 etque
428 4651 529 4708 ductus
546 4652 585 4706 P⁰
601 4653 669 4719 itali
686 4657 768 4721 pacto
786 4655 839 4708 PV
891 4651 923 4708 ria
941 4654 973 4706 ri
991 4652 1182 4717 inoperabueai
1203 4671 1254 4718 ιοι,
1273 4655 1414 4709 haustuum
1434 4653 1498 4716 siri
1516 4673 1580 4718 eru·

148 4727 182 4784 18
199 4725 249 4793 eis}
268 4725 311 4779 his
330 4723 411 4779 PVU
463 4724 496 4779 19
514 4723 613 4793 soluta]
632 4723 778 4788 omrem,
795 4740 838 4780 re-
892 4725 1012 4788 uucizsic
1029 4725 1262 4794 εἰιτὸχρέοοιογ
1277 4725 1423 4790 Efficere.)
1458 4723 1580 4781 341118-

147 4795 205 4851 dita
217 4797 258 4852 Ρι
303 4797 338 4850 26
356 4795 457 4866 pignus
470 4809 579 4864 quoquc
593 4793 751 4864 peremitur]
764 4803 840 4865 prust
891 4793 1580 4866 ceritF‘lhahet]habetutP'U01htypothu-

145 4871 265 4923 teroem
285 4867 385 4936 pignus
406 4869 553 4935 utrumque
573 4864 722 4935 peremitur
738 4872 839 4920 aerim
891 4866 966 4921 carie
983 4865 1022 4918 F*
1074 4867 1110 4922 35
1132 4870 1161 4921 et
1182 4885 1231 4920 cm.
1246 4866 1327 4920 PVU
1376 4867 1410 4922 37
1435 4867 1494 4922 siue
1516 4882 1580 4922 cnm

146 4887 695 5010 13⁹(Anoahcrrrepsinoetmaiersr
750 4935 786 4990 28
811 4939 841 4990 et
890 4949 939 4993 reo
956 4953 1006 4990 oce.
1017 4936 1055 4990 F¹
1100 4935 1285 4993 schabest?
1323 4935 1580 5008 diputationem
