3608 5302
870 189 872 192 .
950 120 1076 204 nxxx'

295 327 365 384 quse
383 311 520 383 philologo
538 310 699 384 probaretur
716 325 770 367 non
788 299 948 382 resiperent,
968 311 1086 368 maxime
1097 313 1208 381 propter
1220 309 1454 382 interpolationem
1470 310 1543 366 nulla
1560 314 1619 366 arte
1638 309 1723 365 elimi-

295 419 421 491 nandam,
440 419 475 475 ds
494 418 629 474 sententia
640 423 733 474 tamen
751 417 870 474 auotoris
887 417 915 472 iu
933 417 1091 474 uniuersum
1109 417 1177 472 satis
1189 422 1334 489 onustaret,
1353 416 1485 487 adscripsi
1497 417 1525 472 iu
1537 416 1724 486 adnotatione,

295 526 360 597 quid
378 525 414 582 ad
432 526 532 582 iustam
550 525 715 582 sentemimn
733 522 904 582 efioisndam
922 525 1023 595 requiri
1040 509 1188 594 uideretur,
1206 523 1292 582 uerba
1309 541 1364 582 nou
1382 529 1534 597 praestans.

346 633 404 689 lam
422 633 506 704 igitur
523 647 540 688 ο
557 631 684 688 manibus
701 631 836 689 mittenda
854 635 918 688 sunt
934 631 1074 689 uolumina
1091 630 1167 703 base,
1185 646 1301 702 quornm
1318 632 1394 704 prins
1406 631 1451 688 edi
1463 635 1589 702 oeeptum
1601 633 1723 686 estuare

294 739 358 796 anui
377 739 454 812 1866,
473 738 627 797 absolutum
644 744 709 811 post
725 738 872 810 biennium,
890 739 1006 795 alterum
1024 753 1087 794 oum
1104 739 1194 810 operis
1212 739 1380 810 praefatione
1397 738 1451 794 iam
1469 735 1620 809 perfeetum
1637 737 1723 792 lento

293 846 369 903 ribus
386 847 511 904 traditur.
538 861 632 904 eorum
650 851 755 917 autem,
774 843 873 915 quibus
891 861 925 901 ea
942 846 1076 917 inscripsi,
1094 846 1172 902 alteri
1190 847 1244 902 iam
1264 846 1335 902 tradi
1352 831 1407 904 non
1424 849 1554 917 possunt:
1573 861 1636 900 uam
1655 842 1723 899 dum

293 952 435 1011 Rudorfio
450 955 586 1026 timemus,
605 953 766 1023 Boeolsiugii
783 952 883 1008 summi
901 951 996 1008 barum
1014 953 1165 1010 litterarum
1181 953 1291 1010 luminis
1304 968 1398 1010 earum
1410 955 1493 1023 ospot
1504 951 1584 1009 uobis
1595 951 1722 1021 ereptum

294 1066 345 1117 est.
371 1058 499 1132 fatigabit
519 1075 563 1118 ms
586 1075 669 1132 saepe
691 1058 769 1116 labor
790 1059 919 1116 sexennis
942 1061 1087 1117 oontiuuns
1109 1076 1163 1118 nou
1186 1061 1328 1132 depositus
1349 1059 1402 1116 nisi
1424 1059 1587 1116 umnaitata
1604 1059 1723 1128 nogento

293 1183 344 1238 per
360 1166 523 1224 breuissima
544 1167 701 1224 interualla:
722 1165 774 1224 boo
798 1167 870 1222 enim
893 1181 998 1224 meeum
1023 1168 1166 1240 constitui,
1192 1183 1253 1224 oum
1279 1168 1370 1239 eoepi,
1393 1171 1424 1223 ut
1441 1164 1624 1238 perboeretur.
1655 1163 1722 1220 luris

294 1274 410 1331 Romani
427 1275 539 1347 studiis,
564 1273 664 1346 quibus
688 1272 901 1331 adadesoentiam
926 1273 1003 1345 dedi,
1027 1281 1169 1346 aeoeptnm
1188 1273 1276 1332 refero
1294 1274 1427 1347 quidquid
1449 1275 1477 1330 in
1494 1273 1591 1330 litteris
1608 1269 1722 1344 profani,

293 1381 430 1451 uolnique'
444 1381 480 1436 ad
502 1396 536 1437 ea
559 1381 599 1436 ita
621 1380 735 1451 reuerti,
759 1386 791 1436 ut
814 1379 887 1451 qood
909 1380 938 1436 in
959 1381 994 1436 iis
1017 1381 1115 1438 studiis
1133 1383 1192 1454 ipse
1211 1383 1328 1438 maxime
1346 1396 1454 1453 semper
1471 1380 1654 1438 desiderarem
1671 1393 1721 1450 pu·

294 1486 440 1558 tubamque
457 1487 522 1544 item
541 1486 577 1544 ab
594 1487 654 1544 aliis
672 1486 835 1559 desiderari,
859 1503 921 1544 mea
945 1503 1029 1558 opera
1046 1489 1212 1562 expleretur,
1234 1490 1328 1561 itaque
1351 1488 1454 1546 fantum
1475 1494 1527 1545 est
1554 1487 1640 1544 multa
1660 1497 1721 1542 esse

293 1595 321 1650 io
344 1593 386 1650 bis
406 1592 605 1665 uoluminibus,
629 1609 700 1665 quae
718 1595 742 1651 si
760 1609 832 1651 nuno
850 1595 960 1652 demum
978 1596 1014 1652 ad
1032 1612 1094 1652 enm
1112 1595 1425 1668 faborem²aooederem,
1450 1599 1555 1652 mutata
1572 1593 1720 1666 prodirent,

293 1699 420 1757 addenda
440 1700 641 1758 demonstrant:
664 1701 714 1758 sed
731 1716 850 1773 errores,
874 1717 943 1774 quos
961 1704 1122 1760 commissos
1140 1719 1202 1760 esse
1219 1703 1309 1762 adhue
1326 1704 1461 1775 intellexi,
1484 1702 1580 1774 paneis
1598 1700 1720 1772 exospb‘s

295 1809 354 1866 eins
372 1815 486 1866 naturae
504 1813 576 1880 suut,
595 1812 627 1865 ut
644 1809 789 1866 utilitatem
807 1808 868 1865 libri
887 1825 941 1866 non
958 1811 1073 1868 multum
1091 1811 1261 1868 imminuant.
1294 1811 1376 1882 louge
1393 1811 1471 1882 plura
1489 1815 1569 1867 erunt
1585 1823 1657 1880 quae
1675 1807 1720 1864 alii

294 1916 342 1987 qui
359 1921 424 1973 sunt
440 1914 578 1986 futurique
597 1920 661 1972 suut
678 1917 775 1973 merito
792 1915 998 1988 improbabunt:
1022 1933 1102 1990 spero
1126 1921 1219 1993 tamep
1242 1915 1301 1975 fore
1325 1922 1356 1974 ut
1377 1917 1459 1973 iidem
1478 1915 1544 1972 mibi
1561 1920 1647 1972 testes
1665 1914 1720 1970 sint

294 2037 404 2093 operam
424 2038 468 2079 me
488 2023 516 2078 iu
539 2021 654 2093 digestis
674 2023 902 2095 rsoognosaendis
920 2025 1022 2081 utiliter
1041 2027 1176 2096 posuisse.
1202 2025 1255 2082 boo
1273 2041 1327 2082 non
1344 2025 1440 2096 ignoro
1458 2039 1552 2081 ueram
1574 2022 1719 2080 utilitatem

293 2129 355 2187 libri
378 2129 497 2202 pendere
519 2128 555 2187 ab
577 2131 707 2187 uniuersa
729 2130 823 2188 borum
848 2131 1000 2190 studiorum
1018 2132 1191 2204 eondioione,
1215 2133 1332 2190 maxirne
1352 2149 1369 2188 a
1386 2131 1457 2190 felini
1475 2131 1540 2188 iuris
1558 2129 1719 2202 prudentiae

293 2238 497 2308 litterarumque
514 2237 672 2294 Latinarum
691 2239 895 2309 eommunione,
917 2253 988 2310 quae
1005 2239 1087 2296 bodio
1105 2240 1190 2312 iaoet,
1209 2255 1260 2297 neo
1277 2240 1329 2296 iuri
1348 2240 1435 2312 magis
1453 2254 1563 2312 operam
1582 2237 1650 2293 dant
1667 2236 1719 2292 La·

293 2345 350 2401 tine
374 2344 448 2401 dooti
471 2359 552 2415 quam
575 2343 641 2400 iuris
663 2343 813 2415 prudentae
829 2345 926 2402 Latino
950 2345 1049 2402 salunt.
1080 2352 1145 2402 suut
1166 2347 1213 2418 qni
1236 2346 1301 2404 dum
1324 2347 1387 2403 buio
1410 2361 1488 2402 meae
1505 2359 1606 2417 operae
1624 2341 1720 2400 fauent

293 2456 392 2523 putant
414 2449 473 2508 fieri
494 2466 592 2523 posse,
616 2454 648 2506 ut
671 2450 763 2507 studia
786 2452 967 2509 renitescant:
991 2467 1042 2509 nea
1065 2452 1264 2524 desperandum
1287 2459 1338 2510 est.
1375 2453 1487 2510 uideant
1503 2452 1550 2523 qni
1567 2449 1649 2508 bodie
1667 2429 1719 2506 iuri

294 2574 404 2631 operam
428 2558 495 2614 daut
516 2557 705 2614 adnleseentes
727 2558 851 2629 ingemat:
876 2559 950 2630 apud
973 2574 1020 2616 eos
1043 2561 1116 2616 enim
1136 2565 1207 2632 stat,
1231 2567 1321 2618 utrum
1339 2559 1518 2632 perduratura
1535 2559 1573 2616 sit
1590 2573 1635 2614 ars
1653 2555 1719 2612 iuris

293 2664 392 2723 nobilis
409 2647 438 2722 et
454 2664 573 2721 liberabs
590 2681 626 2720 an
642 2665 671 2720 in
689 2663 831 2722 artifieium
850 2665 990 2722 sordidum
1008 2666 1214 2738 degeneratura.
1240 2668 1284 2724 ius
1300 2669 1451 2724 Romanum
1470 2671 1591 2723 ornatum
1608 2663 1719 2735 ingenio

293 2773 387 2845 populi
399 2772 434 2828 ad
446 2771 475 2828 ld
485 2771 574 2842 ipsum
587 2771 654 2844 uati,
671 2773 835 2843 perpolitum
848 2772 965 2831 decursu
977 2774 1022 2831 illo
1035 2773 1150 2831 mirabili
1162 2789 1211 2846 per
1225 2775 1323 2846 uiginti
1334 2775 1446 2831 sueonia
1457 2774 1636 2843 nationesque
1647 2785 1719 2842 qnae

293 2877 403 2937 fuerunt
419 2874 543 2951 quad'qne
561 2883 626 2935 sunt
642 2879 764 2936 omnium
781 2880 926 2953 prinsipes,
944 2886 1084 2953 tamquam
1102 2879 1193 2939 nobile
1205 2897 1301 2938 surum
1313 2881 1462 2939 identidem
1474 2880 1616 2938 deonotum
1629 2879 1718 2950 splen·

293 2987 341 3043 det
363 2986 445 3054 bodie
466 2987 610 3059 splendore
633 3002 688 3044 non
709 2988 851 3044 imminuto
875 2971 980 3060 msam]
1002 2989 1051 3045 ssd
1073 2989 1204 3046 maneto:
1228 2993 1257 3046 et
1279 2994 1311 3045 ut
1333 3003 1476 3044 oausarum
1498 2953 1719 3059 patroni'idonsi

292 3093 451 3165 iudioesque
474 3110 589 3166 sagaoes
611 3100 640 3151 st
662 3095 782 3166 religioni
805 3095 888 3152 etiam
910 3110 943 3151 eo
962 3111 1015 3152 uon
1033 3095 1155 3153 adbibito
1173 3097 1278 3154 institui
1295 3096 1415 3168 possint,
1439 3099 1531 3150 tamen
1547 3098 1580 3150 nt
1596 3091 1719 3149 studium

293 3199 426 3258 eflioiatnr
443 3201 547 3258 liberali
564 3201 673 3259 bomine
691 3201 818 3273 dignum,
841 3201 869 3258 id
887 3207 930 3259 est
947 3217 980 3258 οο
998 3203 1046 3273 qui
1063 3203 1116 3260 boo
1133 3204 1266 3270 intellexit
1283 3203 1418 3260 neminem
1436 3202 1515 3273 plene
1532 3201 1626 3264 uiuere
1644 3197 1718 3255 diem

292 3314 464 3381 praesentem
486 3309 539 3365 nisi
556 3323 704 3366 memorem
721 3307 825 3365 dierum
849 3309 1070 3382 praeteritorum,
1094 3327 1163 3382 opus
1186 3315 1230 3368 est
1253 3311 1311 3366 iure
1329 3311 1466 3380 Romano,
1489 3308 1633 3364 nomonoto
1654 3321 1718 3362 oum

291 3399 413 3487 ipsorum
430 3415 593 3486 populorum
609 3421 668 3472 tam
684 3415 800 3473 Romani
817 3431 899 3487 quam
916 3417 1002 3473 nostri
1013 3417 1151 3474 oreations
1163 3423 1191 3474 st
1203 3416 1372 3488 formatione,
1391 3415 1465 3472 uitae
1477 3413 1613 3471 oommuui
1624 3416 1718 3469 antem

293 3537 382 3594 neque
399 3522 440 3578 ita
457 3522 606 3594 spplioato,
630 3526 662 3579 nt
679 3523 787 3580 animus
805 3521 988 3580 adnleseentia
1005 3522 1124 3581 alibero
1142 3529 1218 3580 motu
1236 3525 1328 3580 statim
1347 3524 1375 3579 in
1393 3522 1512 3580 sordium
1531 3521 1590 3578 eins
1608 3519 1719 3578 uinouls

293 3627 451 3701 abripiatur,
468 3643 558 3701 neque
575 3629 617 3685 ita
633 3629 668 3686 ab
687 3646 721 3686 ea
738 3630 835 3702 abeno,
854 3635 885 3686 ut
903 3645 938 3686 ea
956 3631 1081 3687 tiroeinio
1099 3631 1135 3686 sd
1152 3646 1229 3686 mma
1246 3628 1365 3686 diffinitis
1382 3629 1513 3686 transitus
1531 3629 1575 3684 sit.

345 3736 446 3792 Paulus
463 3733 601 3807 mnagnr,
624 3737 671 3808 qni
689 3737 809 3794 uniuersi
826 3735 927 3794 laboris
944 3738 1035 3794 sosius
1053 3735 1112 3794 fieri
1128 3738 1228 3809 uoluit,
1251 3753 1314 3793 oum
1337 3737 1403 3793 iuris
1427 3736 1550 3792 doctrina
1570 3748 1653 3806 saepe
1671 3749 1718 3790 me

292 3841 398 3900 adiuuit
414 3847 473 3900 mun
491 3843 520 3898 in
536 3843 614 3900 nasia
629 3843 746 3901 tentione
763 3859 799 3900 ex
814 3842 890 3900 libris
907 3843 1047 3901 nomnibus
1065 3843 1202 3901 snotauds
1222 3849 1251 3900 et
1267 3844 1295 3900 iu
1312 3843 1429 3915 plagulis
1447 3840 1615 3917 eorrigendis
1632 3855 1719 3912 opera

292 3949 422 4006 nontinua
438 3953 468 4006 st
484 3947 566 4007 fideli.
593 3951 622 4007 in
639 3951 717 4008 onius
735 3950 858 4008 absentis
875 3951 965 4008 looum
982 3965 1031 4023 per
1048 3951 1158 4021 aliquod
1176 3954 1285 4022 tempus
1299 3951 1432 4008 snoosssit
1442 3949 1596 4006 Friderious
1608 3947 1717 4019 Mense.

291 4071 373 4128 porro
391 4055 505 4114 (insanis
528 4071 599 4128 quas
621 4058 650 4114 in
672 4057 781 4129 digesta
801 4061 913 4130 reosptn
934 4064 999 4115 sunt
1021 4057 1188 4128 castigandis
1210 4072 1320 4128 operam
1344 4059 1458 4114 manauit
1474 4057 1594 4128 optimus
1611 4055 1718 4112 amians

293 4161 426 4220 liudolfus
444 4163 565 4220 Heroher
582 4163 686 4226 Gnaeos
704 4164 892 4235 doodseimus,
914 4163 993 4220 ouius
1016 4164 1087 4220 nomi
1109 4163 1244 4221 adiutodo
1265 4171 1294 4221 et
1317 4163 1385 4222 liber
1409 4170 1437 4221 et
1459 4169 1554 4220 auotor
1569 4161 1717 4234 plurimum

292 4269 402 4326 debent.
430 4285 519 4342 neque
537 4285 665 4341 umquam
689 4269 735 4326 ubi
754 4271 890 4342 appellaui
906 4270 1056 4342 Hauptium
1079 4285 1184 4343 meum,
1207 4271 1332 4328 destituit
1355 4287 1399 4328 me
1420 4269 1639 4341 incomparabilis
1656 4269 1717 4325 eim

292 4375 418 4434 eruditio.
447 4376 560 4433 iniuria
577 4376 782 4448 quaestionibus
799 4374 996 4434 dlffioilioribus
1014 4393 1097 4448 saepe
1115 4393 1177 4436 oum
1194 4377 1285 4435 fruotu
1303 4378 1435 4449 oonsnlni,
1452 4377 1519 4434 dnm
1537 4381 1630 4434 noster
1647 4381 1716 4447 erat,

292 4483 476 4540 ιιοοοιιιιίοοι
498 4498 589 4540 meum
611 4483 758 4541 ilenrieum
781 4482 955 4556 Degeoluolb,
978 4485 1044 4542 item
1066 4485 1210 4557 aliquoties
1233 4485 1427 4543 Zaobariaeum
1444 4483 1663 4555 Lingeutbalium
1688 4487 1717 4538 et

292 4587 422 4648 Adolinm
435 4588 558 4647 Sabmidt
568 4591 622 4647 iam
633 4590 813 4661 Lipsiensem.
838 4606 953 4662 quorum
964 4591 1183 4664 reliquorumque
1199 4568 1320 4650 omnium
1332 4593 1451 4650 uberum
1463 4592 1492 4648 in
1503 4591 1607 4647 Latinis
1619 4590 1716 4646 litteris

293 4697 394 4753 iudane
412 4697 510 4754 studiis
528 4697 674 4768 insignium
692 4697 726 4753 de
744 4696 797 4753 hae
813 4712 898 4768 opera
914 4696 985 4754 bens
1003 4699 1160 4756 meritorum
1177 4705 1257 4770 grata
1268 4699 1421 4756 reeordatio
1433 4715 1495 4756 eom
1514 4698 1556 4754 bis
1573 4697 1640 4769 ipsis
1658 4702 1714 4752 sto·

293 4803 346 4860 dlis
363 4805 508 4861 eoniunota
525 4804 553 4860 in
571 4809 732 4875 perpetuum
751 4804 779 4859 in
797 4805 888 4860 animo
905 4803 1041 4860 insidebit.

335 4911 463 4965 Berofr'nf
477 4911 504 4966 d.
515 4911 599 4968 XXX
616 4911 667 4968 lul.
680 4909 889 4969 bbcccnxx.
