3584 5326
723 159 930 228 xxxxviiii

202 333 267 388 lum
285 334 384 404 plenae
403 339 476 404 sunt,
495 334 545 390 sed
563 335 668 390 numeri
684 350 794 405 qnoque
812 336 840 390 in
859 333 1086 389 1.XX11.XX111
1104 348 1165 389 raro
1184 334 1256 390 notis
1275 331 1470 404 signiIicantur,
1488 334 1544 404 ple·

204 455 328 510 rumque
346 441 445 496 litteris
464 440 683 512 perscribuntur,
708 440 782 511 quod
804 442 833 496 in
854 440 907 496 alio
926 440 1040 496 secundi
1057 439 1160 495 ordinis
1177 439 1247 496 libro
1265 439 1346 494 simili
1365 439 1546 495 continuitate

203 548 368 617 repperisse
396 563 440 602 me
467 562 521 602 non
549 547 669 602 memini.
706 547 813 604 Graeca
839 547 929 602 minus
952 547 1033 617 plena
1056 549 1121 602 sunt
1147 561 1229 616 quam
1255 547 1284 601 in
1307 544 1546 615 praecedentibus.

203 653 323 722 3155555
341 668 421 708 rarae
440 669 544 724 eaeque
562 653 706 710 doctorum
730 654 923 724 antiquiorum.
951 653 1054 710 contuli
1071 653 1131 724 ipse
1148 652 1276 708 Berolini.
1303 653 1444 722 specimen
1462 653 1546 723 scrip-

203 763 291 814 turae
309 759 413 831 duplex
431 758 561 815 exhibent
578 759 689 816 tabulae
707 761 791 831 priori
809 760 940 816 uolumiui
958 759 1092 816 adiectae.

79 862 123 917 U
140 885 190 912 =
205 865 301 920 codex
320 864 504 922 bibliothecae
523 865 711 922 uniuersitatis
728 867 879 922 Patauinae
903 883 930 922 n.
943 867 994 921 941
1014 867 1054 934 (in
1071 864 1125 920 fine
1147 865 1247 935 legitur
1266 881 1348 920 manu
1366 879 1439 921 saec.
1447 865 1547 922 XIIII:

206 973 276 1026 liber
294 973 398 1028 ordirsis
407 975 528 1047 fratrum
541 973 636 1027 heremi
653 957 694 1027 555Ι
705 957 775 1044 Aah.
792 993 923 1029 concessere
942 975 978 1027 od
994 992 1067 1028 usum
1076 975 1166 1043 srolri
1180 966 1251 1045 Arpi.
1266 975 1296 1028 de
1308 974 1389 1045 plebe)
1409 988 1481 1028 saec.
1494 972 1549 1027 XII

209 1093 228 1131 a
246 1076 360 1132 librario
378 1077 592 1147 prudentissimo
610 1079 713 1148 optime
731 1079 858 1149 scriptus.
890 1079 996 1149 integer
1014 1082 1066 1134 est.
1093 1077 1153 1148 ipse
1175 1077 1244 1134 liber
1267 1082 1295 1133 et
1319 1079 1495 1149 inscriptione
1520 1083 1549 1134 et

207 1182 416 1254 subscriptione
434 1189 524 1240 caret:
542 1185 634 1254 legum
652 1185 844 1255 Inscriptiones
856 1185 953 1256 plenae
966 1191 1038 1240 sunt.
1066 1183 1173 1240 Graeca
1185 1185 1345 1254 plerumque
1357 1185 1444 1240 multo
1458 1185 1548 1240 minus

208 1289 295 1359 plena
313 1291 439 1360 magisne
457 1297 586 1361 corrupta
603 1297 667 1346 sunt
685 1291 713 1346 in
731 1291 784 1346 hoc
800 1289 870 1346 libro
888 1306 970 1361 quam
989 1291 1017 1346 in
1039 1290 1101 1345 PV:
1124 1289 1289 1360 quibusdem
1308 1295 1401 1346 tamen
1418 1291 1486 1347 loeis
1506 1293 1549 1356 (ut

210 1395 234 1464 1,
251 1398 315 1466 513,
335 1399 379 1451 25.
404 1397 465 1466 604,
479 1398 505 1452 8.
521 1399 564 1452 23.
590 1399 651 1465 605,
666 1399 712 1465 25)
736 1398 902 1454 contrarium
926 1397 1026 1454 euenit
1056 1397 1166 1467 glossae
1190 1396 1292 1452 adsunt
1313 1412 1420 1467 paucae
1443 1412 1548 1468 eaeque

210 1502 392 1573 antiquiores.
406 1503 508 1559 contuli
520 1504 579 1574 ipse
588 1504 716 1559 Beroliui
734 1505 873 1574 specImen
885 1504 1037 1574 scripturae
1050 1503 1148 1574 triplex
1160 1502 1291 1560 exhibent
1303 1503 1412 1560 tabulae
1424 1504 1548 1561 eaedem.

79 1595 136 1654 Ad
157 1602 220 1662 hos
241 1609 350 1664 accedit
367 1609 456 1665 codex

113 1703 140 1757 Τ
151 1729 195 1759 =
210 1713 393 1771 Taurinensis
411 1717 442 1770 F.
455 1717 490 1786 II,
504 1717 538 1772 14
556 1732 629 1772 5555.
643 1717 705 1787 XII,
724 1715 852 1772 desinens
870 1731 924 1772 non
943 1714 981 1771 ibi
999 1714 1047 1771 ubi
1064 1715 1154 1772 solent
1171 1715 1272 1786 digesti
1286 1715 1393 1772 Ueteris
1407 1714 1478 1787 libri,
1497 1716 1548 1772 aed

210 1819 261 1891 25,
273 1822 298 1892 3,
311 1823 338 1892 5,
352 1823 386 1878 13
405 1823 458 1878 551.
472 1823 485 1877 I
502 1840 528 1893 p.
540 1824 632 1893 isal
649 1821 726 1878 uerb.
740 1824 834 1878 diseat
849 1829 957 1894 potem.
985 1821 1059 1877 hunc
1075 1821 1174 1878 librum
1193 1823 1221 1878 in
1238 1823 1299 1892 ipso
1311 1822 1411 1878 Uetere
1430 1822 1548 1894 digesto,

210 1926 265 1983 ubi
288 1928 431 1984 meliorum
454 1927 583 1985 librorum
607 1931 687 2007 copia
710 1933 784 1998 erat,
811 1944 866 1984 non
890 1927 1015 1999 adhibui,
1042 1927 1155 1984 adhibui
1179 1944 1242 1984 oum
1265 1930 1294 1984 In
1319 1928 1473 2000 appendice
1497 1929 1551 1984 IIII

207 2035 364 2090 uoluminis
382 2035 480 2106 prioris
498 2019 535 2102 (u.
547 2051 575 2104 p.
591 2036 650 2102 ΙΨ)
669 2041 727 2090 tum
746 2036 774 2090 in
787 2039 865 2105 parte
878 2050 919 2106 ea,
938 2051 1020 2106 quam
1037 2032 1121 2092 habet
1132 2049 1167 2090 ex
1179 2033 1331 2091 Infortiato.
1358 2035 1551 2106 inscriptiones

206 2137 309 2210 legum
327 2139 412 2196 habet
429 2139 487 2196 fere
504 2142 607 2210 plenas.
635 2142 751 2197 contulit
769 2142 889 2198 Berolini
905 2142 1075 2213 Kruegerus.

134 2231 300 2301 Infortiati
318 2246 394 2318 quod
412 2247 519 2316 dicitur,
538 2247 566 2302 id
585 2252 628 2303 est
648 2248 760 2303 alterius
778 2247 946 2318 digestorum
960 2248 1107 2305 uoluminis
1120 2249 1325 2304 exseceusione
1337 2247 1551 2304 Bononiensium
1570 2254 1682 2328 intestati

90 2330 110 2392 u
122 2335 175 2409 2⁴,
193 2347 235 2420 3,
252 2356 305 2408 ι-
317 2353 362 2424 ac,
375 2355 401 2423 5,
414 2354 457 2423 55,
475 2353 518 2408 eo.
531 2354 566 2423 11,
579 2355 640 2423 55,
653 2353 688 2408 aa
707 2353 782 2429 eoru.
796 2357 966 2426 55555),
984 2371 1047 2411 eum
1062 2354 1162 2412 Trium
1174 2353 1299 2426 patrous
1318 2355 1372 2424 (cc,
1385 2355 1411 2426 5,
1423 2354 1458 2410 55
1474 2353 1550 2410 uero.
1580 2316 1677 2424 Atili„

86 2441 130 2490 Μ
147 2464 269 2514 mnes
287 2491 313 2500 -
329 2461 365 2516 38
378 2462 458 2526 extr.)
477 2458 561 2515 libros
579 2459 691 2516 adhibui
709 2460 772 2516 hos:

97 2539 129 2591 W
140 2567 190 2601 ²²
207 2565 306 2622 codex
318 2565 470 2622 Uaticanus
488 2568 556 2622 1407
574 2581 647 2622 saec.
657 2567 719 2636 XII,
738 2568 782 2622 cui
800 2573 829 2622 et
841 2567 965 2623 Blamios
984 2583 1046 2623 eam
1065 2567 1196 2626 adscribit
1214 2572 1243 2623 et
1260 2567 1385 2638 inspecto
1399 2566 1552 2637 scripturae

206 2673 368 2742 specimine
391 2673 492 2728 latiens
516 2672 692 2728 adiudieauit.
720 2673 816 2743 incipit
834 2673 937 2730 alibro
956 2675 991 2730 26
1009 2689 1098 2744 neque
1115 2675 1262 2744 quicquam
1279 2673 1357 2729 initio
1375 2673 1468 2729 deest:
1492 2671 1552 2728 holt

207 2784 331 2849 propter
348 2780 453 2850 arquos
471 2778 596 2836 rariorum
615 2763 753 2834 desectum
772 2781 815 2849 er,
828 2782 854 2850 4,
869 2782 955 2851 repr.
975 2781 1030 2836 u01.
1043 2780 1078 2850 11,
1090 2782 1152 2850 555,
1164 2781 1200 2835 eo
1217 2781 1246 2835 5
1264 2779 1356 2836 ieron
1374 2787 1398 2835 a·
1416 2799 1485 2834 aas.
1512 2779 1551 2834 rn-

208 2886 381 2956 scriptores
403 2884 487 2941 babet
509 2885 670 2956 plerumque
692 2887 789 2956 plenas
812 2891 867 2942 tam
892 2887 920 2941 in
943 2885 1086 2943 Infertiato
1110 2885 1168 2955 (ubi
1192 2891 1284 2941 emen
1308 2884 1439 2941 deficiunt
1457 2888 1486 2940 et
1502 2899 1552 2954 per

208 2985 316 3047 librum
336 2991 497 3048 uicesimum
516 3008 618 3048 nonum
637 2997 666 3048 et
684 2993 712 3047 in
729 2998 808 3063 parte
827 2997 950 3048 extrema
967 2992 1031 3048 inde
1050 3009 1068 3048 a
1085 2971 1129 3062 34,
1142 2993 1168 3062 5,
1181 2993 1209 3060 2)
1227 3007 1309 3062 quam
1328 2993 1357 3046 in
1370 2989 1471 3046 Tribus
1489 3007 1551 3060 par-

210 3096 301 3153 tibus.
328 3099 437 3154 Graeca
454 3099 557 3154 omissa
574 3105 640 3154 sunt
657 3115 708 3154 nee
726 3104 837 3169 recepta
855 3105 899 3155 est
916 3115 1010 3154 eorum
1029 3100 1120 3156 uersio
1132 3098 1239 3153 Latina.
1268 3098 1377 3168 glossae
1394 3097 1495 3152 adeunt
1506 3113 1551 3152 ns·

210 3215 273 3272 que
295 3205 331 3260 ad
349 3205 385 3259 D.
398 3207 443 3276 32,
454 3205 498 3276 41,
511 3207 537 3275 9,
556 3204 605 3260 sed
624 3219 728 3276 paucae
747 3220 851 3276 eaeque
870 3205 1046 3262 Accersianis
1064 3205 1245 3276 antiquiores:
1270 3203 1486 3273 subscriptiones
1503 3202 1552 3258 ob-

214 3317 346 3366 seruatac
369 3317 435 3366 snut
452 3311 561 3366 biartini
578 3311 692 3381 Belgari
710 3312 828 3382 Rogerii
861 3312 980 3382 scriptus
1004 3316 1048 3367 est
1065 3312 1167 3382 optime
1186 3310 1354 3380 mansitque,
1379 3309 1454 3379 quod
1471 3309 1551 3365 raris-

215 3417 287 3472 sins
305 3417 408 3473 accidit
425 3417 454 3472 in
470 3417 553 3473 buius
571 3418 680 3488 generis
698 3417 782 3487 llbris,
801 3435 818 3473 a
835 3418 923 3473 liturIs
941 3416 998 3474 lere
1017 3418 1154 3473 immunis.
1182 3417 1297 3473 contulit
1309 3422 1414 3486 partem
1428 3416 1551 3471 Blumins

217 3521 267 3587 (oi.
279 3522 404 3595 Savigny
425 3524 515 3580 Gesct.
529 3526 573 3578 des
591 3524 763 3580 5355155555
781 3526 807 3594 3,
819 3525 895 3594 432),
918 3525 1022 3594 reliqua
1046 3524 1110 3580 inde
1133 3540 1151 3579 a
1173 3525 1217 3593 27,
1232 3524 1250 3578 5
1271 3523 1389 3578 blaierus
1407 3521 1552 3578 Schraderi

220 3641 312 3700 causa,
331 3645 388 3700 qua
406 3630 550 3686 collatione
569 3635 632 3685 utor
650 3636 761 3686 seruata
778 3629 860 3686 hodie
878 3630 1024 3700 Tubingae
1042 3633 1103 3698 (ms.
1116 3630 1178 3685 303.
1191 3630 1253 3686 XV.
1267 3629 1367 3696 XVII).

121 3705 152 3762 K
164 3735 207 3771 ἓ
221 3735 306 3791 codex
325 3737 435 3806 collegii
449 3735 553 3806 cauni,
572 3735 647 3806 quod
665 3735 835 3807 Cantabrigii
852 3741 904 3806 est,
923 3751 1037 3792 numero
1055 3736 1180 3806 signatus
1200 3736 1234 3790 15
1253 3735 1326 3800 (olim
1339 3735 1403 3801 845)
1421 3735 1449 3788 in
1468 3749 1552 3790 mem·

222 3834 311 3898 branis
328 3841 433 3897 formae
451 3843 588 3898 maximae
606 3843 724 3913 scriptus
742 3847 787 3898 est
804 3857 876 3898 saec.
890 3843 965 3912 XIII,
983 3843 1104 3912 glossam
1123 3840 1187 3896 inde
1206 3839 1241 3896 eb
1260 3840 1364 3910 origine
1381 3839 1486 3896 habens
1497 3839 1552 3896 Ac·

224 3949 373 4004 maiacum
393 3954 422 4003 et
438 3949 557 4019 pessime
575 3948 839 4019 mendosissimeque
857 3951 995 4019 exaratus,
1017 3947 1158 4003 donicatus
1175 3952 1269 4002 tamen
1287 3961 1321 4001 ex
1339 3946 1488 4016 exemplari
1505 3962 1552 4002 ue-

226 4053 294 4110 iuaio
317 4061 346 4111 et
365 4053 490 4110 Uatimni
510 4055 577 4110 1407
599 4055 744 4111 simillium.
775 4057 803 4110 in
820 4055 908 4126 primo
926 4052 992 4110 folio
1008 4054 1122 4124 legitur:
1144 4055 1224 4108 Liber
1243 4061 1289 4109 isis
1308 4061 1489 4126 inpiprroraior
1504 4073 1552 4124 per

228 4155 256 4211 R.
270 4161 411 4232 Hatthreye
433 4169 557 4234 mopistro
583 4161 623 4215 W.
643 4163 673 4217 dc
696 4148 781 4217 Loaffc
795 4181 847 4234 pro
865 4161 919 4216 XL
930 4161 1054 4230 's(olidis)
1078 4169 1102 4217 et
1120 4168 1212 4233 postca
1236 4161 1301 4215 idem
1321 4160 1420 4232 Rapere
1438 4160 1553 4214 uendidit

227 4275 357 4332 5555554555
375 4267 467 4322 librom
485 4269 553 4322 dieto
571 4275 696 4340 erupistro
719 4267 761 4322 W.
778 4287 827 4340 pro
847 4267 903 4322 LX
918 4268 1044 4336 s(olids'e).
1068 4269 1097 4322 in
1110 4266 1164 4323 fine
1177 4268 1248 4322 iuter
1260 4267 1313 4321 alia
1324 4266 1353 4321 iu
1365 4263 1430 4322 lolio
1442 4264 1551 4320 ultimo:

231 4367 264 4424 VI
279 4375 335 4430 idae
356 4374 426 4428 Febr.
444 4393 511 4429 anno
530 4381 715 4429 incarnationis
733 4375 831 4428 domini
842 4373 1056 4429 Mooxbvm
1071 4380 1249 4446 inpiqnoraius
1258 4376 1318 4444 snit
1334 4373 1398 4427 liber
1416 4377 1463 4426 isle
1476 4409 1551 4424 .....

229 4495 270 4546 pro
287 4501 338 4536 ano
355 4500 446 4536 marco
463 4479 533 4536 ιιειῖν.
547 4480 596 4534 ΙΙΙ
610 4482 635 4535 d.
645 4501 695 4552 per
713 4501 745 4533 m.
759 4481 835 4536 Istlce
853 4487 877 4536 el
895 4480 984 4534 rhoffi.
998 4483 1036 4549 (l)
1056 4482 1087 4536 ds
1102 4481 1142 4535 Vc
1160 4486 1183 4535 sl
1202 4464 1260 4534 Io‘t’.
1271 4517 1344 4532 .....
1356 4461 1457 4534 Nioba-l
1455 4517 1553 4533 ......

232 4591 252 4636 id
270 4593 398 4658 pruentia
421 4587 479 4642 Re.
498 4587 529 4641 de
549 4587 665 4658 Aooqe.
693 4587 760 4641 lictu
783 4587 812 4641 iu
835 4586 1017 4656 paenultimo:
1040 4585 1237 4642 Memoroodum
1259 4586 1327 4657 qaod
1345 4623 1503 4638 ..........
1522 4585 1553 4638 ds

229 4689 393 4748 Dedecus-et
405 4693 444 4760 (l)
458 4700 670 4764 inpiqnorcrasrai
687 4693 757 4748 istud
768 4693 937 4764 Isssorcialum
956 4700 983 4746 in
1001 4700 1126 4749 commoni
1138 4698 1203 4748 cista
1213 4710 1262 4763 pro
1274 4710 1428 4792 5550555αέ55
1440 4691 1481 4743 die
1492 4689 1553 4790 egb·

230 4795 277 4852 lor
289 4807 410 4872 proxima
425 4805 483 4853 anie
491 4801 591 4871 sedum
609 4806 692 4854 sancti
706 4798 830 4870 Greqorii
848 4805 875 4852 in
893 4799 1091 4870 quodroyeeima
1110 4816 1177 4854 anno
1195 4798 1293 4850 domini
1304 4795 1341 4848 M
1348 4797 1397 4850 00
1404 4795 1521 4850 LXXX
1532 4795 1559 4848 V

228 4900 267 4974 [=
278 4905 312 4960 10
325 4905 403 4960 biart.
416 4905 493 4974 1285]
513 4913 536 4960 rt
554 4907 675 4960 tradatur
692 4908 766 4959 alteru·
785 4923 878 4959 eorum.
903 4903 1021 4974 denique
1040 4904 1068 4958 in
1087 4901 1151 4959 lolio
1170 4906 1267 4972 quarto
1286 4918 1304 4957 5
1322 4899 1375 4958 fine
1394 4915 1476 4958 casus
1495 4899 1553 4970 qui-

1286 5010 1306 5052 o
