3698 5364
167 203 198 252 er
211 203 345 252 munina
359 201 507 251 ussurus
522 201 657 250 souma
840 174 925 256 743
1309 184 1403 272 ΧΧῩ
1419 188 1440 254 5
1459 196 1476 249 2
1494 223 1528 234 -
1548 191 1568 254 6
1588 197 1604 250 1

166 342 369 412 possessionem
387 341 543 396 uenientem
567 356 622 394 non
644 339 784 410 prohibet,
807 338 857 394 sed
881 355 952 408 quae
975 341 1216 397 circumscribendi
1239 341 1353 397 alicuius
1376 359 1461 399 causa
1484 345 1554 400 clam
1576 350 1605 400 et

135 439 147 484 1
165 445 216 500 per
234 430 372 500 quandam
390 429 618 484 machinationem
637 430 664 484 in
683 429 886 499 possessionem
904 428 1069 484 introducat.
1106 429 1135 486 Si
1154 435 1182 486 et
1199 430 1285 500 patris
1304 436 1332 485 et
1349 429 1421 486 filiae
1439 430 1543 487 factum
1562 448 1603 488 ar·

167 523 281 588 guetur,
306 503 334 574 in
352 519 468 574 alterum
492 533 572 588 quem
592 522 669 572 actor
686 518 753 574 uelit
769 516 910 572 reddenda
928 523 972 572 est
989 519 1069 573 actio.
1097 519 1162 589 quia
1179 519 1207 574 in
1225 519 1253 574 id
1272 519 1346 589 quod
1365 521 1473 589 agentis
1489 521 1606 576 interest
1679 527 1682 538 '

167 606 262 676 datru,
284 606 361 676 ideo,
385 607 409 662 si
431 607 460 661 id
482 607 557 675 quod
581 606 606 661 ei
629 605 708 661 abest
731 605 766 660 ab
791 621 824 659 co
843 605 890 674 qui
908 606 936 659 in
954 611 1107 675 potcstate¹
1126 611 1170 662 est
1189 608 1294 663 seruari
1310 609 1406 679 possit,
1424 615 1534 678 praeter
1551 605 1602 694 [(ῑ)

167 702 294 766 sumptus
311 695 366 751 litis
385 710 470 751 causa
487 694 576 751 factos
594 695 697 750 inutilis
715 695 768 750 orit
785 694 811 749 ei
828 693 897 749 haec
915 695 996 750 actio.
1567 686 1635 748 't

856 891 920 977 vl.

165 1029 202 1106 it
230 1029 271 1106 SI
289 1027 467 1106 MULIER
490 1027 692 1104 UENTRIS
716 1026 897 1103 NOMINE
922 1027 970 1103 IN
994 1027 1307 1106 POSSESSIONE
1330 1027 1602 1107 CALUMNIAE

583 1152 738 1229 CAUSA
764 1151 879 1230 ESSE
906 1151 1116 1229 DICETUR
1154 1153 1192 1231 lt

129 1321 145 1376 1
218 1318 370 1374 Unrrarrus
392 1317 461 1372 libro
484 1317 625 1386 trigesimo
644 1322 740 1386 quarto
759 1316 795 1371 ad
813 1316 943 1372 edictum.
980 1316 1010 1372 Si
1028 1317 1063 1372 de
1081 1331 1143 1388 pos-
1162 1313 1644 1401 [tt'effffis‘aa‘d'a'ac'h‘es

165 1407 288 1462 sessione
306 1407 411 1462 uentris
429 1406 539 1461 nomine
557 1408 703 1474 quaeratur
721 1409 749 1459 et
766 1404 906 1460 deferente
924 1405 1024 1460 herede
1043 1407 1140 1462 mulier
1151 1407 1282 1461 iurauerit
1293 1414 1471 1475 praegnatem
1484 1423 1515 1462 se
1533 1422 1602 1478 esse,
1623 1423 1651 1462 ιο

165 1496 330 1552 seruandum
349 1501 393 1550 est
411 1495 598 1549 iusiurandum
622 1509 673 1548 nec
690 1493 828 1548 tenebitur
845 1493 955 1562 mulier,
979 1495 1058 1562 quasi
1076 1495 1228 1550 calumniae
1247 1509 1332 1549 causa
1349 1493 1476 1550 fueritin
1495 1509 1603 1564 posses·

165 1585 269 1640 sionem
288 1585 385 1652 missa,
410 1599 461 1637 nec
480 1583 522 1637 uis
540 1585 566 1637 ei
583 1581 710 1636 facienda
727 1587 771 1636 est
786 1587 851 1651 post
867 1581 1065 1636 iusiurandum.
1092 1583 1117 1637 si
1139 1587 1232 1638 umen
1250 1584 1368 1652 peperit,
1393 1588 1539 1651 quaeretur
1555 1599 1602 1638 ue·

165 1675 246 1742 ritas,
267 1673 276 1740 11
297 1689 333 1727 an
351 1687 386 1726 ex
404 1685 437 1726 co
455 1686 591 1740 praegnas
613 1669 708 1726 fuerit:
733 1671 810 1724 alteri
834 1671 906 1724 enim
930 1685 982 1724 nec
1004 1669 1119 1738 prodest
1140 1686 1192 1726 neo
1216 1675 1299 1726 nocet
1320 1670 1510 1726 iusiurandum
1532 1671 1604 1726 inter
1620 1679 1694 1728 retr

133 1773 145 1818 1
165 1763 233 1817 alios
250 1760 363 1829 factum,
381 1775 433 1814 nec
444 1763 537 1830 partus·
548 1759 632 1828 igitur
643 1757 778 1814 nocebitl.
815 1759 851 1813 Et
868 1758 921 1814 hcc
938 1759 1058 1813 edictum
1077 1774 1112 1814 eu
1130 1760 1227 1814 eadem
1245 1775 1330 1814 causa
1340 1758 1530 1830 proficiscitur,
1548 1775 1604 1828 qua

166 1850 306 1920 superius:
331 1847 414 1903 debet
432 1848 503 1902 enim
521 1853 639 1926 praetor,
658 1847 889 1917 quemadmodum
906 1845 994 1902 facilis
1013 1852 1056 1908 est
1073 1848 1146 1902 circa
1163 1847 1297 1904 honorum
1316 1849 1518 1919 possessionem
1537 1848 1602 1904 dan·
1622 1859 1651 1900 re
1727 1841 1730 1844 ’

132 1949 147 1994 t
166 1939 229 1994 dam
249 1938 354 1993 mulieri
373 1937 477 1991 uentris
495 1936 612 2006 nomine,
630 1936 670 1990 ita
687 1937 850 1990 calumniam
863 1936 923 1990 eius
935 1936 1096 2006 impunitam
1111 1951 1167 1992 non
1178 1938 1339 2008 relinquere.
1375 1938 1427 1993 Per
1439 1939 1602 1993 calumniam

165 2028 304 2094 autemid
322 2025 495 2095 possessione
513 2023 598 2079 fuisse
615 2025 733 2094 uidetur,
751 2039 822 2094 quae
840 2025 930 2080 sciens
948 2024 1122 2094 prudensque
1140 2039 1170 2080 se
1184 2031 1362 2096 praegnatem
1376 2041 1430 2082 nou
1443 2041 1505 2082 esse
1517 2027 1604 2081 uoluit

132 2127 146 2172 a
164 2117 193 2171 in
211 2107 412 2186 possbssionem
431 2114 533 2168 uenire.
569 2113 648 2167 Hanc
666 2119 758 2168 autem
777 2115 913 2168 actionem
931 2117 1042 2183 praetor
1058 2114 1130 2168 intra
1142 2127 1242 2170 annum
1255 2115 1349 2170 utilem
1363 2116 1514 2185 pollicetur,
1532 2115 1603 2171 ultra

132 2217 147 2262 4
164 2221 233 2274 non,
257 2204 385 2259 uidelicet
402 2203 481 2271 quusi
498 2203 651 2272 poenalem.
687 2201 774 2257 Simili
792 2207 884 2257 autem
903 2201 985 2258 modo
1003 2201 1093 2256 ethic
1113 2203 1209 2278 quanti
1227 2205 1335 2273 agentis
1353 2203 1476 2258 interfuit
1493 2209 1604 2274 praetor

133 2304 147 2350 5
166 2294 301 2348 actionem
325 2293 476 2362 pollicetur.
513 2292 546 2346 ln
568 2296 710 2361 parentem
735 2291 818 2345 etiam
841 2293 952 2361 praetor
975 2291 1111 2346 actionem
1135 2292 1291 2362 pollicetur,
1315 2294 1338 2348 si
1362 2292 1443 2348 modo
1466 2307 1516 2362 per
1534 2280 1602 2366 [(1ξῇ
1622 2303 1651 2344 ro

132 2394 228 2439 ceum
252 2379 355 2436 factum
380 2381 428 2450 sit,
452 2385 484 2434 ut
505 2381 534 2435 in
552 2381 755 2449 possessionem
778 2393 828 2449 per
850 2379 1013 2434 calumniam
1037 2379 1152 2434 ueniret.
1189 2380 1328 2450 Competit
1350 2387 1443 2436 sutem
1464 2381 1532 2436 haec
1551 2378 1602 2464 [aa]

165 2470 237 2524 aetio
256 2470 294 2538 ei,
320 2470 399 2524 cuius
417 2467 540 2523 interfuit
556 2468 585 2522 in
602 2469 805 2538 possessionem
823 2468 935 2522 missam
957 2483 1013 2522 non
1035 2483 1110 2523 esse:
1134 2473 1167 2523 ut
1188 2473 1256 2538 puta
1273 2471 1318 2524 uel
1336 2469 1462 2524 coheredi
1480 2455 1604 2539 speranti

165 2563 283 2628 partum,
301 2559 346 2612 uel
364 2566 388 2612 ιι·
405 2558 452 2626 qui
471 2557 637 2612 substitutus
654 2555 720 2626 fuit,
745 2557 790 2611 uel
808 2557 855 2626 qui
873 2555 908 2610 ab
926 2557 1067 2625 intestato,
1091 2557 1115 2611 si
1132 2561 1228 2626 partus
1246 2573 1302 2612 non
1319 2557 1429 2627 fuisset,
1455 2558 1603 2614 succedere

133 2647 262 2717 tpotuit.
299 2647 436 2700 Interesse
455 2651 546 2700 autem
565 2646 676 2700 uidetur
694 2647 811 2716 primum
830 2645 865 2698 de
883 2645 1028 2714 alimentis,
1046 2659 1117 2714 quae
1135 2645 1164 2699 in
1182 2651 1305 2700 uentrem
1324 2651 1389 2701 sunt
1406 2651 1533 2716 erogatu:
1551 2663 1603 2703 nec

165 2735 238 2790 enim
257 2735 324 2790 alias
342 2735 410 2790 haec
428 2739 602 2806 repetuntur,
620 2735 673 2790 nisi
691 2750 740 2804 per
758 2733 921 2788 calumniam
938 2733 967 2787 in
984 2733 1187 2802 possessionem
1204 2735 1295 2789 uenit:
1314 2741 1435 2790 cetemm
1454 2736 1478 2790 si
1495 2751 1539 2791 res
1558 2751 1602 2792 ca·
1621 2744 1650 2786 ¹⁸

133 2837 147 2883 8
164 2824 268 2879 lumnia
285 2831 368 2892 caret,
387 2823 453 2879 nihil
470 2823 623 2894 praestabit
640 2824 744 2893 muller,
763 2839 832 2892 quae
850 2823 909 2876 eine
927 2837 1012 2876 causa
1030 2822 1086 2876 alta
1103 2827 1146 2876 est
1158 2821 1210 2876 sub
1223 2827 1368 2892 praetextu
1381 2823 1492 2878 uentris.
1529 2825 1602 2881 Non·

165 2929 313 2982 numquam
333 2911 479 2982 augebitur
496 2911 570 2981 quod
587 2912 716 2981 interest,
740 2913 764 2966 si
782 2911 844 2981 quis
861 2909 932 2964 forte
957 2909 1099 2979 dubitans,
1123 2925 1158 2964 an
1180 2925 1317 2980 praegnas
1341 2912 1390 2980 sit,
1415 2914 1543 2968 exclusus
1566 2913 1603 2968 sit

164 3001 346 3056 hereditate¹:
365 3017 428 3056 nam
447 3000 541 3055 heredi
559 3001 618 3055 eius
637 3002 684 3070 qui
701 3001 829 3055 exclusus
848 3005 891 3054 est
904 2999 1023 3054 dandam
1035 2999 1106 3054 hano
1118 2999 1254 3055 actionem
1268 3000 1388 3054 lulianus
1401 3001 1447 3070 ait,
1466 3001 1601 3070 siquidem

165 3091 225 3146 eius
243 3105 352 3160 quoque
370 3088 493 3144 interfuit
510 3105 566 3144 non
583 3087 669 3144 fuisse
688 3089 840 3144 calumniae
857 3087 942 3143 caiisa
959 3088 987 3142 in
1003 3089 1182 3158 possessione
1199 3088 1345 3158 mulierem,
1365 3089 1429 3158 quia
1441 3089 1493 3146 hoc
1505 3091 1529 3146 si
1546 3105 1602 3146 non

163 3177 275 3248 risisset,
300 3179 427 3234 adeumc
446 3178 626 3234 hereditatem
644 3178 786 3232 institutus
810 3177 903 3232 heredi
926 3192 976 3231 suo
998 3177 1203 3246 locupletiorem
1226 3175 1406 3234 hereditatem
1424 3194 1504 3234 suam
1522 3179 1601 3234 relin-
1620 3188 1649 3229 sc

164 3273 268 3336 queret.
298 3269 347 3323 sed
366 3269 395 3322 et
412 3267 465 3322 hoo
481 3268 632 3336 imputatur
650 3266 768 3334 mulieri,
793 3265 868 3334 quod
892 3265 1033 3320 deminuta
1053 3270 1118 3320 sunt
1135 3265 1222 3319 multa
1238 3265 1267 3320 iu
1285 3265 1448 3336 hereditate,
1473 3265 1538 3322 dum
1557 3266 1601 3322 bic

131 3370 146 3415 s
164 3357 394 3426 contemplatione
413 3356 516 3410 neumis
535 3371 590 3410 non
608 3355 701 3423 attigit
719 3353 907 3409 hereditatem.
943 3353 1020 3409 Idem
1033 3353 1154 3407 lulianus
1166 3351 1235 3408 libro
1247 3353 1354 3408 decimo
1373 3369 1445 3410 norro
1464 3343 1601 3430 'Q

164 3445 333 3514 digestorum
358 3445 398 3499 sic
420 3445 471 3498 ait:
496 3445 520 3498 si
542 3443 708 3498 substitutus
732 3447 858 3498 manente
882 3443 994 3498 muliere
1017 3442 1046 3497 in
1069 3442 1243 3512 possessione
1267 3443 1428 3512 decesserit,
1451 3443 1530 3498 heres
1549 3441 1600 3526 [ζῶ

118 3549 147 3594 10
164 3534 224 3588 eius
242 3533 338 3587 eadem
357 3533 465 3590 actione
483 3533 601 3601 pretinm
620 3531 780 3586 hereditatis
794 3548 811 3586 a
825 3533 938 3587 muliere
950 3532 1050 3600 exiget
1087 3529 1143 3586 Sed
1155 3547 1191 3584 an
1204 3531 1339 3586 decedant
1350 3532 1443 3600 legata
1454 3519 1600 3603 ceteraque

164 3637 249 3678 onera
271 3621 443 3690 hereditatis,
470 3620 628 3675 uidendum.
658 3620 776 3675 etmihi
800 3620 910 3675 uidetur
929 3635 1014 3689 posse
1038 3619 1093 3674 dici
1114 3620 1261 3688 legatarios
1283 3621 1375 3689 potius
1399 3637 1461 3676 cum
1486 3622 1600 3677 muliere
1619 3632 1648 3674 aa

117 3727 144 3770 ιι
164 3726 262 3766 usuros
279 3709 332 3764 hac
349 3709 466 3777 actione,
484 3709 550 3778 quia
567 3715 596 3763 et
612 3709 734 3778 ipsorum
752 3707 875 3764 interfuit
893 3707 961 3762 adiri
978 3706 1167 3762 hereditatem.
1197 3707 1332 3784 Libertata¹
1344 3711 1424 3779 plane
1437 3709 1600 3766 subuenien-

164 3799 230 3854 dum
248 3800 300 3853 erit
318 3797 451 3852 aduersm
469 3812 540 3866 eum,
559 3798 606 3866 qui
623 3803 736 3867 propter
753 3796 933 3852 hereditatem
951 3795 1004 3850 hac
1021 3797 1130 3852 actione
1147 3798 1219 3868 egit,
1238 3798 1343 3852 scilicet
1359 3803 1391 3852 ut
1408 3797 1599 3854 fideicommis-

163 3889 250 3944 sarias
269 3892 384 3956 cogatur
401 3886 425 3940 is
442 3890 596 3954 praestare,
619 3886 666 3954 qui
684 3885 801 3955 pretium
819 3885 914 3954 utique
936 3885 1019 3939 etiam
1038 3900 1132 3940 eorum
1150 3887 1339 3956 consequitur:
1364 3886 1414 3941 sed
1436 3891 1465 3942 et
1489 3886 1600 3942 directis

115 3993 145 4038 12
163 3977 245 4032 credo
258 3982 412 4046 praetorem
426 3989 584 4030 succurrere
596 3978 731 4044 oportere,
743 3979 775 4029 ut
786 3975 942 4028 interuentu
951 3989 1001 4028 suo
1013 3978 1124 4030 tueatur
1133 3989 1226 4030 eorum
1238 3974 1400 4030 libertatem.
1419 3973 1449 4030 Si
1462 3969 1599 4060 [Q

162 4065 242 4121 dolus
259 4064 331 4119 filiae
350 4062 467 4119 familias
484 4063 661 4118 interuenerit
678 4069 707 4118 et
724 4063 862 4133 particeps
880 4061 936 4117 doli
952 4060 1035 4118 fuerit
1051 4067 1138 4134 pater,
1157 4078 1207 4120 suc
1225 4064 1335 4119 nomine
1352 4063 1498 4120 tenebitur.
1618 4074 1647 4115 so

162 4171 312 4242 raim)

164 4318 173 4350 ¹
191 4313 366 4383 posessione
385 4310 497 4378 (Dltli
567 4311 579 4346 ²
596 4310 707 4366 nocebit
727 4311 774 4365 det
846 4311 857 4346 ⁸
875 4315 962 4366 morte
981 4319 1028 4365 tas.

162 4455 263 4508 itast*
277 4453 349 4508 actio
364 4450 445 4507 'nihil'
459 4451 524 4522 quia
546 4450 583 4504 Ρ
636 4449 793 4506 dabbest
815 4451 853 4505 Ρ
907 4451 941 4506 18
959 4449 1049 4506 *hanc
1067 4452 1104 4505 Ρ
1158 4449 1377 4520 tarditatis
1400 4452 1432 4515 F,
1456 4453 1482 4506 ei
1503 4451 1603 4507 Duru

163 4523 278 4580 dfsctls
297 4526 332 4578 F¹
379 4522 616 4593 ipossessicnem
630 4525 681 4582 tad,
694 4525 721 4576 F
761 4524 853 4577 flesse
906 4522 1044 4592 idquae]
1069 4523 1133 4588 1³0,
1161 4523 1272 4590 quaF,
1298 4522 1599 4590 quaesiverimus

162 4595 277 4662 dicetur]
290 4596 343 4660 FO,
361 4593 446 4650 fuisse
465 4594 572 4648 dicatur
584 4595 635 4647 tad.
649 4593 674 4646 F
681 4595 719 4658 D,
737 4609 798 4648 esse
814 4593 853 4648 di·
905 4599 1050 4664 praetextu
1063 4595 1101 4647 Ρ
1154 4595 1188 4648 ut
1207 4593 1420 4649 sit'hereditatis
1438 4591 1599 4648 aam'here·

162 4671 241 4720 catur
259 4667 303 4720 ΕΙ
354 4668 386 4721 11
400 4665 605 4720 iusiurandum
618 4666 656 4718 Ρ
710 4667 743 4719 12
762 4665 855 4720 missu
906 4665 994 4719 ditate
1016 4682 1080 4720 nam
1102 4666 1141 4718 Ρ
1199 4665 1234 4718 29
1258 4665 1421 4719 muliereF
1469 4666 1504 4720 32
1526 4681 1599 4721 nono

163 4745 223 4792 n⁴ec
241 4738 278 4790 Ρ
339 4739 373 4793 14
395 4737 560 4806 partuigltur
583 4736 627 4802 ΓΙ
648 4735 766 4804 nocebit]
792 4735 854 4798 cire
906 4735 1060 4790 decimoF²
1095 4736 1341 4805 33possessionem
1352 4735 1442 4791 ΡΕΟ
1475 4737 1510 4790 34
1523 4741 1599 4792 ante·

162 4807 234 4874 illio
253 4808 314 4869 ιιῩτε
326 4809 366 4876 τῷ
382 4809 484 4875 τοκετῷ
497 4807 665 4872 crussilherar
680 4808 694 4859 ir
707 4807 853 4871 λγιιιίιιετιι
907 4807 1008 4862 cedant
1026 4808 1063 4860 Ρ
1110 4809 1145 4862 36
1163 4806 1225 4876 hac]
1243 4807 1295 4862 hoc
1306 4808 1342 4860 Ρ
1360 4808 1364 4874 Ι
1379 4806 1497 4862 libertati
1521 4808 1599 4868 Dio,

164 4879 295 4950 'otrtpoa
318 4880 397 4950 ὅρκοι
426 4879 585 4950 Β(Τι“ριιο.)
650 4880 682 4933 ll
705 4883 794 4948 qu*u⁴e
816 4879 855 4931 Ρ
908 4877 1067 4934 hereditatis
1076 4878 1122 4944 Ρ,
1131 4879 1264 4934 libertatis
1273 4879 1318 4944 Ρ,
1337 4877 1425 4933 had
1444 4879 1486 4934 40
1523 4873 1616 4922 &W
