3584 5356
83 217 223 266 renero
755 197 838 276 221
1279 203 1338 270 VII
1362 206 1379 270 1
1403 211 1517 266 13-17

83 353 174 423 magis
191 354 315 424 quamsi
331 353 442 410 domum
460 353 497 409 ed
514 355 659 412 stationem
677 356 859 412 iumentorum
877 355 1016 426 iooauerit,
1034 357 1124 413 antei
1142 356 1280 414 itabulnm
1303 357 1378 428 qnod
1394 362 1454 414 erat
1470 357 1518 438 do·

82 457 146 497 mus
163 442 292 498 iummtis
309 446 339 498 et
356 441 493 498 carruchis
511 454 622 514 meane,
640 444 756 512 pistrino
773 443 913 514 loeauerit,

28 529 65 587 14
136 530 257 632 {sunus
277 529 348 587 hbro
368 531 450 586 tertio
472 531 509 586 ad
531 530 672 588 Sabinum.
708 532 773 587 lieet
795 533 881 588 multo
900 531 911 604 1
929 531 1020 587 minus
1043 547 1078 587 ex
1100 547 1135 588 ea
1156 548 1186 588 re
1207 531 1341 589 irnetum¹
1362 526 1558 616 [ΜΒ
1586 543 1667 591 trev

81 618 226 688 wouh&
295 645 299 648 ·
1537 634 1552 674 ⁴

26 705 64 764 15
136 705 287 762 umeros
297 706 367 764 libro
379 712 478 764 oetauo
490 707 597 762 deeimo
609 707 645 762 ud
657 706 797 764 Sabinum.
825 707 881 764 Sed
893 709 916 763 ai
928 708 994 778 quid
1006 705 1228 778 inaedifieauerit,
1244 713 1342 778 postea
1360 703 1519 791 [iij—effi
1535 715 1558 769 S

50 805 62 849 1
82 807 147 848 eum
169 809 259 864 neque
281 795 376 850 toliere
398 795 451 851 hoo
474 809 563 865 neque
585 793 701 866 refigere
717 811 814 866 poaae:
836 793 922 851 refixa
938 796 1019 864 piane
1036 811 1118 866 posse
1137 795 1284 852 uindicare.
1321 797 1516 866 hianoipiornm

81 897 192 952 qnoque
209 897 277 938 usus
293 881 419 939 irnetw
435 885 526 954 iegato
543 898 599 938 uon
617 882 700 938 debet
716 883 806 953 abuti,
825 883 875 938 aed
893 883 1042 939 seeundum
1062 883 1248 939 uenditionem
1266 899 1361 940 eorum
1379 885 1433 940 uti:
1451 901 1515 939 nam

81 971 106 1025 si
128 969 268 1026 hbrarium
290 987 338 1027 rus
356 973 448 1028 mittut
464 977 494 1027 et
510 972 620 1041 qualum
639 976 668 1026 et
685 973 787 1027 oaleem
806 976 915 1042 porture
932 976 1028 1042 eogat,
1052 972 1210 1028 histrionem
1228 972 1406 1036 baipiatorem
1424 970 1516 1040 faeiat,

81 1059 127 1114 uei
145 1057 180 1113 de
199 1059 362 1130 symphonia
379 1061 540 1128 atriensem,
557 1060 603 1114 uei
620 1059 655 1114 de
673 1060 811 1129 palaestra
828 1060 1027 1116 stereorendis⁸
1046 1061 1151 1115 latinia
1168 1065 1327 1130 praeponat,
1346 1059 1424 1116 abuti
1440 1059 1515 1115 uide

49 1152 64 1198 1
80 1145 156 1201 bitur
171 1147 348 1218 proprietate.
375 1145 548 1202 Suffieienter
564 1151 657 1203 autem
675 1148 748 1204 aiere
766 1153 796 1203 et
807 1149 909 1203 ueafire
921 1147 1005 1203 debet
1016 1147 1167 1204 seeundum
1179 1147 1301 1203 ordinem
1313 1153 1342 1202 et
1353 1147 1515 1218 dignitatem
1536 1159 1565 1200 ro

49 1234 287 1303 enmeipiornm.
324 1235 362 1289 nt
382 1235 546 1304 generaliter
562 1234 656 1292 Labeo
679 1236 719 1291 ait
741 1237 770 1290 in
792 1234 918 1291 omnibus
940 1235 1022 1291 rebue
1046 1234 1191 1291 mobilibus
1211 1231 1324 1292 mbdum
1341 1250 1405 1292 eum
1422 1239 1533 1310 tenerer

80 1321 196 1392 debere,
219 1337 256 1377 ne
277 1337 330 1378 sua
350 1321 460 1378 ferinta
482 1325 527 1378 uel
545 1325 662 1380 saeuitia
678 1339 713 1379 oa
730 1328 899 1398 eorrumpat:
923 1323 1043 1392 alioquin
1061 1323 1144 1378 etiam
1162 1324 1224 1392 iege
1241 1323 1353 1392 Aquilia
1370 1338 1432 1378 eum
1451 1338 1515 1380 oen-

49 1417 65 1462 1
80 1410 178 1465 ueniri
214 1409 251 1464 111
268 1410 293 1464 si
314 1411 539 1467 uestimentornm
559 1427 628 1468 usus
644 1411 749 1468 iruottu
766 1412 874 1482 legatus
892 1412 929 1466 ait
946 1425 1002 1466 nou
1019 1411 1073 1482 sio,
1096 1415 1128 1466 ut
1146 1411 1307 1480 quantitatis
1324 1425 1391 1466 usus
1409 1409 1515 1466 fruetus

79 1497 202 1568 tegetur,
225 1497 372 1554 dioendum
395 1504 439 1554 eet
460 1500 500 1554 ita
522 1500 563 1555 uti
586 1515 648 1555 eum
667 1498 780 1569 debere,
804 1515 839 1554 ne
857 1499 999 1555 abutatur:
1023 1513 1074 1554 nee
1091 1502 1184 1554 tamm
1201 1500 1365 1569 locaturum,
1389 1499 1454 1569 quia
1471 1499 1515 1554 uir

49 1583 170 1642 tbonus
191 1586 231 1640 ita
252 1600 308 1641 non
331 1590 461 1642 uteretur.
496 1587 613 1643 Proinde
638 1587 691 1642 etsi
709 1587 850 1642 soaenieae
868 1588 953 1643 uestis
971 1603 1038 1642 uaus
1055 1585 1160 1642 fruetur
1178 1588 1285 1656 legetur
1301 1588 1346 1643 nol
1364 1587 1453 1642 aulaei
1470 1586 1515 1642 uei
1535 1599 1565 1641 tr

80 1673 192 1728 siteriua
210 1677 366 1743 apparatus,
385 1673 450 1731 abbi
467 1689 549 1744 quam
566 1675 595 1730 in
613 1689 713 1730 soaena
729 1689 785 1731 non
802 1679 902 1730 utetur.
929 1675 980 1730 aed
994 1691 1030 1729 an
1041 1679 1070 1729 et
1080 1675 1171 1730 ioeare
1181 1675 1277 1744 possit,
1296 1674 1445 1730 uidendum
1458 1679 1514 1729 est:

79 1765 109 1816 et
131 1765 200 1831 puto
223 1761 390 1832 loenturum,
413 1767 443 1817 et
465 1763 530 1819 lieet
551 1768 668 1820 teatetm
690 1763 876 1832 commodare,
899 1777 955 1818 non
977 1763 1067 1817 loeare
1084 1760 1166 1817 inerit
1183 1762 1291 1832 solitus,
1313 1767 1407 1818 umen
1424 1763 1515 1833 ipsum

49 1846 259 1904 thuetuarium
281 1849 434 1904 iooaturum
456 1854 514 1905 tam
538 1851 691 1906 senonicam
709 1867 792 1921 quam
809 1849 951 1906 funebrem
969 1855 1086 1905 uestem.
1120 1850 1298 1920 Proprietntis
1315 1849 1442 1906 dominns
1460 1865 1515 1906 nou

80 1935 193 1992 debebit
210 1936 342 2007 impedire
359 1935 538 1994 fruetuarium
555 1939 595 1993 ita
612 1942 743 2008 utentem,
761 1953 796 1993 ne
815 1937 976 1994 deteriorem
995 1938 1055 1993 eiua
1072 1937 1259 1994 eondioiouom
1278 1935 1369 1994 faeiat
1404 1938 1439 1993 de
1458 1938 1516 2006 qui·

80 2022 198 2080 busdem
214 2025 297 2094 plane
315 2023 468 2095 dubitatur,
491 2026 515 2080 ai
532 2041 595 2082 eum
613 2026 654 2081 uti
670 2025 827 2096 prohibeat,
852 2042 889 2082 an
906 2027 965 2082 iure
981 2027 1011 2081 id
1029 2025 1125 2080 faeiat:
1148 2029 1180 2080 ut
1196 2031 1266 2095 puta
1282 2026 1383 2095 doleia,
1405 2025 1429 2080 ai
1446 2023 1517 2082 forto
1536 2037 1565 2080 ro

79 2110 158 2168 trudi
174 2127 243 2168 urus
260 2111 366 2170 metus
384 2114 421 2169 sit
436 2115 558 2186 legatus,
584 2117 613 2169 et
629 2119 729 2184 putant
746 2115 865 2184 quidam,
884 2115 936 2170 etai
953 2113 1065 2170 defossa
1081 2113 1145 2183 aiut,
1162 2114 1203 2168 uti
1214 2112 1425 2184 prohibendum:
1444 2111 1516 2168 idem

81 2205 109 2256 et
125 2201 157 2256 in
173 2201 252 2257 seriis
269 2207 298 2257 et
315 2202 344 2257 in
361 2203 458 2272 eupp'u
476 2208 505 2258 et
521 2203 550 2258 in
568 2203 645 2258 eadie
662 2207 692 2258 et
709 2202 846 2272 amphoris
863 2207 976 2272 putant:
995 2201 1068 2257 idem
1086 2206 1115 2258 et
1126 2201 1155 2256 in
1167 2201 1363 2272 apeeuiaribus,
1382 2201 1406 2254 ai
1418 2199 1516 2258 domue

80 2303 148 2344 usus
164 2287 271 2345 fruetus
289 2290 404 2360 legetur.
433 2290 483 2346 sed
500 2305 553 2360 ego
571 2295 652 2360 puto,
670 2291 723 2345 niei
740 2291 777 2346 sit
795 2291 930 2346 eontraria
947 2290 1089 2359 uoluntas,
1108 2290 1192 2345 etiam
1210 2290 1420 2346 instrumentum
1439 2287 1516 2344 tundi

50 2381 64 2427 1
80 2377 125 2432 uei
143 2377 242 2433 demus
259 2379 400 2434 eontineri.
431 2377 488 2434 Sed
504 2394 557 2434 nee
574 2379 734 2435 seruitutem
752 2379 891 2448 imponere
908 2375 994 2434 tundo
1012 2383 1104 2449 potent
1121 2378 1270 2448 proprieta·
1290 2373 1517 2461 [Q

80 2465 137 2521 riua
154 2479 207 2521 neo
224 2467 349 2522 mittere
367 2466 541 2522 seruitutem:
560 2467 703 2538 adquirere
720 2465 802 2536 piane
820 2465 980 2522 seruitutem
999 2481 1062 2521 eum
1079 2481 1167 2536 posse
1173 2467 1256 2521 etiam
1268 2466 1355 2521 inuito
1367 2464 1515 2522 fruetuario
1535 2476 1565 2519 au

79 2553 202 2610 lulianus
224 2553 342 2624 serpet
371 2553 471 2623 ombus
488 2561 688 2625 eonaequenter
704 2553 869 2610 innotuerint
888 2553 999 2623 quidem
1017 2553 1160 2623 adquirere
1178 2552 1264 2609 drudo
1282 2554 1442 2610 seruitutem
1460 2569 1516 2610 non

79 2645 181 2712 potest,
198 2643 316 2697 retinere
334 2647 426 2698 autem
443 2646 549 2714 potest:
567 2648 597 2698 et
608 2643 632 2698 si
643 2641 714 2698 torte
725 2641 826 2698 drerint
843 2657 899 2698 nou
916 2646 1011 2698 utente
1029 2640 1178 2698 iruetuario
1196 2643 1322 2712 umbrae,
1341 2641 1393 2698 hoe
1407 2657 1516 2713 quoque

80 2730 191 2786 nomine
213 2729 360 2786 tenebitur.
390 2732 566 2801 proprietatio
588 2731 714 2788 dominus
732 2745 767 2787 ne
785 2730 895 2801 quidem
914 2731 1102 2786 eonsentiente
1119 2729 1269 2786 fi'uetuario
1287 2731 1449 2788 seruitutem
1467 2731 1516 2786 im·

79 2831 182 2887 ponere
198 2821 301 2889 potest,
1536 2828 1566 2870 aa

22 2899 64 2958 16
133 2905 254 2963 Pronus
277 2905 347 2963 hbro
364 2907 445 2963 tertio
463 2907 499 2963 ad
517 2906 657 2964 Sabinum.
690 2908 743 2995 nisi
759 2927 807 2980 per
824 2921 907 2977 quam
925 2905 1043 2962 deterior
1060 2905 1200 2962 iruetumi
1218 2906 1342 2964 eondioio
1361 2903 1558 2990 Qui
1620 2971 1623 2976 ,

80 3008 136 3050 non
152 2991 211 3064 dat,
228 2994 315 3050 ueluti
333 2995 358 3050 si
373 2996 457 3051 talem
475 2995 636 3052 seruitutem
654 2995 745 3050 uieiuo
763 2995 931 3050 eoneeasorit
947 2995 990 3050 ius
1008 2994 1134 3051 sibinen
1151 3010 1213 3050 ease
1231 2996 1313 3050 altius
1330 2996 1433 3051 tollere.

24 3077 65 3134 11
132 3081 286 3138 umnam
303 3083 372 3139 libro
390 3089 490 3139 ootauo
507 3084 615 3140 deeimo
633 3083 668 3139 ad
687 3083 826 3139 Sabinum.
853 3067 958 3138 Loeum
976 3088 1067 3138 autem
1081 3083 1239 3153 religiosum
1251 3081 1342 3139 faeere
1359 3078 1517 3168 Q
1536 3087 1558 3142 S

80 3173 173 3240 potest
190 3171 378 3226 eonsentiente
395 3170 610 3228 usufructuario:
628 3176 658 3227 et
674 3171 727 3228 hoo
744 3185 840 3226 nerum
855 3176 899 3226 eat
909 3168 1005 3230 iauore
1017 3171 1164 3242 religionis.
1192 3171 1242 3226 aed
1253 3171 1390 3228 interdum
1402 3177 1431 3227 ot
1441 3173 1516 3228 solua

80 3257 257 3328 proprietatis
279 3257 406 3313 dominus
427 3258 518 3314 loeum
540 3255 698 3330 religiosum
721 3257 813 3314 faeere
835 3262 941 3328 potest:
964 3257 1039 3328 finge
1060 3259 1132 3314 enim
1150 3274 1213 3316 euru
1231 3263 1391 3315 testatorem
1408 3259 1515 3329 inferre,

52 3353 64 3397 1
81 3359 143 3400 eum
161 3359 217 3401 non
234 3350 310 3400 esset
326 3350 384 3400 tam
401 3352 542 3417 oportune,
559 3347 608 3403 ubi
625 3347 794 3419 sepeliretur.
821 3347 865 3402 iix
883 3362 925 3416 eo,
943 3362 978 3402 ne
996 3347 1159 3404 deteriorem
1177 3347 1364 3404 eondieionem
1376 3345 1516 3402 iruotuarii
1535 3355 1564 3398 eo

81 3429 165 3488 faeiat
181 3433 386 3503 proprietmino,
404 3435 475 3490 solet
491 3436 595 3506 quaeri,
613 3451 648 3491 an
667 3451 776 3491 seruum
795 3433 920 3491 dominus
940 3449 1065 3491 eoeroere
1083 3436 1179 3506 poaeit.
1206 3441 1235 3490 et
1252 3434 1346 3491 Aristo
1364 3435 1439 3504 apud
1450 3434 1515 3490 Gas-

81 3521 151 3577 aium
169 3525 249 3578 notat
265 3521 450 3592 plenissimam
469 3539 533 3579 eum
551 3523 743 3580 eoereitionem
761 3523 870 3593 habere,
889 3523 913 3578 si
931 3523 1012 3578 modo
1030 3524 1089 3579 aine
1107 3523 1170 3580 dolo
1188 3524 1260 3578 maio
1275 3521 1371 3580 faeiat:
1390 3523 1516 3592 quamuis

80 3608 299 3668 mduetuariua
321 3626 374 3668 noe
396 3612 538 3668 eontrariis
561 3612 672 3682 quidem
696 3611 852 3668 ministeriis
876 3615 925 3666 aut
948 3611 1086 3668 inusitatis
1104 3609 1248 3668 artificium
1266 3611 1326 3666 eius
1344 3625 1516 3682 eorrumpere

83 3723 267 3796 efflatu]

82 3902 90 3935 ¹
108 3898 247 3956 ductuum
266 3901 369 3968 (Hirtii
438 3903 520 3959 'usu
538 3901 648 3958 innotui
666 3905 701 3968 (u.
715 3905 743 3970 ι’.)
814 3903 825 3938 ⁸
843 3901 1061 3958 deotereorendie
1079 3903 1240 3971 (Emeruit

81 4047 310 4104 labstationem
323 4049 360 4102 F¹
396 4051 612 4120 ipristinoPU
643 4051 771 4120 dminus]
826 4052 897 4107 sieut
915 4071 963 4106 em.
981 4053 1009 4106 V
1041 4051 1184 4122 liaulnei]
1200 4051 1369 4107 uniusaurei
1381 4053 1424 4118 u,
1443 4051 1516 4107 anuli

79 4119 177 4184 PFU,
193 4119 260 4204 lieet
269 4119 316 4208 ξ’,
334 4121 425 4176 minue
439 4121 561 4208 dieetL:
580 4121 771 4183 εἰκΑὶέκτοῨ·
825 4123 902 4178 aurei
919 4123 1015 4188 PVI),
1040 4123 1113 4178 anuli
1136 4124 1196 4178 auri
1218 4123 1253 4177 U:
1277 4124 1333 4176 τῶκ
1358 4121 1386 4208 'eu
1412 4123 1515 4193 deirpqr

79 4191 771 4342 1111111111111
824 4193 1547 4335 111111111111·

80 4349 167 4395 mora.
180 4332 602 4403 nesrapbamurecteemero:
620 4333 770 4398 oireieau·
824 4335 1042 4406 proprietatisi'
1091 4335 1125 4390 19
1147 4335 1192 4403 ne]
1217 4349 1252 4389 ue
1270 4335 1306 4388 F¹
1361 4335 1396 4388 10
1419 4333 1515 4402 doleis]

80 4403 176 4472 poiche·
189 4401 252 4462 οῨτε
269 4400 415 4527 &reoffendat
433 4405 589 4460 reaeindere
610 4405 655 4470 U‘,
674 4414 722 4461 ine.
739 4406 773 4460 U'
824 4406 909 4471 FPL,
931 4405 1073 4490 doliiesU
1122 4407 1157 4460 11
1180 4410 1209 4459 et
1226 4405 1250 4459 si
1267 4405 1296 4460 in
1313 4404 1401 4459 seruis
1418 4404 1516 4472 P⁰V?,

79 4473 182 4528 iusua
199 4471 291 4528 huetu
332 4490 412 4538 ,usu
429 4473 519 4530 iruetn
530 4475 585 4529 PU
624 4475 772 4531 8lib‘e'ra·
825 4480 855 4532 et
872 4477 895 4531 si
913 4477 941 4530 in
959 4476 1037 4531 serius
1059 4476 1085 4530 U
1130 4475 1165 4530 15
1183 4475 1343 4530 seruitutem
1359 4481 1419 4546 post
1435 4475 1516 4544 plane

78 4545 149 4598 rium
162 4544 200 4597 [θ’
215 4546 220 4610 Ι
235 4542 374 4600 mittat'nr’
386 4549 415 4600 et
429 4547 476 4611 F’,
493 4545 585 4601 mittat
601 4548 660 4612 (om.
672 4549 711 4614 ot)
730 4547 770 4610 ΡΙ
826 4566 874 4601 one
885 4546 941 4600 PU
989 4548 1024 4601 17
1048 4547 1165 4601 retinere
1187 4551 1279 4601 autem
1297 4549 1389 4616 poteat
1405 4545 1520 4669 smel]

78 4612 228 4669 tortareffl
244 4615 250 4682 Ι
265 4615 341 4686 cogit
351 4615 413 4670 m
429 4617 433 4684 Ι
448 4615 616 4686 histrionem]
628 4617 673 4672 uel
685 4617 773 4672 istrio-
825 4633 880 4672 non
894 4621 1014 4672 tenente
1038 4617 1066 4671 P
1115 4618 1150 4671 18
1172 4632 1263 4686 propr.
1282 4622 1374 4672 autem
1393 4614 1419 4669 d.
1438 4615 1465 4670 P

78 4699 140 4740 sem
162 4685 196 4749 V,
213 4686 259 4740 uel
275 4687 435 4743 inatrionem
456 4688 491 4752 U,
509 4688 554 4743 uei
570 4688 704 4743 istitorem
721 4688 771 4753 P0,
824 4689 860 4742 30
877 4703 926 4757 per
943 4687 1036 4756 quam]
1054 4687 1141 4752 Piso,
1159 4703 1241 4757 quam
1259 4687 1324 4752 ΙΨ,
1342 4684 1375 4740 Δι’
1393 4685 1474 4747 attic
1489 4686 1516 4740 B

79 4756 123 4810 uei
140 4755 338 4812 institoremL
381 4757 613 4828 9aymphoniaee
630 4758 769 4826 PV‘LUi
825 4759 858 4812 31
886 4759 1069 4813 concesserit
1097 4759 1135 4812 Γ)
1196 4759 1232 4814 31
1258 4757 1361 4826 autem]
1389 4759 1453 4811 anto
1479 4757 1515 4810 F¹

79 4826 268 4884 munemne
289 4827 331 4882 P·
350 4829 355 4897 Ι
376 4826 462 4898 abuti]
489 4828 576 4884 ueluti
597 4830 643 4894 F¹‚
668 4849 717 4883 ene
736 4829 772 4882 12⁰
825 4829 860 4884 33
886 4827 991 4897 fauore]
1019 4828 1068 4884 aed
1094 4827 1189 4884 fauore
1214 4829 1269 4884 PU
1322 4830 1359 4884 36
1385 4830 1453 4897 aput
1477 4827 1516 4880 F¹

81 4897 113 4952 11
130 4897 278 4954 monilibus
296 4899 333 4952 F¹
378 4901 413 4954 11
430 4899 502 4969 eum]
521 4915 582 4955 eam
600 4900 637 4953 1·Ἴ
684 4900 772 4954 1310-
825 4899 859 4954 31
879 4898 1067 4955 eohereionem
1083 4899 1163 4955 PLU

78 4973 160 5038 gaurs
183 4969 221 5025 sit
307 4984 375 5026 usua
397 4968 502 5028 duetus
525 4970 636 5038 mih,
660 4971 772 5025 sitnon
