3652 5362
121 225 304 276 roemnsnr
327 223 523 274 ιιιιιιιιι.
792 195 879 280 853
1247 203 1379 272 XXVIII
1399 207 1419 273 e
1442 211 1557 268 10-16

121 365 216 422 hemor
233 379 268 420 ex
287 379 350 420 asse
366 365 492 420 instituto
510 361 676 419 ιιιιιιιιιιι
694 361 755 432 quir
773 365 828 418 est:
847 361 953 417 exstitit
968 361 1040 432 patri
1052 359 1123 418 lilius
1134 361 1227 418 heres:
1246 377 1281 418 an
1292 363 1381 433 possit
1393 361 1558 420 substitutus

122 469 249 526 separare
267 453 442 524 hereditates,
461 457 492 508 ut
509 450 557 508 filii
574 449 683 520 habeat,
701 451 788 520 patrie
806 465 860 506 non
877 449 999 506 habeat?
1016 467 1070 507 non
1081 456 1181 522 potest,
1200 451 1250 507 sed
1263 457 1311 507 aut
1322 452 1463 523 utriusque
1475 452 1559 509 debet

90 553 104 600 t
121 543 300 600 hereditatem
318 541 419 598 habere
437 547 486 596 aut
502 541 640 597 ιιιιιιιιε
658 540 753 595 innota
770 541 841 595 enim
860 539 997 596 hereditas
1015 542 1106 612 eoepit
1123 555 1193 596 esse.
1229 540 1360 611 Idemque
1375 547 1425 611 est,
1444 543 1468 597 si
1479 548 1558 612 pater

122 649 166 690 me
190 631 317 688 heredem
342 631 481 702 seripserit
498 645 534 686 ex
550 633 627 700 parte
646 627 775 684 etlilium
794 644 829 685 ex
849 633 929 700 parte
947 633 976 685 et
992 643 1046 700 ego
1063 630 1150 700 patris
1167 628 1345 685 hereditatem
1363 630 1557 701 repudiauero:

89 729 184 778 lnam
209 736 298 791 neque
321 719 369 777 lilii
391 719 569 775 hereditatem
593 717 692 774 habere
710 733 831 788 possum.
868 717 897 774 Si
916 733 950 774 ex
968 733 1030 774 asse
1048 718 1128 773 heres
1145 718 1301 790 institutus,
1318 717 1374 774 filio
1392 719 1557 774 exheredato
1576 733 1589 772 ι

122 811 287 867 substitutus
305 809 490 880 repudiauorIt
506 809 593 879 patris
611 807 803 878 hereditatem,
822 821 884 862 oum
902 823 958 862 non
975 805 1089 864 heberet
1106 806 1299 880 substitutum,
1321 823 1375 865 non
1392 809 1493 878 poterit
1509 806 1558 862 lilii

122 899 211 956 odire:
229 913 280 956 neo
298 900 369 954 enim
388 899 463 953 ualet
478 895 526 952 filii
544 902 747 967 testamentum,
765 897 818 952 nisi
835 896 921 966 patris
938 893 1021 951 luerit
1039 895 1114 952 adita
1131 895 1282 953 hereditas:
1300 913 1351 953 nee
1369 899 1441 952 enirn
1456 895 1558 952 suffieit

123 989 158 1045 ad
176 988 356 1050 secundarum
375 987 529 1042 tabularum
547 987 603 1042 uim
622 987 662 1041 rie
680 1001 741 1041 esse
759 983 862 1040 laetum
874 989 1077 1055 testamentum,
1095 992 1127 1042 ut
1139 1000 1173 1041 ex
1185 1001 1219 1041 eo
1231 985 1300 1042 adiri
1311 986 1449 1042 heredites
1460 987 1556 1057 possit.

89 1086 104 1133 ι
122 1078 168 1134 Ad
185 1077 349 1134 substitutor
367 1077 514 1148 pupillares
532 1075 670 1148 pertinent
687 1079 716 1130 et
733 1075 757 1129 si
775 1089 846 1144 quae
862 1079 962 1145 postea
977 1075 1088 1145 pupillls
1105 1073 1280 1130 obuenerint:
1303 1090 1392 1146 neque
1410 1076 1482 1131 enim
1500 1075 1557 1130 suis

122 1168 200 1224 bonis
222 1171 338 1222 testator
361 1164 516 1234 substituit,
541 1164 591 1220 sed
613 1163 774 1234 impuberis,
798 1179 861 1219 oum
884 1169 913 1219 et
930 1163 1096 1220 exheredato
1114 1163 1280 1220 substituere
1298 1165 1360 1234 quis
1379 1165 1481 1235 possit:
1505 1165 1558 1220 nisi
1577 1177 1604 1219 ro

122 1255 187 1312 mihl
210 1271 347 1328 proponas
371 1253 483 1309 militem
507 1267 582 1323 erse,
606 1253 654 1324 qui
676 1252 818 1308 substituit
835 1252 963 1309 heredem
980 1252 1033 1308 hae
1050 1255 1156 1322 mente,
1179 1257 1211 1308 ut
1228 1267 1262 1308 ea
1279 1253 1339 1308 sola
1356 1253 1423 1308 uelit
1440 1252 1476 1308 ad
1494 1252 1557 1309 sub·

89 1347 246 1402 estitutum
271 1343 419 1415 pertinere,
443 1355 514 1412 quae
539 1357 556 1396 a
578 1357 608 1398 ee
631 1341 667 1397 ad
687 1341 842 1397 iustitutum
860 1347 1052 1412 peruenerunt.
1088 1341 1121 1397 In
1139 1341 1272 1412 adrogato
1290 1356 1399 1413 queque
1416 1341 1558 1413 impubere

122 1433 238 1490 ιιιιιιιι
255 1433 291 1488 ad
309 1431 487 1488 substitutum
505 1431 566 1486 eius
584 1430 619 1486 ab
637 1430 800 1501 adrogatore
818 1430 913 1486 datum
932 1445 987 1487 non
1004 1429 1105 1486 debere
1121 1431 1258 1502 pertinere
1276 1445 1323 1502 ea,
1348 1446 1419 1502 quas
1437 1430 1557 1503 haberet,

122 1523 146 1579 ri
164 1523 314 1594 adrogatur
331 1535 385 1576 non
404 1525 486 1591 esset,
505 1520 555 1575 sed
573 1535 607 1575 ea
624 1520 691 1590 sola,
710 1534 781 1590 quae
799 1520 859 1590 ipse
877 1521 902 1576 ei
920 1519 996 1576 dedit
1014 1520 1175 1590 adrogatur:
1196 1520 1249 1576 nisi
1266 1519 1337 1576 forte
1355 1519 1557 1592 distinguimus,

122 1615 154 1668 ot
170 1617 295 1682 quartam
314 1609 433 1680 quidem,
451 1623 535 1678 quam
552 1609 709 1665 omnimodo
727 1623 762 1664 er
779 1609 911 1679 reseripto
929 1607 986 1664 diui
998 1609 1040 1664 Pil
1058 1607 1154 1664 debuit
1170 1610 1196 1665 ei
1215 1609 1374 1680 relinquere,
1393 1609 1557 1666 substitutus
1576 1621 1604 1664 ιι

122 1699 222 1756 habere
240 1714 294 1754 non
312 1699 407 1769 possit,
426 1697 593 1768 superfluum
610 1695 719 1754 hebeat.
747 1696 881 1753 Soaerrola
898 1701 991 1753 tamen
1007 1697 1077 1754 llbro
1094 1697 1201 1754 deeimo
1219 1699 1409 1769 quaestionum
1421 1703 1502 1770 putat
1512 1699 1558 1754 uel

121 1788 173 1845 boo
197 1787 353 1858 adrogatori
375 1786 599 1858 permittendum,
624 1801 694 1856 qnae
716 1786 852 1844 sententia
868 1785 953 1842 habet
969 1787 1112 1843 rationem.
1138 1801 1190 1858 ego
1208 1789 1291 1842 etiam
1309 1787 1426 1858 amplius
1443 1793 1511 1858 puto
1529 1791 1558 1842 et

122 1877 146 1934 ri
164 1877 228 1948 quid
247 1874 379 1932 benefitio
397 1875 567 1946 adrogaturIr
585 1875 723 1946 adquisiit,
742 1875 855 1930 ethaeo
873 1875 1051 1932 subrtitutum
1070 1891 1151 1946 posse
1168 1875 1283 1948 habere,
1307 1881 1339 1932 ut
1355 1881 1424 1946 puta
1441 1877 1556 1947 adroga-

90 1967 189 2022 'lturir
211 1966 315 2022 amiens
337 1965 381 2022 uel
406 1971 539 2036 eognrms
561 1965 586 2020 ei
609 1963 711 2036 ahquid
734 1965 851 2036 reliquit.
887 1965 974 2022 Nemo
996 1966 1139 2022 iustitutur
1163 1970 1192 2022 et
1215 1964 1267 2022 sibi
1284 1965 1450 2020 substitutus
1468 1965 1480 2038 l
1498 1966 1557 2022 siue
1573 1973 1590 2022 i.
1600 1969 1659 2024 414'

122 2069 223 2111 oaurae
246 2055 396 2111 mutatione
419 2057 565 2125 quiequam
583 2051 703 2125 produit,
727 2054 777 2109 sed
800 2053 853 2110 hoo
875 2055 904 2110 in
922 2071 976 2111 nno
995 2055 1096 2125 gratim
1119 2059 1239 2111 ueterum
1258 2055 1282 2110 si
1300 2055 1355 2110 duo
1373 2054 1429 2110 sint
1445 2055 1556 2126 modus,
1575 2067 1604 2108 ru

121 2149 215 2216 potest
237 2144 292 2200 diui
314 2145 405 2200 ualere
428 2143 663 2213 substitutionem,
687 2147 719 2198 ut
742 2143 863 2198 Iulianus
886 2141 955 2200 lrbro
977 2145 1119 2214 trigesimo
1142 2144 1310 2215 digestorum
1330 2139 1556 2228 Q

122 2239 214 2305 putat:
232 2233 256 2288 ιι
273 2233 401 2303 qnidam²
420 2233 461 2289 sio
478 2233 514 2289 sit
532 2231 697 2288 substitutus
715 2231 777 2303 sibi,
796 2247 857 2288 oum
876 2231 990 2288 haberet
1002 2231 1163 2289 ooheredem
1175 2234 1291 2290 Titium:
1310 2231 1342 2288 ‘si
1354 2232 1464 2289 Stiohus
1475 2233 1555 2290 heres

122 2323 184 2379 ‘non
202 2321 262 2392 erit,
280 2321 349 2378 liber
366 2327 395 2378 et
411 2321 491 2378 heres
509 2320 586 2392 esto',
604 2337 659 2377 non
677 2321 769 2377 ualere
787 2320 1025 2378 substitutionem:
1043 2322 1117 2392 quod
1135 2323 1159 2378 ιι
1176 2323 1229 2378 ita:
1247 2323 1278 2378 ‘si
1296 2321 1386 2378 Titius
1404 2321 1483 2378 heres
1500 2337 1556 2380 non

122 2411 190 2482 ‘erit,
207 2417 274 2468 tono
292 2411 402 2468 Stiobns
419 2410 487 2466 liber
504 2413 534 2465 et
550 2410 629 2466 heres
648 2415 677 2465 et
694 2411 722 2466 in
740 2411 799 2466 elus
816 2415 923 2481 partem
940 2411 1017 2484 esto',
1041 2412 1111 2468 duos
1133 2411 1236 2483 gradus
1253 2426 1315 2467 esee
1332 2417 1415 2482 atque
1432 2411 1496 2468 ideo
1514 2427 1554 2468 re-

122 2501 254 2573 pudiante
271 2501 345 2556 Titio
363 2499 485 2556 Stichum
504 2499 618 2556 liberum
636 2503 665 2554 et
681 2498 810 2555 heredem
828 2499 895 2556 iore.
1573 2512 1603 2554 ιι

67 2591 102 2649 11
175 2591 294 2646 Pennus
312 2587 380 2645 libro
397 2589 486 2659 primo
504 2589 540 2644 ad
558 2587 698 2644 Sabinum.
735 2587 765 2643 st
782 2589 806 2644 ιι
824 2590 872 2660 qui
889 2587 969 2645 heres
985 2589 1128 2646 institutus
1149 2589 1209 2644 est⁸
1226 2586 1281 2646 filio
1299 2587 1362 2646 sub·
1380 2583 1554 2676 Q
1587 2595 1609 2651 S

123 2681 235 2736 stitutus
253 2679 298 2749 sit,
316 2673 380 2733 nihii
399 2677 488 2733 oberit
505 2678 530 2733 si
547 2679 576 2733 ιι
595 2677 796 2748 substitutione,
815 2679 838 2732 ιι
856 2682 923 2733 tuno
940 2693 1040 2749 oapere
1056 2679 1153 2749 possit,
1171 2693 1234 2734 eum
1252 2677 1324 2734 lilius
1336 2678 1464 2734 decessit.
1490 2693 1554 2734 oon·

122 2775 167 2844 tra
183 2781 292 2840 quoque
310 2769 401 2839 potest
417 2779 521 2837 poenas
539 2767 568 2821 in
584 2769 750 2822 testamento
766 2767 863 2837 pupilli
880 2767 946 2838 pati,
963 2769 1029 2824 lieet
1045 2769 1073 2823 in
1091 2767 1176 2839 patris
1194 2783 1293 2838 passus
1311 2781 1366 2823 non
1383 2767 1429 2823 ιιι.

66 2855 105 2914 ll
175 2857 356 2934 Ριιιιιιιιι
378 2855 447 2912 libro
470 2855 552 2911 tertio
575 2856 775 2926 quaestionum.
812 2853 841 2911 Si
858 2853 943 2927 filins,
967 2858 1014 2927 qui
1032 2858 1104 2928 patri
1122 2873 1155 2912 ao
1171 2859 1269 2927 postea
1287 2855 1363 2912 fratri
1382 2851 1555 2942 Q
1574 2865 1615 2919 'P
1732 2927 1736 2942 .

123 2961 158 3003 ex
180 2947 308 3002 secundis
330 2944 432 3000 tabulis
453 2943 533 3000 heres
555 2945 674 3015 exstitit,
698 2943 877 3000 hereditatem
900 2945 987 3015 patris
1010 2952 1133 3018 moueat,
1155 2943 1303 3002 fraternam
1328 2950 1420 3002 autem
1438 2946 1554 3002 retinere
1574 2959 1602 3002 eo

123 3037 212 3108 malit,
235 3035 324 3091 audiri
341 3033 438 3090 debet:
462 3033 561 3090 iustius
579 3034 650 3090 enim
668 3039 821 3104 praetorem
840 3032 975 3089 laetorum
993 3035 1128 3107 existimo,
1150 3035 1174 3091 ri
1191 3033 1269 3090 fratri
1286 3036 1486 3105 separationem
1503 3033 1554 3091 bu·
1619 3049 1621 3056 ¹

123 3141 218 3182 norum
237 3125 321 3196 patrIs
340 3125 514 3181 ooneeeserit.
543 3124 643 3179 etenim
667 3123 709 3178 ius
732 3123 834 3178 diremi
856 3124 1026 3193 propositum
1050 3131 1093 3180 est
1114 3123 1214 3181 liberos
1238 3123 1367 3180 oneribus
1384 3123 1555 3180 hereditariis

123 3231 177 3271 uon
195 3219 293 3286 sponte
312 3220 448 3286 suseeptis
465 3213 590 3283 liberare,
609 3227 663 3268 nou
681 3212 783 3268 Inoitos
801 3211 837 3266 ab
854 3211 1007 3269 hereditate
1017 3228 1167 3284 remouere,
1184 3214 1345 3284 praesertim
1357 3213 1432 3282 quod
1443 3213 1554 3268 remotis

124 3304 224 3359 tabulis
241 3304 369 3360 seeundls
386 3303 536 3374 legitimam
554 3301 669 3358 haberet
685 3301 777 3358 fratris
795 3301 982 3357 hereditatem.
1007 3303 1100 3372 itaque
1117 3303 1209 3373 legata
1220 3302 1364 3357 dumtaxat
1380 3317 1415 3356 ex
1426 3302 1555 3358 seouudir

123 3393 224 3449 tabulis
240 3387 374 3462 praestari
391 3393 495 3450 debent
517 3391 612 3448 habita
632 3392 739 3448 ratione
761 3389 932 3448 imultatiurn
955 3392 983 3447 in
1000 3391 1122 3447 Falcidia
1143 3407 1197 3448 uon
1219 3391 1318 3463 patrir,
1342 3394 1373 3446 ut
1390 3392 1458 3448 alias
1476 3391 1555 3463 solet,
1573 3405 1602 3448 ιι

124 3481 174 3537 ιιι
191 3479 339 3552 lnpnberIr.
1055 3539 1061 3546 ,

68 3567 106 3627 13
177 3571 348 3626 Ροιιιοιιιιι
365 3569 434 3626 libro
451 3569 539 3641 prtmo
557 3569 593 3625 ad
611 3567 751 3625 Sabinum.
782 3569 841 3636 Quo
859 3567 947 3640 gradu
965 3567 1044 3626 heres
1062 3567 1154 3626 liberis
1172 3568 1362 3640 substituatur,
1380 3563 1555 3655 Q
1587 3579 1610 3634 s

124 3658 188 3716 nihil
205 3659 327 3714 Interest.
1525 3677 1526 3680 ¹

70 3747 107 3805 14
177 3747 254 3802 Innrr
271 3745 340 3802 libro
358 3745 478 3801 seeundo
497 3743 532 3800 ad
551 3743 690 3802 Sabinum.
718 3745 749 3802 ln
767 3743 893 3818 pupillari
911 3745 1105 3803 substitutione
1121 3747 1186 3802 lieet
1206 3735 1554 3832 e.ss,1u‚14.lleipasr‚e
1586 3757 1608 3813 s

123 3837 232 3908 longius
249 3840 358 3906 tempus
376 3833 601 3904 eomprehensum
618 3833 709 3903 fuerit,
726 3840 819 3891 ιιιιιι
836 3833 947 3892 linietur
963 3835 1122 3892 substitutio
1139 3835 1288 3907 pubertate.
1573 3853 1602 3893 ro

69 3927 106 3985 15
176 3926 357 3980 Permessus
378 3923 448 3980 libro
470 3929 549 3979 sexto
573 3938 774 3994 responsorum.
811 3925 940 3981 centurio
957 3923 1033 3995 flliis,
1057 3926 1081 3981 si
1101 3925 1173 3981 lutra
1190 3927 1315 3998 quintum
1333 3931 1362 3982 et
1392 3937 1419 3984 e.
1430 3939 1468 3995 ιι,
1477 3939 1515 3996 10,
1524 3939 1554 3988 ιι
1573 3936 1615 3991 *P

123 4015 282 4071 uioeeimum
303 4029 404 4069 annum
422 4013 523 4068 aetatis
540 4013 600 4068 elne
621 4012 714 4068 liberis
736 4014 794 4069 uita
811 4005 991 4084 deterserint,
1016 4014 1120 4072 direoto
1143 4013 1292 4071 substituit.
1319 4015 1391 4071 intra
1413 4021 1555 4085 quattuor-

123 4103 212 4160 deeIm
230 4119 316 4160 annor
335 4101 417 4158 etiam
435 4102 545 4173 propria
566 4100 655 4158 bona⁸
671 4099 728 4158 lilio
751 4101 916 4158 substitutus
938 4103 997 4159 iure
1015 4104 1152 4160 eommuni
1174 4105 1277 4176 oapiet,
1300 4109 1365 4175 post
1382 4120 1443 4160 eam
1461 4107 1554 4161 autem

124 4197 243 4250 aetatem
262 4207 296 4248 ex
313 4191 456 4263 priuilegio
476 4191 591 4247 militum
609 4191 696 4262 patris
714 4191 858 4248 dumtaxat
875 4209 937 4248 eum
955 4190 1089 4250 huetihus
1106 4193 1226 4250 quentia
1243 4193 1272 4250 in
1289 4192 1448 4250 hereditate.

67 4283 106 4343 16
176 4283 347 4338 Postremus
370 4279 440 4337 libro
461 4281 544 4338 tertio
565 4280 602 4336 ad
619 4279 760 4338 Sabiuum.
796 4281 999 4353 siquitem,
1023 4297 1105 4352 quem
1127 4287 1293 4340 tertamentu
1310 4299 1361 4340 suo
1393 4295 1419 4342 Β.
1430 4297 1468 4353 ιι,
1478 4297 1515 4352 ιι,
1525 4297 1554 4344 le
1585 4292 1607 4348 S

123 4369 234 4441 legauit,
252 4386 346 4426 rursus
364 4387 381 4426 a
399 4368 547 4428 substituto
564 4368 613 4426 filii
630 4368 744 4426 liberum
763 4385 825 4428 esse
842 4371 960 4443 iusserit,
978 4370 1047 4428 liber
1064 4373 1115 4428 erit
1126 4372 1205 4444 quari
1220 4373 1312 4444 legato
1330 4373 1472 4444 adempto:
1490 4390 1554 4432 nam
1571 4387 1600 4429 ιι

123 4475 344 4547 mundule)

126 4627 266 4687 ¹Stiohur
284 4639 331 4685 ιιι.
348 4629 488 4702 (Kroeper)
558 4628 615 4685 ’et
633 4642 732 4699 oapere
748 4644 804 4686 neu
820 4634 913 4701 potest
933 4639 980 4686 ιιι.
1050 4628 1118 4686 ⁸eli
1136 4639 1183 4687 ιιι.

125 4779 259 4837 lherede
272 4781 312 4850 Fi
327 4780 451 4837 ensuite
464 4779 501 4833 ι’
545 4779 763 4836 8seoundorum
776 4781 811 4834 ΡΙ
864 4797 924 4838 rum
943 4781 1042 4838 ου’
1082 4783 1314 4854 33susoeptnsF
1351 4782 1564 4910 lopubertatek

124 4851 254 4979 iedgab
270 4853 305 4906 ι’
343 4855 375 4908 11
388 4851 596 4910 *substitnltli’
611 4855 616 4919 Ι
632 4851 812 4908 mente'm‘F2
869 4853 992 4919 WDEG,
1030 4853 1188 4921 ubertatil',
1205 4853 1379 4926 pubertatem

124 4923 193 4980 Ida
230 4925 326 4978 mall
342 4927 347 4994 Ι
362 4923 494 4980 ’haberet
512 4925 549 4978 Ρ
593 4925 627 4979 16
643 4923 813 4980 *ιιιιιιιιιΙ
864 4925 936 4997 tyrio
953 4927 994 4994 Fi
1039 4926 1081 4981 lus
1100 4927 1135 4980 Fl
1189 4927 1225 4983 46
1242 4926 1329 4983 libtelr
1346 4927 1385 4982 F’

123 4997 159 5053 tt
176 4995 266 5068 adque
284 4995 321 5050 Ρ
374 4997 410 5053 26
427 4997 451 5052 ιι
468 4996 501 5066 ιι]
521 5011 568 5052 ιιι
587 4995 623 5050 F'
674 4995 708 5052 ³1
728 4993 811 5053 bono·

1441 4857 1484 4912 ιι
1504 4861 1581 4898 ‹m-
