3570 5362
55 2951 97 2972 μ,

237 179 309 248 VIII
332 182 353 246 3
371 185 406 240 38
426 215 458 226 ·-
481 181 502 243 4
520 185 537 240 o
915 171 1004 254 264
1241 196 1425 246 oounonns
1448 197 1681 246 nasamonium

239 335 312 394 alind
330 335 453 392 eiusdem
471 334 574 398 demipi
591 333 748 404 praedium:
767 333 841 403 qnod
855 333 879 388 si
891 339 943 403 est,
962 347 1017 390 non
1028 333 1138 389 uidetur
1150 333 1309 404 intermmpi
1322 335 1450 405 seruitus,
1468 335 1598 404 quemuis
1610 335 1682 392 inter

238 424 361 482 eIusdem
380 421 483 480 domiui
500 422 613 493 praedia
629 421 730 478 flumen
748 421 888 492 publicum
905 421 1065 477 intercedat.

920 584 991 667 llll.

318 721 356 798 R
397 719 645 797 COMMUNIA
670 717 980 798 PRAEDIORUM
1007 718 1109 795 TAM
1135 717 1430 796 URBANORUM
1458 719 1595 812 QUAM
1716 747 1742 801 n

767 844 1072 924 RUSTIOORUM
1112 845 1150 922 It
1700 885 1714 926 s

202 1005 218 1061 1
292 1001 443 1056 Unnmsus
460 999 528 1056 lilino
546 999 666 1055 secundo
678 1001 887 1056 Institutionum.
914 998 1063 1055 Aedificia¹
1078 998 1183 1054 urbana
1194 997 1304 1068 quidem
1318 1001 1432 1069 praedis
1449 995 1682 1086 [Ιζιῐζῖἆιῖιῖ
1702 1011 1735 1066 'S

239 1089 421 1161 appellamus:
445 1093 565 1143 ceterum
590 1089 642 1142 etsi
665 1089 693 1143 in
715 1089 780 1144 uilla
803 1085 928 1142 aedificia
952 1088 1020 1158 sint,
1045 1103 1131 1158 aeque
1155 1090 1302 1144 seruitutes
1321 1089 1485 1145 urbanorum
1504 1087 1682 1158 praediorum

207 1193 218 1237 1
239 1179 368 1234 constitui
389 1181 514 1248 possunt.
547 1175 558 1248 Ι
577 1176 643 1232 Ideo
662 1181 753 1230 autem
772 1175 825 1230 hae
843 1176 990 1231 seruitutes
1007 1175 1181 1246 praediorum
1200 1179 1385 1248 appellantur,
1409 1178 1538 1248 quoniam
1557 1173 1683 1262 Q
1699 1190 1737 1236 ιι
1757 1198 1771 1225 ι

239 1267 298 1322 sine
315 1265 433 1336 praediis
451 1265 581 1320 constitui
599 1280 654 1320 non
672 1269 801 1334 possunt:
820 1279 900 1318 nemo
918 1265 989 1320 enim
1008 1269 1101 1335 potest
1119 1266 1274 1321 seruitutem
1294 1265 1437 1335 adquirere
1449 1265 1511 1320 uel¹
1523 1265 1624 1321 urbani
1637 1267 1682 1322 uel

240 1355 335 1409 rustici
352 1353 465 1424 praedii,
483 1353 537 1408 nisi
555 1354 602 1422 qui
620 1351 704 1408 habet
720 1352 872 1422 praedium.
1702 1371 1728 1410 ιι

202 1446 220 1502 2
292 1443 370 1496 Ionis
393 1441 462 1498 libro
486 1439 734 1510 septimodecimo
758 1440 794 1495 ad
818 1440 947 1495 edictum.
984 1441 1027 1494 De
1050 1455 1122 1512 aqua
1142 1447 1296 1512 pernetam
1313 1439 1435 1496 tollenda
1452 1455 1487 1495 ex
1504 1439 1619 1497 domiue
1637 1444 1682 1498 uel
1712 1443 1738 1498 B

238 1529 402 1599 haurienda,
426 1529 470 1584 uel
489 1529 512 1584 si
531 1529 592 1598 quis
611 1529 771 1584 seruitutem
790 1529 902 1583 castello
920 1530 1094 1600 imposuerit,
1113 1529 1225 1600 quidam
1244 1529 1451 1599 dubitauerunt,
1470 1545 1505 1583 ne
1523 1529 1577 1585 hae
1596 1532 1682 1586 senri-

238 1621 313 1674 tutes
334 1633 389 1674 non
407 1622 512 1672 essent:
537 1611 586 1671 sed
605 1617 737 1686 rescripto
755 1617 927 1688 imperaturis
945 1617 1078 1672 AntonIni
1097 1617 1133 1674 ad
1150 1619 1306 1674 Tullianum
1326 1618 1454 1688 adicitur,
1478 1617 1543 1672 licet
1561 1619 1682 1688 seruitus

238 1706 297 1761 iure
315 1722 370 1761 non
387 1706 481 1775 ualuit,
501 1705 524 1759 si
543 1709 636 1760 tamen
654 1705 706 1760 hac
724 1707 785 1776 lege
804 1705 974 1776 comparauit
992 1719 1041 1760 seu
1060 1706 1112 1762 alio
1131 1721 1304 1776 quocumque
1321 1706 1442 1776 legitimo
1460 1705 1543 1761 modo
1562 1705 1616 1761 essii
1631 1707 1683 1762 hoc

238 1796 282 1852 ius
301 1795 458 1864 adquisInit,
477 1793 609 1850 tuendum
628 1809 690 1849 ease
708 1809 779 1864 eum,
798 1795 845 1864 qui
863 1794 976 1849 hocius
994 1794 1125 1863 possedit.
1700 1812 1727 1854 ss

202 1887 220 1944 3
292 1881 386 1938 once
403 1881 473 1937 libro
491 1883 608 1952 septimo
626 1881 662 1937 ad
681 1883 801 1938 edictum
818 1882 994 1953 prouinciale.
1022 1881 1146 1937 Duorum
1163 1881 1337 1951 praediorum
1355 1881 1481 1937 dominas
1499 1882 1522 1936 si
1555 1893 1683 1951 B.5a,4n.
1711 1895 1736 1948 Ε

239 1971 354 2026 alterurn
373 1985 407 2024 ea
423 1970 484 2040 lege
503 1969 554 2024 tibi
572 1969 691 2040 dederit,
715 1975 747 2026 ut
765 1972 793 2025 id
810 1969 952 2041 praedium
972 1969 1046 2038 qnod
1065 1970 1147 2024 datur
1164 1970 1268 2025 seruiat
1285 1971 1310 2024 ei
1329 1971 1403 2038 quod
1420 1971 1480 2039 ipse
1498 1971 1614 2041 retinet,
1637 1973 1682 2027 nel

239 2065 343 2129 contra,
362 2059 420 2112 iure
438 2059 566 2128 imposita
584 2059 703 2126 seruitus
721 2059 895 2127 Intellegitur.

201 2154 220 2210 4
292 2147 464 2202 liconnnns
482 2143 550 2200 libro
569 2145 677 2200 decimo
689 2161 724 2200 ex
737 2146 842 2201 Cassio.
871 2145 977 2214 Caneri,
996 2151 1028 2200 ut
1040 2145 1075 2201 ad
1088 2149 1190 2201 certam
1205 2145 1375 2202 altitudinem
1387 2153 1595 2202 monumentum
1608 2147 1682 2203 aedi·
1709 2150 1735 2204 Ε

239 2235 345 2305 ficetur,
365 2250 419 2290 non
437 2239 537 2304 potest,
557 2235 623 2302 quia
641 2234 677 2303 id,
696 2233 771 2303 quod
788 2233 900 2289 humani
918 2235 984 2289 ioris
1002 2249 1064 2289 esse
1083 2233 1172 2304 desiit,
1192 2235 1352 2290 seruitutem
1364 2252 1419 2291 non
1431 2237 1543 2307 recipit:
1562 2236 1683 2292 sicutne
1700 2254 1727 2294 ιι

239 2325 285 2379 illa
303 2323 412 2394 quidem
432 2323 550 2378 seruitus
568 2323 719 2378 consistere
736 2327 838 2392 potest,
858 2326 890 2376 ut
908 2327 999 2377 certus
1016 2337 1146 2378 numerus
1164 2321 1303 2378 hominurn
1320 2324 1348 2378 in
1367 2339 1422 2380 uno
1440 2325 1500 2380 loeo
1519 2324 1658 2381 humetur.

202 2417 221 2476 5
293 2411 371 2466 Iners
392 2410 462 2466 libro
484 2411 606 2466 secundo
630 2411 817 2480 epistularum.
856 2411 997 2481 Proprium
1021 2413 1109 2466 solum
1133 2411 1278 2466 uendendo
1301 2429 1336 2467 an
1359 2413 1517 2468 seruitutem
1542 2409 1683 2500 [Q
1715 2423 1781 2502 Es

240 2501 323 2556 talem
342 2500 483 2570 Iniungere
502 2500 619 2570 possim,
637 2503 669 2553 ut
687 2497 753 2554 mihi
771 2504 800 2554 et
816 2500 907 2554 uicino
925 2500 1047 2554 seruiat?
1076 2501 1200 2555 slmiliter
1218 2501 1240 2555 si
1259 2515 1402 2556 commune
1420 2502 1507 2556 solum
1525 2503 1633 2573 nendo,
1652 2508 1684 2559 ut

241 2588 306 2644 mihi
328 2593 357 2644 et
381 2588 456 2644 socio
480 2588 596 2656 seruiat,
616 2602 652 2641 en
671 2588 801 2656 consequi
819 2587 943 2657 possim?
975 2587 1118 2658 respondi:
1142 2589 1301 2644 seruitutem
1320 2591 1441 2660 recipere
1459 2591 1512 2645 nisi
1529 2590 1581 2645 sibi
1600 2607 1683 2648 nemo

240 2682 346 2748 potest:
366 2677 485 2732 adiectio
503 2677 596 2746 itaque
614 2675 699 2730 uicini
716 2691 767 2746 pro
786 2691 957 2746 superuacuo
975 2676 1102 2732 habenda
1119 2683 1169 2747 est,
1188 2679 1227 2732 ita
1245 2683 1276 2732 ut
1293 2683 1353 2733 tota
1365 2680 1483 2734 seruitus
1495 2677 1530 2733 ad
1543 2694 1617 2750 enm,
1636 2681 1684 2750 qni
1702 2697 1730 2740 ιι

240 2765 381 2836 receperit,
400 2766 544 2835 pertineat.
571 2765 659 2819 solum
678 2770 770 2819 entem
790 2781 933 2821 commune
951 2765 1095 2820 uendendo
1114 2766 1228 2821 etmihi
1247 2772 1275 2822 et
1289 2767 1363 2822 socio
1375 2768 1486 2837 sentiat,
1504 2765 1617 2823 efficere
1628 2784 1684 2824 non

240 2871 362 2926 possum,
381 2854 447 2924 quia
463 2868 513 2923 per
531 2869 616 2908 unum
635 2853 738 2908 socium
758 2855 895 2909 communi
914 2855 972 2909 solo
990 2855 1109 2910 seruitus
1128 2855 1234 2924 adquiri
1252 2869 1306 2910 non
1325 2863 1425 2925 potest.

203 2947 221 3008 6
294 2941 446 3000 Ηιιιιιιιιι
464 2941 533 2997 libro
552 2941 703 2997 uicensIrno
723 2946 822 2996 octauo
841 2942 876 2998 ad
894 2941 1034 2997 Sabinum.
1062 2942 1171 3014 Siquis
1190 2943 1260 2998 duas
1277 2943 1360 2998 aedes
1378 2943 1480 3000 habeet
1496 2950 1525 3000 et
1542 2939 1685 3032 Q
1714 2959 1734 3014 s

241 3033 341 3088 alteras
358 3029 463 3100 tradat,
489 3035 583 3099 potest
600 3030 690 3098 Iegem
707 3029 847 3085 traditioni
866 3031 970 3100 dicere,
988 3037 1020 3085 ιιι
1038 3033 1082 3086 uel
1100 3031 1170 3085 istae
1188 3046 1259 3100 quae
1277 3046 1332 3086 non
1349 3031 1494 3087 traduntur
1511 3049 1611 3090 seruae
1629 3038 1686 3092 sint

240 3120 282 3176 his
301 3135 371 3189 quae
389 3119 543 3186 traduntur,
561 3118 606 3172 uel
625 3123 721 3172 contra
738 3123 770 3171 ut
788 3119 905 3173 traditae
916 3119 1029 3174 retentis
1042 3119 1157 3174 aedibus
1169 3120 1303 3174 seruient:
1321 3121 1453 3190 paruique
1464 3120 1556 3193 refert,
1574 3125 1684 3180 uicInae
1703 3143 1730 3183 ιι

241 3209 297 3264 sint
319 3207 417 3263 amhae
441 3205 525 3261 aedes
550 3221 585 3260 an
609 3221 672 3261 non.
705 3203 778 3259 idem
801 3207 853 3260 erit
870 3213 899 3262 ιι
916 3209 944 3262 In
962 3207 1082 3277 praediis
1099 3208 1222 3263 rusticis:
1245 3225 1308 3263 nam
1327 3210 1396 3263 etsi
1414 3210 1475 3278 quis
1493 3209 1684 3269 duosfundos

241 3295 354 3366 hebeat,
381 3296 463 3350 alium
487 3295 532 3349 alii
554 3299 647 3364 potest
666 3309 775 3349 sernum
794 3293 885 3350 facere
902 3295 1045 3351 tradendo.
1078 3295 1147 3350 duas
1166 3301 1257 3351 autem
1276 3297 1360 3351 aedes
1377 3297 1457 3352 simul
1475 3299 1609 3355 tradendo
1629 3317 1684 3358 non

81 3941 127 3974 Χ
143 3975 147 3980 ,

95 4041 143 4058 ““·-ι.

240 3389 333 3455 potest
351 3381 460 3439 efficere
479 3383 579 3439 alteras
598 3383 691 3438 alteris
709 3397 813 3452 semes,
832 3383 897 3453 quia
914 3399 1002 3453 neque
1021 3383 1165 3454 adquIrere
1184 3385 1279 3440 alienis
1293 3383 1407 3440 aedibus
1420 3387 1580 3442 seruitutem
1592 3393 1684 3460 neque

209 3488 221 3532 1
241 3475 381 3542 imponere
405 3479 506 3544 potest
544 3471 573 3528 Si
597 3473 658 3542 quis
678 3476 784 3541 portem
803 3473 912 3527 sedium
931 3473 1022 3528 tradet
1039 3474 1084 3527 uel
1101 3477 1207 3542 partem
1225 3471 1315 3544 firndi,
1339 3489 1394 3528 non
1412 3479 1504 3544 potest
1520 3477 1683 3534 seruitutem

240 3563 388 3632 imponere,
408 3563 473 3632 quie
490 3575 539 3630 per
558 3565 650 3630 partes
669 3561 788 3615 seruitus
807 3561 909 3631 imponi
926 3577 981 3616 non
999 3565 1098 3632 potest,
1117 3561 1166 3617 sed
1181 3576 1232 3616 nec
1245 3561 1359 3632 adquisi.
1386 3563 1467 3632 plane
1480 3565 1504 3618 si
1516 3563 1612 3620 diuisit
1623 3565 1683 3622 inn-
1701 3583 1729 3626 ss

241 3649 306 3704 dum
325 3649 483 3720 regionibus
502 3654 531 3704 et
549 3650 589 3704 sic
606 3654 712 3719 partem
731 3649 844 3703 tradidit
861 3665 910 3719 pro
925 3649 1023 3718 diuiso,
1041 3655 1133 3720 potest
1145 3651 1267 3706 eltemtri
1279 3651 1439 3706 seruitutem
1451 3653 1599 3722 Imponere,
1619 3655 1684 3724 quia

241 3753 297 3806 non
315 3743 439 3808 estpars
458 3735 544 3806 fundi,
563 3737 613 3792 sed
630 3735 740 3792 fundus.
772 3737 846 3808 quod
865 3743 893 3792 et
910 3738 938 3793 in
957 3737 1071 3793 aedibus
1089 3744 1182 3808 potest
1199 3739 1261 3807 dici,
1281 3741 1304 3794 si
1322 3738 1449 3796 dominns
1466 3741 1572 3810 pariete
1589 3743 1683 3798 medio

242 3825 386 3882 aedificato
404 3843 487 3882 unam
506 3825 617 3883 domum
636 3828 664 3882 in
680 3827 751 3882 duaa
770 3827 901 3897 diuiserit,
919 3833 952 3882 ut
968 3827 1090 3897 plerique
1107 3825 1226 3882 iaciunt:
1249 3844 1313 3883 narn
1332 3833 1361 3883 et
1377 3827 1422 3884 hie
1438 3843 1489 3900 pro
1506 3829 1617 3886 duabus
1634 3831 1682 3887 do

208 3929 223 3974 a
241 3915 332 3970 mibus
350 3916 437 3986 accipi
456 3915 547 3972 debet
574 3917 644 3972 Item
662 3915 686 3970 si
704 3915 760 3971 dno
777 3914 901 3970 homines
919 3915 998 3970 blnaa
1010 3915 1094 3970 aedes
1107 3931 1265 3972 communes
1277 3916 1436 3988 habeamus,
1454 3919 1536 3973 simul
1546 3919 1682 3976 tradendo

240 4003 313 4060 idem
332 4002 442 4059 efficere
459 4019 614 4075 possumus,
633 4020 667 4059 ec
684 4005 708 4060 si
726 4019 779 4074 ego
798 4005 873 4059 solus
890 4005 1014 4074 proprias
1032 4002 1112 4059 binas
1131 4005 1214 4060 aedes
1225 4005 1364 4061 haberem.
1392 4005 1442 4061 sed
1453 4010 1483 4061 et
1494 4007 1518 4062 si
1530 4008 1681 4078 separatim
1700 4028 1727 4068 ιι

240 4093 441 4163 tradiderimus,
460 4093 533 4150 idem
550 4091 607 4162 flet,
626 4093 666 4148 sic
683 4099 784 4162 ιιιιιιι,
803 4097 834 4148 ut
852 4093 1002 4148 nouissima
1018 4093 1130 4149 traditio
1148 4091 1251 4149 efficiat
1268 4095 1351 4150 etiam
1368 4093 1579 4164 praecedentem
1596 4097 1681 4153 tradi·

239 4198 424 4270 smnio]

573 4310 975 4318 ———..„..—-—-——-.-....
1526 4313 1562 4320 -.--Ἰ
1568 4314 1602 4320 ..-

243 4361 250 4394 ¹
261 4363 373 4430 fimens
391 4360 432 4413 B:
450 4358 478 4413 ln
496 4357 603 4436 oppidis
622 4367 669 4414 ιιι.
689 4361 732 4432 (⁶s·
747 4360 782 4414 D.
794 4361 838 4424 50,
855 4359 893 4422 16,
908 4360 969 4423 198)
1042 4362 1053 4396 ²
1071 4361 1115 4416 uel
1134 4379 1182 4414 om.
1195 4361 1257 4414 Istat.

240 4506 344 4562 8haec
360 4508 401 4562 Ρ·
455 4509 624 4564 9ιιιιιίιιιι
647 4510 674 4562 F
723 4511 757 4564 10
779 4508 944 4579 praedium}
985 4509 1086 4574 deseos
1104 4509 1169 4564 eino
1192 4511 1220 4564 Β
1273 4512 1308 4566 23
1331 4511 1454 4566 slmiliter
1472 4511 1512 4566 bis
1529 4510 1571 4564 P«
1591 4511 1596 4579 Ι
1616 4525 1680 4566 con-

240 4577 305 4641 Fe,
318 4593 369 4632 nec
398 4579 931 4650 uisquamdeberenIsiquihabetprae·
986 4597 1131 4636 eumenem
1145 4581 1185 4635 P·
1219 4582 1255 4636 26
1272 4597 1443 4637 communem
1456 4581 1509 4636 PU
1541 4582 1577 4637 28
1595 4581 1681 4638 aedas

240 4647 316 4702 dium
334 4668 364 4702 ea
380 4594 444 4706 uest.
463 4653 523 4706 cdd.
542 4651 660 4706 PVL‘U
711 4654 745 4708 12
763 4652 894 4708 aurienda
912 4651 938 4705 F
985 4653 1031 4735 ΓΙ.
1066 4653 1101 4706 31
1120 4669 1155 4708 ιιι
1173 4660 1245 4708 nour
1263 4653 1300 4706 F²
1344 4652 1491 4708 discedes
1503 4652 1541 4706 Ρ
1585 4653 1681 4708 esse

241 4720 275 4772 14
300 4721 470 4789 comparauit
492 4723 538 4788 F,
560 4724 712 4793 comparuit
734 4725 770 4778 L⁶
828 4725 861 4780 15
885 4722 931 4778 ad·
985 4737 1092 4792 querere
1182 4739 1272 4793 neque
1295 4742 1343 4776 cm.
1361 4723 1398 4776 Ii
1457 4723 1493 4778 34
1515 4723 1610 4778 tradet
1630 4723 1680 4778 PL

240 4789 371 4860 quisiuit
393 4791 431 4844 Ρ
495 4793 528 4848 18
555 4793 692 4864 Imposita]
720 4795 872 4864 composita
893 4795 930 4848 F¹
985 4795 1020 4848 38
1036 4793 1157 4862 domum]
1170 4793 1281 4850 domum
1295 4793 1419 4850 domiuus
1431 4794 1516 4848 m·
1551 4795 1587 4850 39
1600 4795 1680 4850 ulnas

240 4859 441 4916 toidom.PV
474 4864 507 4916 21
520 4863 659 4920 hominum
670 4863 707 4920 ‘si'
716 4865 745 4920 ln
763 4867 789 4919 F
819 4867 930 4920 ituen-
985 4864 1476 4932 P‘,uelunasLlhebeamussi*mul
1485 4865 1680 4936 tr....4osgc⁴

239 4931 762 5014 pendo]F²P⁵Vo⁸o,nendor⁷r>·n⁶:
776 4935 930 4994 ἰιιιωιῶι
985 4937 1023 4990 Ii²
1075 4936 1111 4992 40
1128 4935 1255 5006 propriae
1273 4935 1308 4988 F¹
1362 4937 1395 4991 41
1416 4933 1464 4990 liet
1481 4934 1555 4991 idem
1574 4935 1631 4990 ΡΥ
