3570 5362
217 185 306 254 vnn
325 185 346 254 t
364 191 462 248 o-ru
888 172 978 254 280
1467 200 1516 250 ro
1537 199 1655 252 neom

217 341 326 398 dederit
342 343 372 396 et
388 338 452 394 iude
470 339 567 400 mulier
583 337 708 409 perierit,
731 334 826 394 Labeo
844 335 1000 404 demand,
1023 339 1067 405 ut,
1091 335 1116 392 si
1137 336 1249 406 quidem
1272 337 1331 394 suis
1353 335 1479 394 nmttns
1502 337 1654 408 sannorum,

217 429 345 486 uidentur
362 427 509 483 ooeidisse:
533 427 577 482 sin
599 439 665 482 uero
689 424 778 495 dedit,
801 429 834 480 ut
856 423 909 478 sibi
925 422 1024 478 mulier
1041 423 1164 494 offerret,
1187 427 1216 482 in
1238 424 1343 482 treton
1365 427 1502 484 rotome
1525 425 1656 496 dsndam,

185 527 198 572 1
218 532 289 588 quoe
307 515 445 571 sententio
462 529 529 570 uero
546 519 603 570 eet:
626 513 716 582 negiu
740 513 812 568 enim
831 527 942 568 oensem
967 512 1062 568 mortis
1079 514 1217 582 preeeuttt
1233 529 1315 584 quum
1334 513 1442 570 oooidit.
1479 511 1591 584 Siquis
1608 529 1657 584 per

217 605 275 660 uim
300 603 346 658 uel
370 619 482 660 sussum
506 603 735 658 medicamentum
758 601 840 656 slieui
863 598 994 655 infundit¹
1018 601 1064 655 uel
1090 615 1137 656 ore
1165 602 1211 656 uel
1233 603 1352 672 olystere
1373 602 1419 660 uei
1441 603 1466 658 si
1488 617 1552 658 eum
1576 603 1658 658 unxit

185 703 200 752 t
218 695 291 750 melo
308 707 423 761 ueneno,
436 692 502 762 dege
514 690 625 760 Aquilio
642 705 704 744 eum
723 689 819 757 teneri,
836 688 1068 758 quenadmodum
1087 688 1221 744 οιιιιοιιὶι
1238 704 1395 759 supponens
1406 694 1524 746 tenetur.
1551 689 1583 746 Si
1594 691 1657 760 quie
1674 703 1688 744 s

185 781 355 838 ehominem
378 778 451 834 mmo
473 778 625 846 neeeuerit,
649 778 678 832 in
701 775 804 832 foetum
828 777 934 831 notione
958 777 1047 831 teneri
1064 775 1192 831 Neratius
1210 777 1257 832 sit.
1294 775 1329 834 Si
1342 793 1455 834 seruum·
1470 793 1563 844 meum
1581 779 1658 847 equi·

218 874 322 924 tentem
340 869 477 924 oonoiteto
495 881 566 936 equo
584 865 707 922 effeoeris
725 865 754 920 in
770 863 872 920 flumen
888 864 1062 934 praeeipituri
1080 869 1163 934 etque
1181 864 1244 920 ideo
1261 864 1344 922 homo
1361 866 1485 936 perierit,
1503 866 1532 920 in
1549 864 1657 922 isotnm

218 972 280 1014 esee
298 955 416 1012 dmdom
436 955 570 1010 notionem
590 952 684 1009 Ofilium
702 952 810 1008 soribit:
833 950 1065 1021 quemedmodum
1087 953 1112 1008 si
1136 968 1233 1010 seruus
1256 968 1334 1010 meus
1357 953 1393 1010 eb
1416 953 1470 1010 elio
1494 953 1659 1020 ininsidiss

184 1056 201 1101 4
218 1044 362 1112 deduotne,
380 1043 415 1098 ob
433 1043 486 1098 etio
505 1047 579 1098 esset
596 1042 730 1098 mounes
748 1039 803 1096 Sed
821 1040 845 1094 si
862 1053 912 1108 per
928 1040 1019 1094 lunum
1037 1040 1219 1098 iooulentubus
1231 1055 1328 1098 seruus
1339 1040 1423 1098 fuerit
1433 1042 1550 1111 oedsus,
1568 1041 1657 1111 Aqui·

217 1133 270 1188 lise
287 1132 364 1188 loeus
382 1135 438 1186 eet:
461 1131 512 1185 sed
535 1131 559 1186 si
582 1145 645 1186 oum
667 1130 712 1184 eiii
735 1129 764 1184 in
784 1141 882 1196 oempo
899 1127 1095 1197 inculcentur,
1119 1143 1217 1184 seruus
1239 1144 1290 1198 per
1310 1143 1374 1186 oum
1396 1130 1488 1186 locum
1504 1129 1656 1199 munsterit,
1676 1143 1703 1182 ιι

217 1219 329 1290 Aquilia
340 1223 439 1287 eessot,
457 1219 523 1287 quis
533 1233 590 1273 non
601 1216 697 1272 debuit
707 1231 756 1287 per
767 1231 895 1286 eampum
907 1215 1095 1272 iseuntorinm
1107 1217 1159 1272 iter
1169 1217 1363 1288 intempestiue
1375 1216 1474 1274 iooere.
1501 1215 1550 1285 qui
1562 1220 1657 1272 tumen

217 1307 285 1374 dete
301 1321 386 1377 opere
403 1307 431 1361 in
449 1319 512 1361 enm
529 1305 663 1361 isonletus
681 1309 731 1374 est,
750 1304 845 1373 utique
862 1303 974 1372 Aquilio
990 1303 1140 1360 tenebitur:

126 1410 127 1414 ’
162 1395 201 1454 10
270 1396 390 1452 Pronus
408 1393 477 1450 turo
493 1394 643 1452 uiuensimo
661 1391 782 1450 seeundo
801 1390 837 1446 ed
854 1391 984 1448 edietum.
1019 1407 1084 1448 nom
1106 1392 1183 1448 lusus
1205 1406 1315 1462 qnoque
1332 1391 1431 1452 noxius
1447 1391 1477 1448 iu
1495 1384 1658 1475 Q
1675 1397 1701 1450 Β

217 1484 299 1554 onlpe
315 1487 367 1540 est
1446 1519 1448 1524 .
1676 1490 1705 1532 us

162 1573 198 1630 11
271 1571 423 1627 Uurrsuus
440 1568 509 1624 libro
527 1573 626 1624 ootuuo
643 1567 750 1624 deoimo
768 1569 804 1624 od
822 1567 951 1624 edietum.
987 1567 1057 1622 Item
1074 1567 1146 1623 Melo
1163 1567 1272 1638 seribtt,
1291 1567 1323 1636 si,
1342 1581 1405 1628 oum
1422 1566 1479 1636 pm
1495 1561 1657 1651 Q
1675 1571 1701 1626 Β

79 1665 80 1672 ’
218 1658 331 1728 quidem
348 1658 486 1727 luderent,
509 1655 699 1712 uehementius
716 1657 777 1726 quis
795 1656 851 1726 pilo
867 1669 1000 1726 pereussa
1021 1655 1050 1710 in
1072 1655 1190 1710 tonsoris
1212 1669 1318 1711 monus.
1332 1668 1395 1710 eom
1416 1653 1547 1710 deieoeuit
1567 1659 1599 1710 et
1616 1656 1658 1711 sio

218 1745 300 1823 serui,
318 1759 400 1814 quem
418 1750 512 1800 tonsor
529 1742 674 1813 hebetem,
693 1745 759 1814 gulo
775 1745 812 1799 sit
823 1744 948 1814 praeuius
964 1742 1089 1798 edieoto⁴
1100 1743 1224 1800 oulteilo:
1242 1743 1271 1798 in
1282 1756 1455 1812 quoeunque
1467 1747 1563 1798 eorum
1574 1744 1658 1812 euius

218 1833 263 1903 sit,
280 1847 345 1888 oum
361 1833 423 1902 lege
440 1831 552 1902 Aquilio
567 1831 663 1886 teneri.
691 1831 822 1887 hoonlus
839 1832 867 1885 in
884 1836 996 1886 tonsore
1012 1845 1074 1886 esse
1091 1831 1213 1900 euipem:
1231 1835 1260 1886 et
1277 1845 1344 1886 sene
1361 1830 1387 1884 ei
1397 1827 1436 1884 ibi
1446 1827 1589 1899 tondebat,
1608 1829 1657 1886 ubi

110 1907 112 1914 '
218 1935 253 1977 ex
271 1919 469 1976 eonsuetudine
487 1917 633 1975 ludebatur
650 1918 695 1973 nol
713 1917 761 1974 ubi
778 1919 909 1974 mensitus
926 1917 1055 1988 frequens
1072 1923 1140 1988 eret,
1157 1923 1201 1974 est
1218 1917 1292 1987 quod
1310 1917 1336 1974 ei
1346 1917 1509 1986 imputetur:
1526 1919 1656 1986 quemub

217 2023 269 2064 nee
285 2009 354 2064 iliud
369 2008 440 2064 mele
465 2007 584 2076 dioutur,
607 2007 631 2061 si
654 2006 682 2060 in
704 2005 766 2062 loeo
788 2006 941 2075 pertouloso
963 2007 1059 2062 uellem
1081 2004 1192 2062 habenti
1214 2005 1319 2060 tonsori
1341 2019 1371 2060 se
1394 2005 1456 2074 quis
1478 2005 1656 2075 eommiserit,
1675 2017 1703 2058 ιι

185 2110 198 2155 1
217 2097 307 2166 ipsum
326 2094 361 2150 de
379 2110 409 2150 se
427 2096 504 2164 queri
522 2093 631 2150 dobere.
668 2092 699 2148 si
716 2095 787 2148 elius
803 2094 906 2162 munit,
930 2094 1001 2148 eiius
1017 2093 1169 2162 interemit,
1193 2093 1217 2148 ie
1240 2093 1289 2161 qui
1310 2093 1413 2161 tenuit,
1437 2093 1517 2162 qussi
1540 2107 1655 2148 musam

185 2197 200 2243 t
217 2184 313 2240 mortis
331 2182 465 2252 praebuit,
478 2182 512 2237 in
528 2180 632 2237 foetum
650 2181 758 2236 notione
769 2185 887 2236 teneen.
914 2179 969 2236 Sed
981 2182 1005 2236 ei
1015 2181 1109 2250 plnres
1120 2195 1230 2236 seruum
1242 2180 1435 2250 pereussorint,
1453 2185 1545 2236 utrum
1557 2195 1656 2236 omnes

217 2270 297 2340 qussi
314 2269 465 2326 oooiderint
480 2274 639 2338 teneantur,
664 2267 817 2324 uideamus.
844 2269 915 2323 etsi
932 2267 1044 2337 quidem
1062 2273 1176 2338 uoueret
1193 2269 1272 2324 ouius
1290 2268 1348 2324 iotu
1365 2268 1487 2338 perierit,
1510 2268 1556 2322 ille
1574 2269 1656 2338 qussi

218 2357 349 2415 oooidorit
366 2362 489 2413 tenetur:
509 2355 585 2426 qnod
603 2357 628 2412 si
646 2370 700 2411 non
717 2360 845 2426 opponet,
863 2369 959 2412 omues
976 2356 1056 2425 quusi
1073 2355 1224 2412 oeoideriut
1240 2356 1327 2412 teneri
1343 2356 1387 2412 lu·
1406 2353 1462 2437 [lut.
1476 2367 1493 2414 t
1508 2368 1547 2424 tl,
1564 2370 1579 2416 ι
1595 2367 1619 2416 n
1636 2370 1654 2416 t

216 2447 305 2502 denne
324 2447 376 2514 sit,
400 2449 430 2500 et
446 2445 470 2500 oi
488 2459 551 2500 eum
570 2458 625 2500 nno
643 2449 755 2514 egetur,
779 2445 864 2499 eeteri
881 2457 937 2500 non
954 2443 1117 2500 liberentur:
1140 2459 1203 2500 nem
1227 2459 1263 2500 ex
1282 2445 1344 2514 lege
1361 2443 1474 2514 Aoniis
1490 2443 1566 2514 qnod
1583 2446 1656 2502 eiius
1674 2454 1702 2496 re

185 2533 364 2606 remutet,
383 2533 465 2588 olium
484 2547 539 2587 non
557 2532 670 2601 releuut,
689 2547 752 2587 eum
770 2533 807 2587 sit
823 2546 922 2602 poeno„
949 2530 1047 2587 Celsus
1063 2530 1167 2601 eeribit,
1185 2530 1446 2590 siuiiusmortiiero
1464 2533 1577 2590 uulnere
1593 2549 1655 2604 per·

116 2625 120 2632 '
218 2621 347 2692 euseerit,
372 2621 441 2676 elius
458 2624 556 2691 postes
573 2620 784 2689 exanimenerit,
801 2621 919 2690 priorem
937 2619 1047 2689 quidem
1066 2635 1121 2676 non
1137 2621 1224 2676 teneri
1242 2621 1322 2690 quasi
1339 2620 1482 2689 oeoiderit,
1505 2620 1557 2676 sed
1574 2623 1657 2691 qued

217 2709 411 2778 uulnerauerit,
429 2708 494 2778 quie
511 2723 546 2762 ex
564 2708 618 2764 elio
635 2707 749 2763 uulnere
766 2709 854 2778 periit,
872 2709 1049 2778 posteriorem
1067 2709 1163 2778 teneri,
1182 2709 1248 2779 quis
1264 2708 1371 2766 oooidit
1399 2708 1473 2778 quod
1484 2713 1514 2764 et
1525 2709 1656 2768 ituroelio

184 2813 201 2859 4
219 2797 329 2853 uidetur
351 2802 381 2853 et
402 2801 447 2852 est
468 2795 644 2866 probabilius.
677 2793 706 2850 st
729 2797 821 2866 plures
844 2795 949 2852 trabem
973 2795 1123 2852 deieoeriot
1142 2801 1172 2852 et
1187 2797 1326 2854 hominem
1343 2797 1540 2868 oppresserint,
1565 2813 1656 2870 seque

184 2901 200 2948 e
217 2885 357 2943 ueteribus
369 2886 462 2954 plooet
473 2899 569 2940 omnes
581 2885 642 2954 lege
654 2883 766 2953 Aquilio
776 2884 872 2938 teneri.
898 2883 968 2938 Item
985 2899 1049 2940 eum
1062 2897 1104 2954 eo,
1123 2886 1171 2954 qui
1182 2900 1279 2942 eonem
1297 2886 1451 2942 irritsuerot
1468 2889 1497 2940 et
1514 2885 1655 2958 effeemst,
1674 2894 1701 2938 ιι

139 2970 143 2976 ’
217 2979 250 3031 ut
266 2975 384 3044 minoen
404 2973 549 3042 morderet,
567 2972 693 3042 quemuis
711 2986 774 3026 eum
791 2985 846 3026 non
864 2972 960 3042 tenuit,
978 2973 1109 3028 Proouius
1126 2973 1268 3043 respondit
1278 2973 1405 3043 Aquilise
1422 2974 1560 3030 sotionem
1577 2990 1654 3032 esse:

218 3061 268 3118 sed
285 3063 406 3117 Iulianus
425 3075 488 3116 eum
507 3060 616 3116 demum
630 3059 742 3130 Aquilio
759 3061 846 3114 teneri
864 3060 910 3130 ait,
929 3061 976 3129 qui
993 3060 1082 3115 tenuit
1099 3066 1129 3116 ot
1145 3061 1237 3116 effeoit
1253 3066 1285 3116 ot
1303 3063 1426 3132 ediquem
1438 3061 1591 3120 morderet:
1609 3079 1654 3120 oe·

184 3165 200 3212 s
218 3155 306 3205 terum
322 3149 349 3204 si
366 3163 421 3204 non
438 3149 539 3218 tenuit,
563 3149 591 3203 in
613 3147 718 3204 foetum
738 3147 884 3216 agendum.
918 3149 1001 3218 Legis
1019 3155 1112 3206 eutem
1130 3148 1257 3220 Aquilino
1274 3151 1348 3206 oetio
1365 3151 1577 3220 erooompetit,
1601 3151 1655 3228 hoo

185 3252 200 3298 ι
218 3243 262 3294 est
280 3237 400 3293 domino.
428 3235 504 3292 siin
522 3251 557 3292 eo
575 3235 692 3306 homine,
710 3250 791 3305 qoem
809 3235 860 3290 uti
877 3235 1060 3294 redhibitores
1075 3251 1173 3308 essem,
1192 3237 1321 3294 domum
1338 3239 1438 3294 iniuria
1454 3237 1550 3294 dotum
1569 3245 1654 3310 eseet,
1672 3246 1701 3289 u

216 3326 339 3382 lulianus
356 3326 396 3380 sit
412 3325 482 3394 legis
500 3324 627 3394 Aquiliae
644 3325 780 3380 sotionem
798 3323 865 3379 mihi
882 3329 1038 3395 competere
1055 3339 1161 3395 meque,
1181 3341 1244 3382 oum
1262 3339 1378 3395 euenere
1397 3325 1408 3396 [Ι
1426 3323 1579 3396 redhibere,
1601 3326 1655 3384 uni
1670 3331 1711 3379 tt

184 3414 414 3476 orestitnturum.
447 3411 503 3468 Sed
527 3413 550 3467 si
574 3427 671 3468 seruus
694 3411 767 3468 bons
790 3411 845 3467 fide
864 3413 948 3468 *diem
969 3414 1084 3482 seruiet,
1109 3415 1188 3468 enei
1206 3411 1480 3482 conpetttqudiee
1497 3413 1592 3470 sotio?
1624 3419 1654 3470 et

183 3502 305 3572 enegio
328 3501 357 3556 in
379 3499 482 3555 foetum
507 3501 579 3555 eotio
597 3501 649 3556 erit
666 3499 766 3555 dendo
794 3501 877 3570 Eum,
901 3501 945 3555 oui
964 3501 1129 3556 uestimento
1146 3501 1320 3557 eommodeto
1336 3505 1412 3570 sunt,
1437 3516 1491 3558 non
1508 3515 1605 3570 posse,
1628 3504 1653 3558 ei

169 3605 198 3650 ιο
216 3591 303 3646 ruisse
320 3587 430 3658 fuerint,
448 3589 510 3658 lege
526 3588 638 3658 Aquilio
654 3603 737 3657 egere
755 3589 876 3644 luliunue
893 3589 940 3658 eit,
959 3589 1009 3644 eed
1027 3588 1136 3644 domino
1154 3604 1216 3644 esm
1234 3593 1397 3658 oompetere.
1424 3588 1470 3644 An
1486 3587 1653 3647 duomsdus

216 3677 260 3732 uel
278 3677 404 3732 osuofius
422 3677 492 3747 legis
503 3676 630 3746 Aquiliae
647 3677 783 3732 ontionem
798 3675 920 3745 heberet,
938 3677 1060 3732 Iuiisnue
1077 3681 1194 3732 treotot:
1210 3682 1239 3732 et
1256 3691 1309 3746 ego
1326 3681 1395 3748 pute
1412 3677 1508 3732 melius
1526 3677 1595 3734 utile
1611 3679 1652 3734 iu·

185 3787 186 3790 ¹
215 3764 316 3820 dieium
334 3778 370 3818 ex
386 3763 439 3819 hoo
456 3779 542 3820 oense
558 3765 688 3820 dandum.
938 3825 940 3830 ,
1670 3773 1699 3814 so

213 3850 397 3922 rurore]
1007 3849 1012 3854 “

216 3971 343 4029 ¹intndit
359 3975 394 4041 (ιι.
408 3973 456 4040 id?
527 3973 702 4029 ’exciderunt
724 3977 820 4029 similia
844 3982 877 4028 s's'r
898 3993 964 4046 quoe
986 3977 1103 4048 leotadus
1126 3975 1187 4030 Inst.
1205 3975 1236 4039 4,
1255 3975 1280 4040 3,
1298 3975 1325 4039 4,
1344 3977 1406 4030 daeo
1436 3994 1494 4030 m:
1516 3975 1540 4030 si
1562 3975 1651 4047 miles,

214 4045 261 4114 qui
279 4045 375 4099 ineolis
393 4044 559 4128 eremitotur
576 4045 604 4130 in
623 4060 727 4114 eampo,
745 4043 794 4100 ubi
812 4045 901 4106 solent
918 4047 1070 4114 exercitari,
1087 4050 1274 4102 transeuntem
1292 4061 1402 4130 seruum
1414 3977 1491 4101 mum
1503 4045 1651 4114 euenere,

212 4115 455 4251 uffeebgnlg‘eggs
467 4115 559 4220 rutelle
588 4120 645 4240 turo:
658 4119 1098 4252 ffirffirdmwmm
1110 4117 1188 4170 uerbo
1200 4115 1250 4171 sed
1262 4117 1343 4172 stelit
1355 4119 1390 4183 (e.
1403 4119 1431 4183 ι’.)
1494 4115 1650 4187 ’habebetJ

212 4307 406 4377 rinmuth,
427 4304 527 4361 infudit
544 4307 626 4361 PVU
637 4308 642 4374 1
658 4307 766 4374 elistere
783 4307 903 4373 F’PLU,
957 4310 992 4364 20
1013 4308 1088 4377 iilud]
1111 4309 1186 4363 illum
1211 4309 1246 4362 F:
1274 4309 1297 4363 ei
1314 4310 1353 4363 ssi
1377 4309 1408 4363 ri
1431 4310 1538 4364 eitum
1562 4312 1651 4368 tetdo

213 4384 334 4432 trustem
343 4379 388 4442 Ρ,
401 4377 443 4430 Διά
505 4377 686 4448 κλγοτΐιροιΒ
731 4377 903 4446 Ghomineml
957 4381 1021 4444 teser
1034 4379 1113 4434 rch
1148 4379 1183 4434 23
1200 4384 1329 4434 tenentur
1341 4380 1372 4444 V,
1385 4381 1484 4434 ine.P⁸
1519 4382 1555 4436 26
1572 4397 1650 4451 prite-

212 4449 392 4504 nominemffl
408 4450 413 4515 Ι
429 4447 620 4503 notione‘m'F‘
637 4451 641 4515 Ι
657 4448 859 4516 aequitemtem
867 4447 905 4502 F’
957 4451 1028 4504 stitit
1045 4451 1085 4504 ite
1102 4449 1184 4504 elium
1202 4463 1257 4505 uon
1274 4448 1372 4506 liberet
1389 4465 1451 4505 eum
1466 4451 1574 4516 W!
1590 4453 1650 4507 uul-

213 4520 229 4573 9
257 4518 347 4587 imni]
373 4535 390 4572 e
415 4519 495 4573 ioeul.
524 4519 602 4573 PLU
661 4519 696 4572 10
719 4533 781 4572 oum
808 4519 854 4573 ulii
876 4519 905 4574 in
957 4535 1024 4574 nero
1048 4521 1073 4572 F
1120 4521 1156 4574 29
1179 4529 1221 4576 est
1237 4520 1405 4590 protsuilius
1423 4523 1456 4584 F,
1500 4521 1651 4578 robobilins

212 4601 310 4657 eampo
328 4589 519 4656 iooulerentur]
597 4589 694 4643 untB:
712 4587 741 4642 'es
761 4588 853 4656 eduum
866 4608 903 4642 τι·
958 4594 1001 4645 eet
1014 4589 1458 4660 Kprobabilius(om.est)12,inc.
1543 4593 1651 4662 Soph-

213 4659 269 4711 ηῶκ
288 4658 435 4712 πιιιὸκτωιι
453 4659 503 4712 BS
516 4662 525 4723 (
557 4660 651 4722 oroth.)
697 4661 728 4714 11
747 4659 820 4728 quial
840 4659 906 4714 iulio
958 4661 996 4716 eit
1008 4659 1045 4712 F¹
1089 4661 1123 4715 31
1142 4660 1279 4716 morderet
1296 4665 1325 4715 et
1343 4661 1433 4716 W
1473 4663 1509 4716 33
1526 4661 1632 4736 heros
1642 4663 1649 4732 Ι

211 4728 250 4782 F¹
271 4729 276 4794 Ι
295 4730 459 4797 tempestiue
482 4730 539 4793 VU,
558 4737 607 4784 ine.
622 4729 663 4782 P·
718 4731 750 4784 17
774 4728 903 4798 habebut]
958 4730 1148 4798 onmpetitFu
1192 4731 1228 4786 35
1245 4731 1361 4800 aqussine
1375 4749 1423 4784 om.
1438 4731 1477 4785 P·
1524 4733 1651 4789 semet

212 4795 327 4851 redebet
344 4799 492 4854 eddo-sete:
511 4799 842 4869 ὁκογρεγὸιιεκοοιοῖλοο
857 4801 916 4864 ΒΙ·
956 4805 1048 4854 turum
1070 4801 1123 4854 PU
1173 4802 1207 4857 37
1232 4801 1284 4856 erit
1305 4802 1376 4856 sete
1399 4801 1477 4866 PV!
1497 4802 1542 4858 eui
1564 4804 1650 4858 uesti-

211 4868 336 4938 preeeisu
347 4868 463 4938 odieotol
477 4870 552 4934 P‘U,
581 4868 904 4940 meeiesdieetoilprse·
956 4869 1336 4938 menm1minssestinents
1353 4871 1389 4924 Ρ
1443 4872 1480 4926 38
1499 4871 1545 4940 en]
1564 4874 1594 4928 in
1611 4874 1649 4928 F¹

211 4939 269 5004 tiss
286 4937 394 5002 deieeto
402 4939 460 5012 JV,
477 4955 560 5016 praee
620 4939 728 5000 abieoto
746 4941 784 5006 L,
802 4945 851 4996 ine.
863 4941 903 4994 Ρ·
955 4941 992 4996 40
1009 4939 1128 4997 dandum
1146 4943 1190 4995 ΡΙ,
