3608 5302
931 173 1075 241 LXXIIH

289 366 350 406 cum
370 351 492 421 magistri
509 351 648 422 responsis
666 351 886 421 interponuntur:
908 351 936 406 in
954 365 988 406 ea
1004 365 1071 406 uero
1089 355 1179 422 parte,
1198 365 1269 422 quac
1286 349 1326 406 sio
1343 363 1398 406 uon
1415 347 1605 420 enarrabatur,
1622 348 1715 406 uersio

289 472 323 514 ca
345 458 381 516 ad
402 472 452 514 nos
469 459 596 528 pemenit
612 457 701 515 forma
717 459 826 530 puriore
845 459 1013 530 praescripto
1031 457 1140 513 nomine
1157 445 1313 513 Dorothei1.
1344 459 1402 512 tam
1420 455 1605 527 Stephaniaua
1622 460 1714 511 autem

288 579 369 635 quam
388 563 564 620 Dorotheaua
580 579 652 634 quae
670 570 787 622 aetatm
806 565 934 635 tulerunt,
952 569 1047 620 extant
1063 565 1134 620 inter
1151 563 1254 620 scholia
1271 563 1458 620 Basdicorum.
1485 563 1625 619 torsiones
1642 562 1715 618 duae

288 671 506 742 compendiarias
532 687 549 726 a
572 672 713 744 Byzantiis
742 670 898 728 tribuuntur
923 671 1010 728 altera
1032 670 1179 743 Anonymo
1201 671 1252 738 (sic
1275 671 1346 726 enim
1370 685 1433 726 eum
1456 669 1597 740 allegant),
1627 669 1715 724 altera

289 776 398 850 Gyrillo.
429 778 476 834 illa
498 779 594 850 puoch
614 778 683 836 locis
705 779 828 850 exceptis
849 793 899 849 pro
922 781 1000 834 textu
1018 782 1061 834 est
1078 778 1255 834 Basilicarum
1273 791 1381 848 eorum,
1407 791 1478 848 quae
1495 775 1641 848 habemus,
1664 776 1715 832 sed

289 885 401 941 mutatis
423 884 613 958 quibusdam¹,
638 887 755 942 marium
773 885 885 942 Graecis
902 885 969 941 iuris
987 883 1128 941 uocabulis
1146 883 1302 940 substitutis
1318 899 1369 954 pro
1387 884 1492 940 Latinis
1512 882 1547 939 ab
1562 883 1715 954 huonymo

288 991 413 1062 retentis,
436 991 546 1049 scholiis
563 997 655 1048 autem
676 1008 747 1063 quac
765 992 866 1048 adiedt
882 991 1045 1063 Anonymus
1062 991 1133 1047 iuter
1150 990 1254 1048 scholia
1270 991 1448 1047 Basilicarum
1466 991 1592 1061 receptis.
1619 991 1715 1063 cyrilli

288 1113 359 1168 quac
377 1103 494 1170 restam,
518 1099 546 1154 in
564 1098 660 1154 iisdem
678 1098 788 1156 scholiis
806 1099 984 1170 reperiuntur.
1010 1113 1045 1154 cx
1062 1097 1105 1154 hia
1122 1098 1203 1168 louge
1221 1097 1324 1168 optima
1342 1102 1406 1153 suut
1422 1097 1610 1169 Dorotheum,
1634 1099 1716 1154 cuius

288 1205 456 1275 digestorum
475 1207 565 1262 uersio
583 1221 637 1262 uon
656 1211 764 1276 aequat,
782 1221 867 1277 prope
885 1209 978 1261 umen
996 1204 1103 1260 accedit
1120 1204 1156 1260 ad
1174 1204 1326 1260 tersionem
1340 1201 1402 1259 rari
1415 1203 1483 1258 risa
1495 1203 1603 1261 codicis
1614 1203 1715 1261 Thale·

287 1313 421 1368 lacunam.
447 1311 633 1384 Stephaniana
649 1312 799 1369 secuudum
817 1313 906 1368 locum
925 1310 1049 1368 obtinent
1067 1326 1117 1367 uec
1129 1311 1283 1382 spernenda
1294 1317 1366 1383 suut,
1384 1312 1466 1368 modo
1478 1311 1562 1382 probe
1573 1311 1716 1368 ducemus

287 1433 358 1489 quae
376 1419 529 1476 mersionem
548 1419 681 1476 Graecam
703 1419 874 1475 constituunt
894 1434 912 1473 a
929 1418 1130 1474 commentariis
1154 1423 1183 1474 ct
1205 1419 1304 1489 glossis
1327 1423 1356 1474 et
1373 1418 1482 1475 casibus
1500 1419 1614 1476 adiectis
1631 1419 1715 1475 inter·

287 1525 410 1582 iectisuc.
436 1524 576 1598 Anonymi
593 1529 622 1580 et
639 1524 732 1598 Gyrilll
749 1525 884 1596 epitomis,
903 1540 1018 1596 quarum
1036 1525 1083 1580 illa
1099 1525 1204 1596 plenior
1222 1538 1286 1582 esse
1301 1526 1378 1596 solet,
1396 1525 1465 1582 haec
1483 1530 1511 1582 et
1528 1540 1617 1581 rerum
1635 1525 1716 1582 intel·

287 1632 407 1702 lugentia
424 1637 453 1688 ct
469 1633 602 1688 sermonis
620 1637 694 1688 tersa
711 1631 845 1688 breuitate
862 1631 977 1702 insignis
995 1637 1046 1702 est,
1064 1633 1224 1703 plerumque
1241 1631 1279 1687 ibi
1292 1638 1399 1688 tautum
1415 1633 1526 1703 utimur,
1544 1631 1592 1688 ubi
1609 1631 1717 1704 plenior

287 1739 378 1795 nereio
395 1736 496 1794 delicit.
523 1739 584 1809 ipsa
600 1737 687 1794 uerba
703 1739 802 1794 Latina
819 1754 837 1794 a
854 1737 967 1794 Graecis
984 1737 1177 1809 interpretibus
1193 1753 1254 1794 raro
1272 1739 1312 1795 ita
1328 1739 1486 1810 afferuntur,
1504 1743 1535 1794 ut
1551 1738 1616 1794 inde
1633 1737 1715 1809 proli·

288 1845 378 1900 cias¹r
399 1845 434 1900 de
454 1846 578 1902 lectionis
596 1845 755 1902 diuemitate
779 1845 974 1916 exemplarium
998 1859 1016 1900 a
1039 1860 1069 1901 se
1092 1844 1299 1902 obseruatomm
1322 1861 1456 1916 nusquam
1479 1845 1565 1902 uerba
1584 1844 1715 1902 sedauit

288 1951 323 2007 dc
341 1952 408 2022 ipsis
425 1951 596 2008 uersionihus
613 1967 749 2023 exponere
767 1967 818 2008 nec
840 1967 931 2008 mcum
949 1956 993 2008 eat
1009 1957 1038 2008 ct
1055 1952 1182 2008 dixerunt
1195 1951 1341 2022 dicentque
1352 1951 1413 2008 alii:
1431 1967 1483 2022 ego
1500 1967 1590 2022 pauca
1606 1955 1715 2008 tautum

288 2057 388 2114 addam
407 2059 442 2114 de
460 2060 575 2130 cadmia,
593 2075 648 2129 qua
665 2073 735 2130 opus
749 2063 793 2114 est
804 2059 840 2114 ad
851 2059 961 2129 digesta
972 2058 1151 2115 emaculauda
1162 2073 1209 2115 eas
1221 2057 1423 2115 adhibentibus.
1449 2059 1605 2114 uersicnum
1618 2057 1714 2114 harum

289 2162 376 2222 lorma
393 2165 540 2222 mmodum
559 2167 636 2222 uaria
653 2170 697 2221 cst
713 2171 742 2222 ct
759 2181 821 2222 oum
839 2181 894 2222 non
911 2180 973 2222 raro
989 2179 1084 2236 presse
1096 2169 1245 2236 sequautur
1255 2165 1362 2236 Latius,
1380 2163 1444 2221 alibi
1460 2164 1542 2236 longe
1559 2164 1623 2220 inde
1641 2179 1714 2221 rece·

289 2271 358 2328 dunt
376 2272 457 2329 modo
475 2272 650 2329 deflectentes
668 2273 703 2328 ad
722 2273 857 2344 epitomae
871 2271 995 2344 sormam,
1015 2271 1143 2328 modoad
1155 2273 1409 2328 commentariorum
1421 2271 1508 2328 instar
1519 2272 1715 2344 exspatiantes,

289 2385 321 2434 ιιι
338 2383 413 2435 recte
430 2380 464 2435 iis
481 2380 523 2435 uti
541 2351 596 2436 uon
613 2380 701 2450 possit
723 2380 774 2435 nisi
798 2379 845 2450 qui
868 2379 1023 2436 uniuersam
1046 2393 1139 2434 carum
1163 2378 1282 2435 indolem
1303 2382 1385 2434 autea
1408 2378 1581 2450 perdidicerit
1603 2379 1715 2450 etquid

289 2487 387 2542 Latina
411 2486 452 2542 sic
473 2487 590 2542 uertenti
612 2487 693 2542 licere
717 2485 881 2542 crediderint
903 2486 1044 2558 Byzantii,
1067 2486 1135 2542 satis
1159 2485 1330 2542 intellexerit.
1356 2484 1429 2556 quod
1452 2498 1617 2556 quamquam
1641 2487 1716 2542 cadit

289 2593 407 2648 maxime
424 2593 451 2648 iu
470 2593 608 2665 Anonymi
626 2598 655 2649 et
672 2591 766 2665 cyrilli
783 2598 812 2648 et
828 2592 960 2664 Stephani
978 2593 1180 2663 commentaria,
1198 2598 1290 2648 tamen
1307 2607 1342 2647 ue
1359 2591 1534 2650 Dorothcaua
1550 2593 1661 2663 quidem
1679 2591 1715 2649 ab

288 2698 474 2755 additionibus
494 2705 523 2756 et
540 2699 732 2756 omissionibus
750 2700 881 2755 immunia
898 2705 1065 2756 manserunt.
1092 2699 1191 2755 deiude
1213 2699 1368 2770 interpretis
1389 2697 1522 2770 officium,
1547 2700 1665 2756 maxime
1685 2701 1715 2756 iu

289 2805 422 2861 eiusmodi
440 2821 522 2878 opere
540 2807 627 2862 multa
644 2807 786 2878 complexo
804 2821 858 2863 non
876 2806 964 2862 solum
982 2805 1104 2862 difficilia
1126 2811 1154 2862 et
1172 2805 1315 2877 ambigua,
1337 2805 1387 2862 scd
1410 2805 1493 2862 ctiam
1517 2805 1715 2863 inextricabilia

289 2916 318 2969 et
338 2913 488 2984 antiquitus
506 2919 642 2985 corrupta,
660 2915 738 2985 quasi
756 2913 874 2984 quadam
893 2913 1056 2970 necessitate
1074 2914 1248 2970 coniunctum
1266 2917 1309 2968 cst
1326 2927 1387 2968 cum
1405 2913 1626 2983 interpolatione:
1651 2930 1714 2970 nam

289 3019 333 3075 cui
351 3019 483 3075 uertenda
501 3024 565 3076 sunt
582 3035 653 3090 quac
671 3019 791 3090 intellegi
809 3025 959 3090 nequeunt,
982 3018 1042 3076 lieri
1064 3037 1118 3076 uon
1140 3023 1245 3091 potest,
1268 3019 1333 3090 quin
1352 3019 1380 3074 ui
1398 3025 1446 3074 aut
1462 3019 1533 3102 olam
1551 3019 1639 3090 magis
1656 3036 1714 3077 rem

289 3126 418 3197 expediat
434 3141 516 3197 quam
535 3127 639 3183 radone
656 3132 685 3183 et
702 3127 823 3184 consilio.
850 3128 932 3184 ctiam
951 3127 1077 3200 Bymautii
1100 3128 1262 3198 interpretes
1280 3139 1444 3196 qumquam
1463 3141 1545 3197 saepe
1563 3127 1638 3198 ipsas
1655 3143 1714 3184 cor·

288 3233 410 3303 ruptelas
433 3237 489 3288 ιιιιιι
514 3238 641 3290 accurate
658 3234 848 3306 reddiderunt,
872 3239 904 3290 ut
926 3233 1041 3290 mendae
1065 3232 1205 3305 archetypi
1224 3233 1326 3304 pariter
1343 3247 1378 3288 ex
1395 3233 1520 3290 uersioue
1537 3237 1714 3305 appareaut⁸,

289 3337 353 3394 alibi
370 3345 498 3410 corrupta
515 3345 564 3398 aut
580 3341 705 3397 omisisse
722 3341 897 3398 inueniuntur
914 3345 963 3396 aut
979 3341 1139 3396 immutasse
1155 3340 1312 3396 coniectura
1323 3339 1482 3410 plerumque
1493 3341 1613 3396 molente
1624 3355 1716 3412 neque

289 3445 325 3502 ad
342 3447 460 3503 traditae
476 3447 600 3504 lectionis
619 3448 754 3504 clementa
771 3449 839 3504 satia
856 3451 959 3519 aptata,
976 3453 1008 3504 ut
1026 3446 1180 3503 emendatio
1198 3447 1267 3503 adeo
1285 3461 1339 3503 non
1354 3461 1414 3502 raro
1432 3446 1612 3518 degeneraret
1627 3449 1656 3504 in
1674 3449 1715 3504 in·

288 3711 348 3746 num
364 3695 420 3762 ipse
438 3695 536 3748 (imeae
553 3695 642 3749 iecerit
658 3714 689 3750 ex
707 3699 802 3751 haduis
824 3717 857 3750 au
874 3699 977 3751 traxerit
999 3715 1030 3751 ex
1053 3699 1168 3751 uersionc
1191 3697 1342 3765 antiquiore,
1366 3699 1433 3766 quod
1455 3699 1535 3766 magis
1557 3698 1715 3762 crediderim,

288 3793 410 3850 quaerent
426 3802 530 3851 quorum
547 3785 660 3839 interest.
1261 3849 1262 3853 ,

343 3875 352 3908 ¹
371 3873 465 3925 Uerum
482 3883 521 3926 est
538 3875 641 3927 huiusce
658 3876 870 3942 interpretationis
888 3876 1022 3943 particulas
1040 3875 1185 3942 plerumque
1203 3875 1228 3926 iu
1246 3876 1346 3928 scholiis
1357 3875 1519 3930 Basilicarum
1537 3876 1588 3944 legi
1605 3877 1714 3930 muteris

288 3961 389 4014 nomine
406 3964 560 4030 praescripto
578 3965 658 4016 nullo:
683 3965 728 4016 sed
746 3965 789 4016 ubi
806 3982 896 4017 nomen
920 3965 1075 4027 enuntiatur,
1097 3973 1254 4030 nuncupatur
1270 3964 1420 4018 Dorotheus.
1446 3966 1505 4018 uide
1522 3965 1714 4018 Hcimbachium

288 4051 306 4103 1.
319 4067 340 4102 c.
359 4069 384 4118 p.
397 4052 440 4102 43.
532 4053 644 4105 ’Etiam
662 4061 764 4120 propter
781 4055 819 4104 ius
837 4054 936 4105 interim
952 4062 1073 4105 mutatum
1091 4052 1214 4119 quadam
1237 4053 1366 4105 immutata
1388 4064 1460 4117 suut,
1483 4064 1512 4106 ut
1533 4072 1578 4121 pro
1601 4054 1714 4121 legitima

288 4149 378 4206 quarta
400 4141 520 4207 portionis
544 4143 576 4193 ab
599 4143 718 4194 intestato
740 4143 838 4194 tertiam
860 4142 914 4194 sere
936 4142 1116 4193 substituerunt
1133 4153 1236 4209 propter
1258 4143 1381 4195 nouellam
1404 4143 1436 4195 18
1455 4143 1713 4211 (ιι.Ι,176,13ιι1.)ε

288 4228 339 4280 alia
356 4229 445 4281 similia
462 4230 521 4281 uide
539 4231 607 4298 apud
624 4231 816 4283 Hcimbachium
834 4231 864 4294 6,
885 4231 943 4282 126.
971 4230 1004 4282 ad
1026 4231 1121 4282 scholia
1139 4231 1343 4298 interpolationes
1362 4249 1407 4285 eae
1426 4233 1466 4283 uir
1484 4250 1601 4300 umquam
1618 4249 1712 4299 perue-

288 4327 380 4370 nerunt
397 4327 423 4370 ct
440 4327 572 4385 praetcrea
589 4320 625 4372 ita
642 4329 802 4387 comparatae
820 4329 885 4384 suut,
903 4331 932 4372 ιιι
949 4319 1065 4372 facillime
1084 4319 1302 4387 deprehendantur
1319 4338 1366 4372 uec
1383 4333 1497 4374 nueeaut.
1567 4321 1579 4356 ⁸
1598 4321 1713 4390 Exempli

288 4423 365 4458 causa
382 4407 411 4458 B.
424 4407 467 4470 22,
483 4408 535 4470 1,8
559 4409 654 4461 ech.2:
678 4407 806 4473 &missotti
831 4408 846 4463 ὅ
868 4420 928 4472 osus
951 4407 983 4463 ιὸ
1002 4407 1081 4479 ῥιιιὸιι
1106 4409 1192 4479 upicp,
1217 4409 1283 4476 quod
1305 4410 1415 4476 pertinet
1437 4411 1470 4462 ad
1488 4410 1520 4462 Ι).
1533 4410 1576 4474 22,
1588 4410 1614 4473 8,
1626 4411 1652 4462 8.
1680 4410 1713 4462 ui.

288 4495 428 4548 Hcimbach
447 4497 472 4558 6,
490 4497 525 4549 29
543 4515 568 4550 ιι.
584 4499 623 4550 14.
651 4516 699 4564 ego
722 4498 783 4550 talia
800 4515 850 4550 uon
869 4499 1002 4563 adnotati,
1026 4499 1075 4550 uisi
1097 4495 1141 4550 ubi
1159 4515 1223 4564 quse
1241 4499 1276 4550 sia
1294 4499 1430 4550 afferuntur
1448 4499 1481 4550 ad
1498 4508 1593 4552 textum
1616 4501 1712 4552 consti-

288 4585 408 4636 tuendum
426 4585 521 4652 aliquid
538 4588 656 4638 momenti
673 4587 767 4638 habere
785 4589 840 4639 uisa
857 4597 923 4640 suut.
1002 4589 1013 4622 ⁴
1031 4587 1112 4638 Aliter
1129 4574 1169 4638 est
1187 4588 1213 4638 in
1232 4587 1331 4640 scholiis
1349 4587 1536 4652 recentioribus,
1554 4589 1597 4640 uhi
1614 4589 1712 4656 aliquo·

288 4675 336 4726 ties
354 4684 468 4727 mouetur
485 4676 517 4726 de
532 4675 673 4727 differemus
685 4676 862 4744 exemplarium
874 4677 943 4744 (uide
956 4677 989 4728 sd
1001 4677 1021 4738 1,
1036 4678 1094 4740 110,
1107 4677 1149 4730 29.
1167 4677 1228 4740 640,
1244 4679 1283 4730 lc.
1301 4677 1334 4740 11,
1346 4677 1406 4740 211,
1418 4677 1461 4730 87.
1479 4679 1540 4742 215,
1552 4678 1577 4731 2.
1596 4679 1657 4742 748,
1672 4676 1713 4731 17.

289 4763 350 4826 806,
362 4765 387 4815 5.
406 4765 467 4828 808,
481 4763 526 4826 10,
550 4765 610 4816 item
627 4765 818 4817 Hcimbachium
835 4765 915 4818 uoib
934 4784 958 4832 p.
974 4766 1043 4834 158).
1070 4766 1222 4833 exemplaria
1240 4775 1322 4818 autem
1342 4767 1377 4818 ihi
1394 4765 1513 4834 intellege
1530 4785 1581 4820 nou
1599 4767 1712 4833 digestu-

289 4870 357 4915 rum,
381 4854 427 4905 sed
449 4863 493 4905 aut
515 4855 625 4922 ipsorum
647 4854 809 4906 Basilicorum
833 4863 877 4906 aut
898 4855 981 4921 potius
998 4855 1140 4924 sessionum
1163 4855 1316 4908 Graecarum
1339 4855 1404 4910 iuter
1426 4873 1454 4910 se
1476 4855 1622 4908 collatarum
1645 4857 1713 4924 (ao.

274 4941 310 4999 Π.
324 4941 436 5009 8005)·
547 4943 559 4978 ⁵
579 4943 643 4998 vide
660 4959 683 4998 e.
696 4959 718 4996 c.
736 4945 757 5010 1,
770 4943 813 5008 64,
826 4943 868 4998 28.
895 4941 928 5008 11,
940 4945 1002 5008 451,
1014 4945 1057 4998 33.
