3712 5370
813 199 898 282 481
1354 204 1442 272 XVII
1466 211 1479 272 1
1502 214 1582 270 e-s

142 363 197 418 litis
215 367 327 418 canent
344 361 398 418 sibi
415 367 517 418 certam
535 362 716 432 quantitatem
735 361 808 418 dari:
825 361 870 416 bic
888 361 1031 418 aclaudio
1043 359 1191 416 Saturnino
1203 365 1328 430 praetore
1340 361 1457 416 maiores
1474 360 1581 419 fructus

142 449 242 506 inierre
264 452 356 506 iussus
379 456 440 508 erat
461 457 490 506 et
513 449 741 506 aduocationibns
763 450 789 504 ei
812 449 884 506 idem
908 448 1073 506 Saturninus
1096 449 1282 506 interdixerat.
1318 449 1465 505 uidebatur
1488 457 1580 508 autem

143 539 209 594 mibi
227 540 376 596 iudicatum
395 539 465 595 solui
482 537 652 598 fideiussisse
670 543 699 594 et
716 539 796 608 qnasi
813 537 970 608 redemptor
987 539 1043 594 litis
1055 539 1179 594 extitisse
1197 544 1226 592 et
1237 539 1307 592 uelle
1319 554 1337 592 a
1348 538 1494 608 Daphnide
1506 555 1581 596 man·

142 225 210 273 usi.
233 224 372 273 CONTRA

143 629 201 683 dati
223 628 325 685 iudicio
347 630 491 698 consequi,
515 625 671 698 quoderat
694 627 899 682 condemnatus.
932 627 982 682 sed
1005 627 1157 682 rectissime
1180 625 1238 680 diui
1260 625 1359 682 fratres
1380 627 1582 696 'rescripserunt

142 717 244 772 nnllam
262 717 399 772 actionem
417 733 480 772 eum
498 722 611 788 propter
628 731 706 772 susm
725 715 901 772 calliditatem
920 715 1029 785 habere,
1047 716 1113 785 quia
1130 714 1257 770 mercede
1275 722 1358 785 pacta
1372 721 1526 770 accesserat
1544 716 1580 772 ad
1598 729 1612 770 e

142 805 224 860 talem
243 805 469 876 redemptionem.
497 805 641 860 Marcellus
664 809 756 860 autem
780 805 821 860 sie
843 805 963 874 loquitur
984 804 1019 860 de
1043 819 1077 860 eo
1095 804 1142 872 qui
1159 803 1277 872 pecunia
1294 809 1408 874 accepta
1425 804 1581 874 spopondit,

143 900 182 962 ut,
200 895 224 948 si
242 894 352 964 quidem
372 894 423 950 boc
442 899 533 970 actum
552 896 608 962 est,
626 897 658 948 ut
676 908 729 948 suo
745 893 865 962 periculo
884 893 1044 963 sponderet,
1063 893 1138 948 nulla
1155 891 1263 946 actione
1282 896 1360 961 agat,
1380 893 1423 948 siu
1441 907 1507 948 uero
1525 908 1581 948 non

143 981 195 1038 boc
213 988 305 1038 actum
317 987 369 1052 est,
388 983 462 1038 utilis
473 982 498 1037 ei
511 982 602 1050 potius
614 982 687 1036 aedo
699 985 852 1051 competat:
869 996 941 1050 quae
958 982 1094 1038 sententia
1106 981 1218 1036 utilitati
1230 995 1320 1034 rerum
1332 984 1517 1036 consentanea
1529 987 1580 1036 est.

106 1069 123 1126 7
195 1071 377 1128 Pnemrauus
399 1070 468 1126 libro
491 1070 573 1126 tertio
596 1084 798 1139 responsorum.
842 1069 975 1130 Solarium
998 1070 1167 1139 procuratori
1191 1069 1371 1124 constituntum
1394 1069 1418 1124 si
1442 1065 1581 1152 [Βῗιῑᾟ
1600 1075 1643 1128 ⁰1²

143 1163 222 1214 extra
244 1159 367 1215 ordinem
391 1160 447 1229 peti
471 1160 606 1228 coeperit,
630 1158 858 1214 considerandum
882 1160 947 1228 erit,
970 1158 1093 1214 laborem
1116 1157 1243 1214 dominus
1267 1153 1441 1212 remunerare
1458 1145 1582 1214 bellue—rit
1601 1171 1629 1210 ro

144 1253 227 1318 atque
244 1245 408 1303 ideofidem
427 1247 550 1302 adhiberi
573 1247 682 1317 placitis
705 1251 831 1318 oporteat
853 1263 889 1302 an
911 1251 1040 1302 euentum
1063 1247 1151 1304 litium
1174 1246 1284 1302 maiorm
1308 1245 1441 1316 pecuniae
1458 1247 1581 1316 praemio

143 1341 239 1392 contra
256 1336 343 1393 bonos
362 1351 451 1392 mores
468 1340 629 1406 procurator
647 1335 801 1390 redemerit.

105 1421 124 1481 8
197 1424 348 1480 Usrrnuus
365 1424 434 1480 libro
452 1424 612 1493 trigessimo
634 1424 722 1494 priruo
746 1424 782 1478 ad
805 1423 934 1480 edictum
971 1421 1000 1479 Si
1024 1425 1227 1492 procuratorem
1250 1420 1353 1476 dedero
1371 1435 1423 1476 uec
1441 1416 1580 1504 [effi
1599 1428 1621 1484 ,ς

143 1513 325 1568 ὶιιΙιιιιιιοιιΙιι
341 1511 408 1568 mibi
426 1527 526 1568 causae
544 1512 649 1582 reddat,
668 1529 724 1582 qua
741 1513 848 1568 actione
866 1511 933 1574 mibi
950 1511 1096 1567 tencatur?
1124 1515 1153 1566 et
1170 1509 1263 1566 Labeo
1281 1513 1361 1579 putat
1378 1497 1580 1574 mandffeuffi

143 1603 230 1656 teneri
252 1617 303 1656 nec
326 1615 387 1656 esse
409 1600 578 1671 probabilem
603 1601 766 1662 sonantium
790 1601 1004 1656 existimantium
1028 1615 1064 1654 ex
1091 1598 1144 1654 hac
1167 1614 1252 1654 causa
1274 1598 1320 1667 agi
1341 1613 1424 1666 posse
1448 1599 1628 1669 depositi21c

110 1701 122 1745 1
144 1689 357 1759 uniuscuiusque
375 1689 446 1744 enim
466 1693 623 1745 contractus
640 1690 747 1746 initium
766 1689 947 1758 spectandum
970 1695 1000 1744 et
1016 1703 1138 1744 musam.
1175 1686 1230 1742 Sed
1249 1691 1278 1741 et
1294 1687 1319 1742 si
1336 1703 1387 1757 per
1404 1688 1581 1744 collusionem

143 1779 326 1848 procuratoris
344 1777 488 1834 absolutus
506 1778 544 1834 sit
561 1777 748 1847 aduersarius,
767 1777 890 1832 mandati
909 1793 971 1834 eum
989 1778 1089 1832 teneri:
1114 1775 1164 1832 sed
1182 1775 1205 1830 si
1224 1776 1357 1832 soluendo
1375 1792 1430 1832 non
1448 1778 1496 1846 sit,
1514 1783 1581 1834 tunc

110 1867 177 1921 ade
196 1867 259 1922 dolo
278 1868 412 1922 actionem
431 1866 566 1921 aduersus
584 1882 674 1936 reum,
697 1867 745 1936 qui
763 1881 813 1935 per
830 1866 1005 1922 collusionem
1018 1864 1167 1920 absolutus
1185 1865 1233 1934 sit,
1257 1863 1376 1920 dandam
1394 1865 1441 1920 ait.
1478 1865 1582 1922 Sedet

110 1955 177 2010 ede
194 1956 242 2011 lite
260 1971 342 2026 quam
361 1954 484 2024 suscepit
502 1955 678 2024 exsequenda
700 1955 822 2012 mandati
844 1971 908 2010 curn
925 1954 1013 2008 teneri
1030 1957 1147 2008 constat.
1184 1951 1215 2008 si
1232 1953 1293 2022 quis
1311 1952 1484 2010 mandauerit
1500 1955 1581 2010 alicui

141 2043 263 2113 gerenda
280 2043 393 2112 negotia
410 2043 483 2112 eins,
506 2043 553 2113 qui
571 2043 631 2112 ipse
652 2043 704 2098 sibi
723 2043 915 2112 mandauerat,
939 2041 1052 2098 habebit
1073 2039 1197 2096 mandati
1220 2041 1368 2111 audonem,
1391 2043 1456 2112 quia
1474 2047 1502 2098 et
1520 2043 1580 2112 ipse
1599 2055 1628 2094 sc

142 2135 251 2187 tenetur
268 2135 389 2198 (tenetur
411 2137 516 2202 autem,
539 2133 605 2202 qnia
625 2137 722 2202 agere¹
742 2133 857 2201 potest):
880 2146 1046 2200 quamquam
1064 2129 1136 2186 enim
1154 2130 1237 2198 uolgo
1255 2129 1360 2184 dicatur
1376 2136 1580 2200 procuratorem

142 2227 205 2276 ante
221 2221 297 2276 litem
317 2226 498 2276 contestatam
516 2219 607 2277 iacere
625 2226 829 2291 procuratorem
847 2234 902 2274 non
919 2233 1010 2290 posse,
1027 2223 1121 2274 umen
1139 2217 1262 2274 mandati
1279 2219 1352 2274 actio
1367 2224 1422 2274 eat:
1440 2218 1478 2273 ad
1495 2233 1579 2288 agen-

109 2308 206 2366 tdum
225 2309 297 2364 enim
316 2309 461 2366 dumtaxat
479 2309 530 2364 boc
547 2307 640 2366 iacere
657 2325 712 2364 non
729 2313 830 2378 potest.
868 2306 898 2363 Si
916 2314 1020 2362 tutores
1039 2306 1231 2362 mandauerint
1253 2307 1390 2363 contutari
1408 2323 1458 2362 suo
1477 2307 1580 2364 manci·
1600 2355 1602 2360 .

140 2398 216 2468 pium
234 2397 381 2453 emendum
399 2399 502 2468 pupilio
520 2403 549 2453 et
566 2399 610 2454 iile
628 2397 810 2466 peremerit,
830 2413 865 2451 an
883 2397 919 2450 sit
937 2395 1059 2450 mandati
1077 2396 1158 2464 actio,
1177 2400 1206 2450 et
1223 2401 1314 2450 utrum
1332 2400 1439 2450 tantum
1458 2395 1580 2452 mandati

142 2501 177 2540 an
195 2501 261 2541 uero
279 2491 308 2540 et
325 2486 448 2542 tutelae?
474 2491 503 2541 et
520 2487 642 2544 Inliaum
661 2485 818 2555 dhdnguit:
842 2483 943 2540 referre
961 2485 1033 2540 enim
1051 2484 1103 2553 ait,
1122 2484 1200 2550 cuius
1217 2485 1327 2552 generis
1344 2499 1454 2540 sernum
1473 2489 1579 2540 tutores
1597 2497 1626 2538 ss

141 2574 187 2629 ani
211 2579 331 2630 tutorum
357 2575 546 2635 mandauerint
568 2579 599 2629 ut
622 2578 734 2629 emeret.
761 2590 824 2630 nam
848 2574 872 2628 si
896 2587 1097 2642 superuacuum
1120 2587 1230 2628 seruum
1253 2573 1299 2626 uel
1323 2573 1405 2628 etiam
1424 2588 1578 2643 onerosum,

141 2661 263 2718 mandati
282 2663 390 2718 actione
408 2667 515 2718 tantum
530 2678 594 2718 eum
606 2663 701 2732 teneri,
715 2661 725 2732 Ι
739 2663 841 2720 tutelae
854 2677 909 2718 non
924 2662 1024 2716 teneri:
1042 2661 1067 2716 si
1085 2675 1152 2716 uero
1171 2661 1357 2716 necessarium
1375 2677 1495 2732 seruum,
1513 2667 1579 2718 tunc
1596 2666 1669 2714 rma

141 2756 171 2806 et
188 2752 291 2806 tutelae
309 2767 378 2806 enm,
391 2752 478 2807 teneri
496 2767 551 2808 non
562 2752 665 2819 ,solnm
684 2750 734 2806 sed
747 2756 776 2806 et
787 2755 906 2806 ceteros:
925 2767 989 2804 nam
1008 2751 1072 2805 etsi
1088 2749 1274 2818 mandassent,
1291 2753 1449 2806 tenerentur
1466 2751 1578 2821 tutelae,

141 2854 190 2894 cur
206 2854 317 2894 seruum
336 2840 438 2910 pupilio
456 2841 641 2895 necessarium
660 2855 715 2894 non
732 2844 974 2908 comparaueruntr
997 2854 1052 2894 non
1069 2842 1135 2894 sunt
1158 2839 1243 2908 igitur
1260 2839 1398 2908 excusati,
1421 2837 1495 2908 quod
1514 2853 1577 2894 con·

140 2929 224 2983 tutori
242 2928 450 2997 mandauerunt,
469 2929 534 2998 quia
551 2943 642 2983 emere
660 2927 822 2983 debuerunt
849 2928 930 2998 plane
948 2926 1089 2982 habebunt
1100 2927 1183 2983 nihilo
1196 2927 1286 2982 minus
1298 2926 1421 2984 mandati
1432 2927 1577 2997 actionem,
1596 2935 1625 2976 ⁸0

141 3017 206 3086 quia
223 3017 354 3072 mandato
373 3032 427 3072 non
445 3023 489 3072 est
506 3015 733 3086 obtemperatum.
760 3021 857 3072 corba
878 3030 988 3086 quoque
1006 3016 1127 3071 lulianus
1150 3017 1190 3070 ait
1210 3019 1330 3070 tutorem
1353 3015 1400 3084 qui
1418 3015 1485 3072 emit
1502 3031 1578 3072 mau-

110 3104 198 3166 edati
216 3105 351 3160 rodonem
369 3104 471 3160 babere
489 3104 624 3160 aduersus
641 3108 798 3162 conbrtores
821 3119 896 3162 suos.
932 3103 962 3161 Si
985 3104 1054 3160 liber
1075 3103 1172 3173 horno,
1195 3119 1258 3160 cum
1279 3103 1353 3158 bona
1374 3101 1429 3158 fide
1452 3104 1576 3174 sarciret,

141 3193 313 3248 mandauerit
330 3193 404 3249 Titio
421 3198 453 3248 ut
470 3193 649 3250 redimeretur
667 3197 695 3249 ct
713 3209 839 3250 nummos
857 3209 892 3249 cx
909 3208 943 3248 eo
961 3193 1068 3263 peculio
1086 3191 1201 3261 dederit,
1220 3191 1294 3261 qnod
1309 3192 1400 3261 ipsum
1418 3192 1504 3263 sequi,
1522 3206 1578 3248 non

141 3297 304 3370 F[P(VU)]

143 3459 152 3492 ¹
170 3471 266 3527 gerere
284 3458 319 3523 (a.
333 3457 384 3525 ti?

142 3617 159 3670 2
177 3615 212 3684 ei]
236 3616 295 3670 eius
318 3615 365 3680 P0,
390 3624 437 3670 iac.
454 3616 487 3670 U‘
540 3617 557 3672 3
579 3615 709 3672 fideiusse
732 3622 760 3671 et
785 3617 832 3681 P⁰,
885 3632 983 3672 uersus
995 3623 1090 3672 *reum
1103 3617 1148 3682 Ρ,
1167 3615 1299 3671 aduersus
1311 3631 1401 3670 rerum
1414 3615 1467 3681 1³⁶,
1481 3615 1577 3682 aduer-

141 3685 323 3741 fideiussisset
339 3685 374 3738 V·
389 3687 394 3753 Ι
410 3687 534 3742 extitisse
553 3688 589 3758 et]
608 3687 763 3752 F⁶P⁸VU⁶‚
786 3703 831 3742 ex·
885 3688 974 3743 sarius
983 3703 1046 3744 eum
1058 3687 1103 3742 U⁰2
1118 3687 1180 3740 rari
1189 3687 1236 3749 τοῨ
1245 3685 1423 3749 ἂποιγθὲκτοο
1437 3687 1578 3754 Eirinon.)

141 3757 244 3814 titisset
262 3755 343 3822 ΡΡ,
366 3757 504 3812 extitisset
526 3764 554 3813 et
578 3759 630 3813 P·:
654 3761 723 3813 iilam
745 3762 832 3813 lectic-
887 3761 920 3813 19
939 3759 1127 3828 exequendam
1140 3759 1191 3823 P·,·
1206 3757 1382 3827 exsequenda
1396 3755 1480 3821 P‘U2,
1500 3773 1577 3812 exse·

141 3847 197 3883 aem
222 3837 308 3900 mepte
334 3829 453 3882 uidemur
480 3837 547 3884 tueri
571 3829 679 3894 Graeci,
707 3849 762 3885 cum
789 3849 832 3884 rc·
885 3831 1022 3898 quendam
1046 3829 1174 3884 mandam
1197 3829 1231 3882 U·
1282 3831 1316 3884 21
1336 3829 1401 3898 quia
1418 3843 1500 3897 agere
1517 3834 1578 3912 pot·

142 3900 258 3970 demptio,
270 3902 324 3954 litis
340 3900 412 3970 apud
424 3919 467 3955 eos
478 3908 630 3956 memoretur
640 3918 691 3954 men
702 3907 833 3972 tamquam
886 3899 938 3968 est]
959 3903 1024 3955 idem
1041 3904 1155 3972 leperurri
1168 3899 1280 3954 Gnaei:
1297 3899 1415 3969 ἐκὲχοιιιι
1433 3899 1478 3969 sip
1491 3907 1533 3952 tra
1546 3899 1578 3954 τὸ

141 3989 228 4034 causo,
247 3977 447 4041 propterquam
466 3971 571 4026 Marius
588 3979 645 4042 apii
662 3990 717 4036 cum
735 3969 831 4042 Daph·

140 4041 212 4104 aide,
236 4041 283 4094 sed
299 4047 428 4112 tamquam
447 4061 539 4104 causa,
564 4061 610 4096 cur
628 4041 660 4095 ab
685 4060 716 4095 ec
734 4049 833 4096 actione

141 4130 155 4164 r
187 4113 270 4165 ellitur
287 4111 432 4166 etcertum
451 4114 519 4184 quod
536 4120 574 4167 eat
592 4111 739 4166 uidebatur
757 4119 833 4166 etiam

141 4131 186 4235 οἳ
187 4183 383 4252 redemptionem
395 4185 537 4254 reseratur:
549 4183 621 4236 λοκεῑ
634 4183 678 4253 sip
690 4181 834 4252 tropacrr'rc

142 4252 189 4307 mic
201 4253 275 4306 iisse
288 4252 367 4316 risoria
380 4249 523 4322 ipsiusne
536 4255 562 4307 B
571 4255 689 4322 (Auem),
703 4253 832 4316 circinos

142 4321 218 4388 terra,
232 4321 295 4378 diti
304 4323 377 4378 torci
387 4365 419 4378 ...
430 4323 468 4378 ὅτι
478 4323 510 4385 oi
519 4325 601 4378 nicar
610 4324 659 4378 ritu
669 4327 743 4378 blarru
753 4325 832 4379 merri·

143 4413 217 4460 sareu
236 4395 274 4449 etc
291 4394 386 4458 ὲιιγτὸιι
405 4395 455 4448 BS
472 4396 582 4465 (Sieplt.)
598 4397 602 4462 Ι
623 4395 769 4465 daphnide]
790 4398 832 4460 Ρ,

142 4465 252 4522 dafnide
265 4467 308 4531 Ρ,
321 4465 468 4534 daphinide
481 4467 527 4530 Ρ,
540 4466 659 4536 dapnide
673 4467 719 4532 Ρ,
738 4466 833 4536 damp-

142 4537 205 4592 nide
222 4537 275 4590 Vll
326 4537 407 4606 bad]
427 4543 455 4592 et
473 4537 510 4591 Ρ
565 4539 580 4592 'l
604 4543 635 4592 ut
653 4537 685 4606 si]
710 4537 768 4592 ussi
786 4537 832 4602 Ρ,

142 4608 165 4662 si
182 4608 215 4660 V⁶
235 4609 240 4675 Ι
259 4607 395 4677 periculos
419 4607 515 4678 spond.
540 4608 567 4660 F
619 4609 636 4664 8
659 4608 773 4662 utilisati
795 4608 831 4660 Ρ

144 4679 177 4733 10
195 4679 255 4747 erit]
273 4679 326 4734 erit
342 4678 366 4733 si
385 4679 498 4742 P⁶VU',
519 4679 571 4734 erit
588 4695 624 4734 an
645 4678 679 4733 ΠΙ
700 4681 705 4745 Ι
725 4677 833 4734 lab‘e'o·

141 4765 198 4804 rem
222 4751 262 4803 Ρ
329 4751 361 4804 11
388 4765 424 4804 an
449 4754 551 4806 euentu
574 4747 630 4815 ΡΙ
657 4755 769 4804 anetum
795 4751 834 4804 F·

144 4822 177 4876 16
204 4819 371 4890 spectandus
397 4821 437 4874 P·
461 4822 466 4888 Ι
490 4821 613 4946 causam}
640 4825 761 4876 carosam
787 4821 833 4884 Ρ,

142 4905 227 4946 causa
247 4891 289 4958 Ui
305 4891 493 4961 collusionem]
511 4887 586 4946 ΡῬ
610 4892 778 4953 ‚collueium
796 4892 834 4944 Ρ

144 4963 176 5018 11
195 4961 387 5018 aduersarius
404 4963 443 5017 Ρ
463 4965 468 5032 Ι
486 4962 518 5032 si]
544 4969 573 5018 et
594 4963 619 5018 si
636 4963 677 5018 P⁶
731 4964 766 5018 18
787 4961 834 5018 ad-

886 3969 954 4041 ’ἑχειιι
974 3991 1002 4026 ce
1020 3971 1114 4040 ἒκοχοκ
1133 3971 1159 4024 Β
1178 3969 1301 4038 (Anum->t
1316 3978 1380 4041 puio
1397 3978 1481 4024 tamma
1489 3973 1579 4040 suisne

886 4043 951 4114 quia
968 4057 1063 4111 gerere
1081 4046 1187 4111 potest,
1210 4061 1267 4095 cam
1291 4049 1335 4113 qut
1352 4043 1428 4096 alters·
1445 4047 1580 4096 committit

886 4121 988 4184 mepciiu
1006 4115 1057 4167 sibi
1073 4121 1207 4168 commem
1230 4131 1281 4166 mon
1303 4119 1417 4166 leuentur
1439 4113 1476 4164 nd
1497 4114 1579 4164 selom

887 4191 1010 4239 actionem
1027 4184 1210 4254 praestandam
1229 4189 1252 4236 et
1269 4195 1365 4252 gerere
1375 4199 1425 4254 pro
1441 4185 1578 4254 ageresit-

887 4257 933 4310 cile
951 4255 1000 4308 Ιιοε
1017 4258 1071 4309 loco
1084 4255 1252 4308 substituatur
1262 4274 1310 4324 per
1319 4260 1503 4324 pemicaticrres
1518 4253 1522 4318 Ι
1539 4252 1578 4306 di·

886 4331 968 4394 gutur
989 4327 1017 4380 F
1064 4327 1099 4379 22
1121 4323 1447 4393 iacereprocuratorem]
1470 4337 1578 4392 procur.

886 4395 938 4452 fac.
957 4395 985 4450 P
1026 4397 1061 4450 23
1080 4395 1251 4449 mandauerit
1267 4395 1307 4450 P·
1357 4396 1392 4450 24
1409 4393 1525 4448 emerit
1541 4391 1579 4448 Ρ

886 4469 921 4522 25
940 4466 1055 4535 tutores]
1067 4471 1187 4536 tutorem
1198 4466 1239 4520 P·
1283 4467 1318 4520 16
1337 4464 1508 4519 mandauerit
1519 4463 1559 4518 P⁰
1572 4472 1577 4525 ι

886 4539 983 4594 emerit
1000 4537 1039 4592 P·
1092 4539 1126 4592 27
1144 4535 1268 4591 mandati
1284 4535 1381 4592 'cuum‘
1399 4535 1508 4590 actione
1525 4534 1558 4588 Ρ
1572 4535 1578 4595 Ι

886 4608 1115 4664 necesscssarinm
1134 4609 1162 4661 P
1201 4608 1237 4661 ‘28
1254 4612 1283 4661 ct
1300 4606 1411 4675 tutelae}
1431 4607 1534 4662 tutelae
1551 4611 1581 4660 et

886 4681 922 4734 Ρ
939 4683 943 4748 Ι
959 4678 1143 4747 mandassent]
1163 4677 1311 4743 FP⁰V'·U·‚
1334 4677 1396 4740 οῩτε
1415 4677 1459 4746 rip
1479 4678 1518 4734 abc
1535 4675 1579 4730 'cu-

886 4752 1031 4806 resta'mcuor
1051 4749 1134 4820 ἓχογει
1154 4749 1311 4820 rapuissem,
1331 4747 1396 4803 saed
1414 4747 1578 4802 eatretinere

888 4823 914 4877 B
933 4821 1054 4888 (Aaou.):
1068 4825 1188 4896 „fortusse
1203 4827 1263 4892 puel
1280 4820 1304 4874 si
1321 4821 1381 4874 cdd.
1400 4820 1459 4889 alii,
1477 4827 1580 4874 minima

888 4911 944 4947 cam
963 4893 1022 4945 dett.
1041 4906 1095 4946 non
1138 4891 1174 4945 29
1192 4889 1249 4959 cur]
1263 4905 1325 4945 cnm
1337 4895 1365 4945 et
1376 4890 1424 4956 ΡΙ
1443 4906 1506 4946 cum
1518 4889 1581 4943 Vll·

887 4964 923 5018 30
941 4961 1081 5019 hebebant
1097 4963 1133 5018 Ρ
1188 4963 1223 5018 32
1241 4962 1266 5018 si
1283 4981 1332 5017 cm
1344 4961 1382 5014 Ρ

1331 5051 1367 5106 31
