3736 5348
163 239 208 287 ιιι·
230 237 420 289 sommus
441 242 608 291 1111111111
833 217 919 300 353
1370 223 1416 291 XI
1438 225 1456 290 7
1479 231 1592 286 14-11

164 375 327 434 inmorantem
347 379 466 435 dandam
485 379 617 437 aduersus
635 381 762 437 heredem
781 383 806 438 ei
824 383 871 453 qni
889 381 1035 453 impendit:
1053 382 1152 437 luorari
1170 382 1243 437 enim
1261 380 1387 436 heredem
1406 380 1528 450 iniquum
1541 385 1592 435 est

165 466 298 522 1111111111
316 468 435 537 pupillus
452 466 534 525 funus
552 469 588 525 ad
606 485 637 525 se
654 472 792 541 pertinens
810 473 869 526 sine
885 471 985 527 tutoris
1002 471 1164 526 austeritate
1182 469 1332 540 mandauit,
1351 469 1469 524 dandam
1487 469 1515 525 in
1530 485 1593 524 eum

164 554 300 610 sotionem
318 555 442 627 arbitror,
461 558 485 613 si
503 563 532 614 et
548 558 627 615 heres
646 561 737 616 extitit
748 561 774 616 ei
786 561 832 631 qui
844 559 985 616 inmoratus
997 563 1040 614 est
1053 557 1064 632 1
1077 559 1262 630 soluendoqne
1274 557 1411 614 hereditas
1423 563 1474 614 est
1498 563 1594 614 oenus
1611 565 1628 612 t.
1639 561 1692 613 111Ι

165 643 190 698 11
206 645 269 714 quis
286 645 416 700 mandatu
433 644 541 702 heredis
559 645 704 720 iunersuit,
722 665 777 706 non
794 665 876 720 posse
890 665 953 704 eum
965 635 1102 704 1111111111
1114 663 1195 718 agere
1207 647 1301 703 Labeo
1313 647 1415 717 seribit,
1434 647 1499 717 quia
1511 645 1594 704 habet

118 741 147 788 le
166 725 287 788 mandati
309 734 451 789 sotionem.
488 733 518 790 Si
540 740 633 793 tamon
656 740 735 808 quasi
757 739 898 808 negotium
922 737 1030 792 heredis
1053 753 1151 808 geraus
1174 735 1323 806 funerauit,
1348 737 1412 792 lieet
1431 741 1521 794 ratem
1539 751 1594 792 non
1613 745 1627 788 1

118 830 147 875 11
166 819 273 891 habeat,
291 825 383 878 umen
400 821 538 879 feneraris
555 839 618 882 eum
636 841 718 897 agere
736 841 817 898 posse
830 825 923 882 Labeo
941 825 1042 882 scribit
1069 827 1159 884 Datur
1176 831 1267 881 autem
1285 824 1354 880 haee
1372 826 1443 881 aetio
1461 825 1594 881 aduersus

165 923 214 964 eos
231 910 268 966 ad
284 925 354 981 quos
371 910 453 969 funus
471 915 596 986 pertinet,
615 921 647 971 ut
663 921 731 985 puta
748 915 881 972 aduersus
898 914 1027 971 heredem
1043 915 1212 972 honorumue
1229 929 1416 986 possessorem
1434 917 1595 986 eeterosquo

165 1013 347 1054 snoeessorss.

111 1087 148 1146 15
218 1087 390 1145 Pourorarus
411 1089 481 1146 libro
503 1092 599 1162 quinto
621 1091 658 1147 ad
680 1091 821 1149 Sabinum.
856 1092 972 1149 Funeris
994 1093 1145 1164 impensem
1168 1097 1198 1149 et
1218 1097 1365 1164 patronus,
1392 1091 1439 1162 qui
1460 1089 1594 1149 bonorum
1613 1087 1650 1142 'S

166 1178 367 1246 possessionem
385 1179 455 1249 petit
472 1185 568 1236 eontra
584 1180 700 1251 tabulas,
723 1186 853 1252 praestat
1615 1191 1643 1233 ¹⁰

112 1266 149 1324 16
219 1263 370 1322 1111111111
392 1267 462 1324 libro
485 1269 634 1325 uioensimo
657 1271 752 1340 quinto
773 1270 810 1326 ad
832 1271 961 1327 edietum.
997 1271 1030 1327 In
1052 1284 1129 1341 eum,
1154 1268 1190 1325 od
1212 1285 1293 1340 quem
1311 1269 1384 1326 dotis
1402 1269 1511 1326 nomine
1529 1269 1595 1341 qnid
1626 1265 1657 1319 Β

167 1357 334 1426 peruenerit,
358 1355 408 1411 dot
429 1363 539 1427 praetor
556 1356 719 1413 funerarism
737 1361 886 1416 sotionem:
910 1359 1104 1431 aequissimum
1122 1359 1194 1413 enim
1212 1360 1302 1414 uisum
1321 1362 1364 1414 est
1381 1357 1519 1415 ueteribus
1537 1375 1595 1414 mu·

166 1443 246 1498 lieres
263 1446 342 1512 quasi
360 1445 395 1500 de
412 1447 581 1516 patrimoniis
598 1449 656 1504 suis
673 1450 713 1504 ita
730 1449 765 1504 de
783 1449 894 1504 dotibus
911 1447 1030 1504 funerari
1047 1451 1076 1502 et
1093 1463 1170 1517 eum,
1194 1447 1241 1517 qui
1259 1453 1346 1503 morte
1365 1447 1486 1503 mulieris
1504 1447 1596 1503 dotem

166 1531 295 1604 lueretur,
313 1535 341 1589 in
359 1533 442 1591 funus
460 1534 582 1591 eonierre
600 1535 710 1608 debere,
728 1539 787 1593 siue
804 1543 883 1609 pater
900 1538 1020 1594 mulieris
1038 1541 1082 1592 est
1099 1537 1158 1592 siue
1177 1537 1299 1592 maritus.
1616 1546 1645 1586 ¹⁴

111 1621 150 1680 11
219 1623 401 1679 Ρ111111111111
422 1623 491 1680 libro
511 1626 592 1681 tertio
610 1641 810 1696 responsorum.
846 1623 943 1682 Sed
920 1643 944 1682 sr
961 1625 1082 1682 nondum
1099 1629 1179 1696 pater
1195 1625 1288 1681 dotem
1306 1625 1439 1696 recipera-
1458 1621 1657 1712 [11.;11,11·Ρ

167 1711 246 1780 uerit,
265 1713 307 1766 nir
323 1713 398 1768 solus
416 1714 593 1769 eonusnietor
610 1721 784 1786 reputaturus
802 1717 881 1786 patri,
900 1715 974 1788 quod
992 1729 1025 1771 eo
1043 1715 1152 1772 nomine
1169 1714 1350 1786 praestiterit:

113 1797 150 1858 18
220 1799 447 1858 11111111111111
465 1803 572 1860 deoimo
590 1803 767 1874 digestorum.
795 1803 1129 1875 impensaenimi'oneris
1147 1819 1195 1859 ass
1213 1803 1329 1859 alienum
1347 1803 1419 1860 dotis
1438 1807 1494 1859 est:
1617 1799 1653 1854 'S

113 1889 151 1947 19
221 1887 926 1962 111111111111111111111111111111181111111.
962 1893 1079 1964 ideoque
1103 1894 1186 1949 etiam
1208 1891 1260 1949 dos
1278 1893 1379 1949 sentiro
1396 1891 1449 1948 hoe
1467 1907 1515 1949 aes
1533 1893 1597 1948 alie·
1618 1889 1653 1942 'S

168 1992 233 2033 num
251 1978 342 2034 debet.
1618 1992 1646 2033 ro

112 2065 153 2125 10
221 2067 298 2122 lons
320 2067 389 2124 libro
412 2069 561 2126 uicensimo
585 2071 681 2141 quinto
699 2071 735 2126 ad
752 2071 881 2127 edietum.
917 2071 1045 2127 Neratius
1063 2071 1182 2142 quaerit,
1206 2071 1230 2126 si
1247 2069 1285 2140 is,
1309 2069 1356 2140 qui
1374 2069 1466 2126 dotem
1485 2069 1599 2126 dederat
1629 2066 1656 2120 lt

168 2171 219 2226 pro
235 2158 356 2228 muliere,
375 2159 521 2229 stipulatus
539 2163 597 2215 est¹
616 2161 685 2216 duas
697 2167 790 2232 partes
802 2161 875 2216 dotis
886 2159 972 2231 reddi,
990 2159 1098 2216 tertiam
1110 2159 1184 2230 apud
1195 2159 1322 2215 moritum
1334 2173 1482 2230 remanere,
1500 2163 1598 2230 paetus
1643 2211 1647 2224 ,
1718 2193 1720 2204 ι

169 2245 217 2314 sit,
241 2247 360 2316 nequid
378 2249 492 2305 maritus
510 2249 636 2305 ieiunus
654 2249 801 2320 conferret,
820 2266 856 2305 an
874 2247 1011 2304 timereris
1028 2249 1142 2304 maritus
1159 2253 1294 2304 teneatur.
1331 2253 1360 2303 et
1377 2249 1428 2317 uit,
1447 2247 1471 2303 si
1488 2247 1598 2318 quidem

168 2333 228 2404 ipse
246 2336 391 2406 stipulator
407 2339 548 2394 mulierem
566 2338 710 2409 1111111111,
728 2341 818 2394 ioeum
837 2353 899 2394 esse
917 2341 998 2412 paeto
1017 2342 1046 2394 et
1056 2338 1179 2393 inutilem
1193 2338 1218 2393 ei
1230 2335 1394 2392 temerariam
1407 2335 1478 2394 t'ore:
1497 2339 1520 2393 si
1532 2353 1599 2394 uero

170 2423 239 2478 eiius
261 2422 412 2496 innerauit,
436 2441 518 2496 posse
539 2444 602 2483 eum
619 2429 746 2482 meritum
765 2429 924 2498 eonuenirs,
948 2429 1014 2498 qnia
1030 2433 1113 2499 poeto
1130 2427 1183 2483 hoe
1199 2425 1338 2497 pubiicum
1356 2425 1399 2480 ius
1416 2423 1527 2496 infringi
1545 2442 1600 2483 non

169 2513 265 2582 possit
292 2514 358 2584 quid
375 2519 469 2570 tamen
486 2516 511 2570 si
528 2517 588 2586 quis
606 2517 698 2572 dotem
716 2516 768 2571 hae
785 2517 847 2586 legs
865 2516 971 2572 dederit
989 2531 1038 2587 pro
1057 2517 1177 2587 muliere,
1195 2521 1227 2571 ut
1244 2514 1388 2585 adipsum
1405 2513 1515 2586 rediret,
1534 2517 1601 2572 siin
1619 2499 1648 2562 ¹¹⁵

169 2601 341 2659 matrimonio
359 2607 467 2660 mortua
484 2609 565 2675 esset,
584 2610 633 2659 aut
650 2619 759 2676 quoquo
777 2605 859 2660 modo
877 2607 967 2661 eoluto
986 2603 1179 2661 matrimonio?
1205 2603 1338 2674 numquid
1356 2603 1400 2658 hio
1412 2605 1440 2660 in
1452 2603 1534 2661 1111111
1546 2621 1601 2662 non

138 2703 151 2747 1
170 2690 312 2747 senserat?
343 2693 392 2748 sed
415 2709 476 2748 oum
500 2693 551 2750 dos
571 2697 659 2748 morte
677 2694 797 2750 mulieris
815 2693 852 2749 ad
869 2709 931 2749 eum
949 2693 1118 2764 peruenerit,
1141 2697 1233 2764 potest
1250 2693 1304 2749 diei
1322 2691 1444 2749 oonierre
1463 2709 1534 2750 eum.
1572 2693 1602 2751 Si

170 2781 284 2835 maritus
301 2781 422 2836 lueretur
439 2783 540 2853 dotem,
559 2783 737 2838 eonuenietur
753 2781 898 2854 funeraria,
916 2789 996 2854 pater
1014 2787 1105 2838 autem
1124 2797 1187 2838 non.
1215 2783 1265 2838 sod
1281 2783 1311 2838 in
1327 2781 1400 2838 huno
1418 2797 1512 2838 tasum
1524 2788 1601 2854 puto,

170 2869 194 2924 si
211 2869 271 2940 dos,
290 2871 354 2940 quia
370 2870 529 2940 permodioa
545 2870 605 2942 fuit,
624 2873 653 2927 in
671 2871 753 2928 sunus
771 2883 827 2929 non
845 2871 954 2943 suffieit,
973 2873 1001 2928 in
1016 2869 1183 2944 superfluum
1196 2872 1340 2942 inpetrem
1353 2869 1454 2927 debere
1466 2873 1602 2929 sotionem

138 2956 238 3014 aduri.
275 2958 344 3014 Cum
367 2963 455 3015 mater
471 2959 588 3017 familias
606 2961 715 3017 deeedit
732 2977 784 3018 neo
800 2967 845 3018 est
862 2963 921 3019 eius
938 2961 1071 3019 soluendo
1089 2959 1241 3032 hereditas,
1265 2957 1464 3024 funerarisam
1483 2977 1519 3017 ex
1536 2961 1603 3018 dote
1621 2963 1650 3006 ⁸⁰

170 3051 277 3102 tantum
295 3053 411 3118 oportet
439 3051 524 3105 etita
542 3050 637 3106 Celsus
655 3051 758 3107 scribit

115 3137 151 3195 21
224 3137 343 3194 Peneus
366 3137 435 3193 libro
456 3139 607 3195 uieensimo
631 3141 747 3210 septimo
770 3139 807 3196 ad
824 3139 952 3196 edietum.
977 3141 1021 3206 ,In
1038 3143 1158 3210 petrem,
1182 3137 1260 3194 ouius
1277 3137 1305 3193 in
1322 3141 1462 3208 potestate
1479 3137 1562 3195 inerit
1579 3139 1603 3195 is
1633 3127 1662 3182 Ε

171 3225 249 3280 onius
267 3224 349 3282 ianus
367 3225 470 3282 iaetum
489 3229 548 3298 erit,
567 3230 698 3298 oompetit
715 3228 853 3286 feneraris
870 3229 941 3286 aetio
958 3244 1008 3299 pro
1027 3227 1161 3299 dignitate
1179 3233 1208 3283 et
1225 3225 1411 3283 iooultatibus.

115 3315 153 3373 11
224 3313 374 3372 Uenerios
391 3315 460 3372 libro
478 3317 628 3374 uieemeimo
646 3318 740 3388 quinto
759 3317 795 3374 ad
813 3317 941 3374 edietum.
978 3317 1075 3373 (1111111
1093 3315 1201 3372 scribit:
1225 3317 1353 3386 quotiens
1371 3315 1468 3372 mulier
1485 3313 1602 3388 desedit,
1633 3307 1660 3362 Ε

171 3417 206 3458 er
224 3403 297 3475 dote,
315 3419 386 3476 qnae
403 3421 488 3476 penes
506 3407 595 3462 uirum
613 3413 743 3478 remanet,
762 3413 791 3462 et
808 3409 905 3463 oeteris
923 3407 1044 3462 mulieris
1063 3405 1141 3462 bonis
1158 3421 1209 3476 pro
1226 3405 1351 3476 perdono
1369 3403 1522 3460 funerando
1533 3409 1584 3460 est
1622 3411 1651 3452 ³⁶

115 3492 154 3552 23
223 3492 343 3549 Peneos
360 3494 428 3550 iibro
446 3495 596 3552 nieensimo
614 3495 730 3567 septimo
749 3495 785 3551 ad
803 3495 930 3552 edietum.
961 3495 1053 3552 Ueiuti
1071 3495 1095 3551 si
1112 3489 1141 3550 in
1159 3493 1251 3550 dotem
1270 3501 1379 3550 eentum
1398 3495 1462 3565 sint,
1480 3494 1509 3549 in
1526 3491 1603 3550 here·
1633 3485 1661 3540 Ε

171 3577 257 3635 ditate
276 3581 401 3653 desento,
423 3583 492 3640 dnae
509 3589 603 3656 partes
621 3584 709 3655 heres,
728 3601 811 3640 unam
828 3585 872 3640 uir
889 3583 1017 3642 conferet

115 3669 154 3728 24
225 3668 375 3726 1111111111
391 3671 461 3728 iibro
477 3673 628 3730 uieensimo
646 3675 742 3744 quinto
760 3673 795 3729 ad
814 3673 941 3730 edietum.
968 3673 1090 3730 lolianus
1108 3671 1216 3728 seribit:
1235 3688 1290 3728 non
1308 3671 1434 3728 dedootis
1451 3671 1550 3742 legetis
1633 3661 1662 3716 Ε

115 3759 153 3818 25
224 3757 343 3814 Pennus
359 3759 428 3816 libro
445 3761 596 3819 uioensimo
614 3764 729 3835 septimo
748 3763 784 3818 ad
802 3761 930 3818 edietum.
958 3777 1009 3818 nee
1026 3762 1120 3834 pretiis
1138 3760 1367 3817 manumissorum
1633 3749 1661 3804 Ε

115 3849 153 3908 26
223 3846 395 3904 Pomorum
413 3847 482 3906 libro
500 3851 596 3921 quinto
614 3853 720 3908 decimo
739 3851 774 3906 ad
793 3850 933 3907 Sabinum.
960 3867 1012 3906 nee
1030 3867 1093 3908 aere
1111 3852 1200 3906 alieno
1218 3849 1338 3905 dodueto
1623 3839 1659 3894 '³

115 3938 154 3997 2⁷
224 3935 375 3994 1111111111
396 3937 465 3995 libro
488 3941 638 3997 uicensimo
662 3941 757 4012 quinto
781 3940 817 3995 od
840 3939 968 3996 edietum.
1004 3941 1044 3994 111
1066 3953 1117 4010 pro
1140 3945 1201 3995 rata
1225 3943 1254 3994 et
1275 3939 1402 3994 maritum
1426 3940 1455 3992 et
1476 3935 1603 3990 heredem
1634 3928 1662 3982 Ε

38 4043 44 4056 ·
139 4039 152 4085 1
172 4023 294 4081 eonferre
312 4026 339 4082 in
357 4025 440 4083 funus
458 4034 573 4098 oportet
608 4029 722 4086 Meritus
745 4015 884 4086 funeraria
906 4045 961 4085 non
985 4028 1174 4098 eonuenietur,
1198 4029 1222 4083 si
1246 4027 1353 4083 mulieri
1377 4027 1406 4082 in
1430 4024 1604 4080 matrimonio
1623 4033 1652 4090 11

172 4113 265 4169 dotem
282 4116 408 4186 soluerit,
432 4123 464 4172 ut
480 4119 623 4174 disroeiins
646 4119 752 4174 seribit:
776 4133 846 4189 quae
871 4118 1007 4174 sententia
1028 4131 1095 4172 uera
1117 4121 1172 4172 est:
1196 4117 1224 4171 in
1246 4117 1289 4171 his
1311 4121 1403 4171 tamen
1427 4113 1552 4182 ossibus,
1576 4113 1604 4168 in

139 4218 154 4264 1
171 4202 271 4272 quibus
282 4203 335 4260 hoo
346 4205 372 4260 11
384 4203 474 4262 faeere
485 4207 593 4276 legibus
603 4209 765 4278 permissum
782 4213 834 4263 est
860 4207 1006 4262 Proetum
1023 4207 1149 4260 maritum
1166 4211 1234 4275 puto
1252 4203 1390 4259 feneraris
1405 4204 1435 4260 in
1452 4203 1481 4258 id
1493 4203 1604 4258 demum

171 4293 258 4347 tenori
275 4292 350 4363 quod
366 4291 457 4349 faeere
474 4300 579 4366 potest:
597 4295 627 4351 id
644 4297 716 4352 enim
734 4296 833 4352 iuersri
850 4296 960 4351 uidetur
977 4293 1051 4364 quod
1068 4297 1222 4365 praestaret
1239 4293 1345 4350 mulieri
1362 4294 1386 4350 si
1403 4292 1604 4350 oonueniretur.
1623 4301 1652 4344 so

170 4397 332 4472 maro]

172 4557 182 4594 ¹
201 4562 245 4614 est
262 4559 310 4614 det

170 4716 352 4772 demandato
370 4719 414 4779 ΓΙ,
437 4717 567 4774 mandato
590 4717 707 4772 F’PLU
756 4719 859 4774 stre
912 4719 950 4775 sit
966 4723 995 4774 et
1012 4719 1044 4784 P,
1062 4717 1147 4772 sstL
1200 4713 1424 4774 1411111111
1478 4715 1511 4771 27
1531 4731 1603 4772 eom·

172 4789 860 4931 pomulapfflomgffl
911 4789 1042 4926 teti.
1046 4791 1051 4860 ¹
1066 4787 1610 4930 ir¹tr¹¹¹¹t⁰tiini⁰ptt0ti¹¹t

171 4875 307 4984 11111111
322 4935 327 4999 Ι
342 4931 449 4986 dederit
460 4933 537 4988 ΡΜ]
578 4931 790 5003 1111111111
803 4933 860 5002 F'!
912 4933 950 4989 45
967 4933 1177 4988 sonuenrretur
1193 4931 1239 4998 Ρ,
1258 4877 1514 4988 eonueoereturP·

46 5059 48 5062 .
170 5001 278 5074 peetus]
302 5000 392 5058 iaetus
414 5003 461 5070 Εἰ,
483 5009 582 5075 paetus
605 5005 645 5060 tis
668 5004 709 5059 P·
762 5005 797 5060 22
814 5003 859 5074 sit]

1357 5091 1393 5148 23
