3600 5354
573 227 630 307 67
862 183 868 190 ι
1010 309 1011 313 ¹
1087 235 1184 304 1114
1206 243 1317 298 ru—sc

35 383 145 440 aciscm
163 389 318 456 nepetam.
346 385 375 443 Si
393 387 455 456 quis
472 389 636 460 paciscatur,
654 381 689 445 'ue
708 406 725 444 a
742 403 774 444 sc
791 394 909 460 potatum
927 391 978 470 sed
995 395 1026 446 ut
1037 391 1073 447 ab
1084 367 1186 448 iiuada
1197 395 1316 462 petetur,

35 473 112 543 eptio
130 488 188 529 nou
204 473 334 544 proderit
371 473 401 530 si
417 481 515 545 pactus
532 477 599 548 einr,
617 492 652 534 ne
670 494 688 532 a
705 491 749 533 me
767 492 838 534 neue
856 494 874 533 u
891 479 964 536 Titio
982 484 1104 550 petatur,
1122 495 1177 536 uou
1194 480 1318 550 proderit

35 562 94 618 smsi
118 561 201 618 beros
223 563 357 634 extiterit,
381 565 446 634 quic
468 580 504 620 ex
527 571 591 636 post
608 563 681 622 iacto
698 565 727 620 id
743 564 899 624 confirmari
916 581 971 624 non
988 573 1088 638 potest
1125 567 1178 624 boc
1194 569 1316 638 lulianus

35 656 119 720 patre,
138 652 186 720 qui
203 655 301 722 pactus
319 657 386 722 erat,
405 667 440 708 ue
458 669 476 708 a
493 669 524 710 se
542 669 612 710 uene
631 671 649 710 a
666 654 722 710 iilia
738 661 890 726 peteretur,
908 672 971 712 cum
989 655 1045 718 filia
1061 656 1133 728 patri
1150 656 1230 713 bores
1247 657 1316 714 exti-

35 743 105 794 cuim
125 745 290 795 conuentum
309 755 371 795 curn
390 740 533 798 uenditore
550 741 653 798 iactum
671 745 694 798 si
713 744 814 800 iurem
828 745 1017 815 constituatur,
1035 744 1186 800 secuudum
1198 745 1315 815 plurium
1334 761 1348 802 o

35 847 40 882 ι
63 833 93 884 et
116 829 233 899 emptori
254 829 381 900 prodest,
405 835 435 886 et
454 829 507 886 boc
523 831 582 886 iure
600 847 651 888 uos
675 833 716 888 uti
733 834 900 904 Pomponius
922 832 1030 889 scribit:
1052 832 1204 890 secundum
1222 831 1316 888 Sabini

35 917 154 973 ¹tentiam
172 918 255 974 etiam
273 919 297 973 si
315 919 343 973 in
361 933 506 988 personam
519 925 681 990 conceptum
693 927 745 991 est,
763 927 792 976 et
803 923 832 976 in
843 927 994 992 emptorem
1006 922 1093 978 ualet:
1111 922 1159 991 qui
1170 921 1223 978 hoc
1234 924 1315 977 csse¹

35 1006 103 1060 etsi
120 1021 171 1076 per
188 1005 362 1062 donatiouem
380 1007 519 1064 successio
537 1005 611 1064 facts
622 1009 667 1064 sit
696 1009 765 1066 (ium
777 1025 920 1080 possessor
931 1010 1036 1066 alienae
1048 1009 1207 1066 hereditatis
1218 1015 1316 1080 pactus

35 1093 64 1162 ii,
89 1095 113 1149 si
130 1095 254 1164 euicerit‚
272 1111 362 1166 usquc
380 1110 479 1154 nocere
497 1111 586 1167 neque
603 1097 736 1170 prodesse
753 1099 876 1170 plerique
894 1103 1000 1169 putsut
1037 1098 1122 1154 Filius
1140 1112 1273 1154 seruusue
1292 1098 1316 1153 si

35 1199 58 1251 r,
77 1197 112 1238 ue
129 1198 148 1237 s
164 1187 242 1253 patre
260 1183 406 1242 dominone
424 1189 542 1255 petatur,
1336 1193 1364 1234 1⁰

41 1270 111 1327 iibro
128 1273 215 1342 primo
234 1272 270 1327 sd
287 1273 407 1328 edictum
423 1274 599 1344 prouinciale.
627 1275 686 1330 siue
699 1275 734 1330 de
746 1291 780 1332 co
791 1275 973 1346 paciscantur,
992 1274 1140 1345 quodcum
1160 1270 1316 1359 Q
1335 1277 1361 1330 E

48 1359 84 1414 de
102 1373 145 1429 eo,
164 1360 238 1430 quod
256 1375 318 1416 cum
336 1367 415 1431 patre
432 1361 579 1418 domiuouc
598 1367 768 1418 contractum
786 1367 837 1432 est,

35 1447 135 1503 slibrc
152 1449 233 1504 tertio
251 1449 286 1504 ad
304 1449 433 1506 edictum.
461 1450 606 1520 adquirant
622 1451 820 1522 exceptionem.
847 1451 920 1506 idem
938 1455 982 1506 est
999 1455 1028 1506 et
1044 1450 1074 1506 in
1087 1449 1138 1520 bis,
1157 1446 1315 1534 [Q
1334 1453 1362 1507 Ε

35 1535 87 1591 tide
105 1537 237 1592 seruium.
263 1538 329 1592 item
342 1538 366 1592 si
383 1536 455 1594 fitius
472 1537 589 1594 familias
606 1544 705 1610 pactus
722 1537 806 1596 fuerit
822 1553 857 1594 ne
875 1554 893 1594 a
910 1553 941 1594 se
958 1543 1076 1608 petatur,
1094 1537 1217 1609 proderit
1233 1540 1268 1610 ei,
1287 1545 1316 1596 et

35 1639 83 1694 pre,
102 1625 125 1679 si
143 1623 178 1680 de
195 1625 303 1695 peculio
321 1627 498 1682 conueniatur
1335 1636 1362 1677 1⁶

41 1712 111 1769 libro
128 1713 216 1782 primo
234 1713 270 1768 ud
288 1714 407 1772 edictum
425 1715 600 1784 prouincialc.
628 1717 672 1772 nel
690 1716 725 1772 de
743 1717 772 1772 iu
789 1731 847 1774 rem
860 1731 950 1786 uerso,
968 1716 1013 1772 uel
1026 1715 1049 1771 si
1061 1714 1140 1785 qussi
1159 1709 1314 1799 [Q
1332 1718 1359 1771 E

35 1801 78 1872 iiii,
97 1803 120 1857 si
138 1802 191 1858 boc
209 1803 343 1872 maluerit,
362 1803 549 1874 conueniatur,

35 1889 137 1946 slibro
153 1891 235 1947 tertio
253 1891 290 1946 ad
307 1891 435 1946 edictum.
463 1897 492 1946 et
504 1891 597 1948 heredi
609 1893 694 1962 patris
705 1893 770 1949 nino
781 1891 851 1950 titio:
870 1897 1060 1964 postmortem
1073 1905 1139 1948 uero
1158 1887 1315 1978 [Q
1334 1894 1361 1948 E

35 1980 84 2034 stri
102 1995 154 2036 uec
171 1979 265 2036 heredi
277 1980 344 2049 eius,
363 1980 428 2049 qnia
438 1981 582 2050 personale
594 1985 706 2050 pacuius
718 1987 768 2036 est
797 1981 875 2048 Quod
887 1982 911 2036 si
923 1997 1029 2051 seruus,
1047 1995 1082 2036 ne
1095 1995 1112 2036 a
1125 1993 1155 2036 se
1167 1985 1314 2054 peteretur,

35 2069 84 2137 crit,
102 2068 168 2124 nihil
186 2067 290 2124 uniebit
306 2073 430 2138 pactum:
449 2067 484 2125 de
503 2069 558 2126 doli
576 2069 737 2140 exceptione
754 2069 906 2126 uideamus.
934 2073 963 2126 et
981 2069 1051 2124 siin
1074 2083 1132 2123 reru
1149 2070 1313 2141 paciscatur,
1334 2078 1363 2118 ²⁰

35 2157 124 2212 omino
143 2157 153 2226 Ι
173 2156 313 2212 etheredi
330 2157 390 2212 eius
407 2158 482 2228 pacti
500 2158 628 2232 couneuti
645 2159 785 2228 exceptio:
803 2158 877 2229 quod
889 2159 913 2214 si
925 2159 954 2214 iu
965 2172 1111 2228 personam
1124 2163 1236 2227 pactum
1250 2173 1314 2214 con·
1334 2162 1349 2209 t.
1360 2158 1401 2209 ’.θ’

35 2250 65 2314 rt,
88 2250 154 2300 tuuc
172 2243 283 2300 domiso
301 2246 357 2301 dcii
374 2250 502 2316 superest
518 2247 653 2316 exceptio.
689 2247 747 2303 Nos
764 2252 857 2303 cutem
875 2246 930 2316 his,
954 2246 1000 2316 qui
1018 2247 1046 2301 in
1064 2250 1159 2302 nostra
1175 2250 1314 2316 potestate
1396 2317 1399 2324 Ι

35 2333 137 2388 scendo
154 2333 286 2403 prodesse
303 2350 357 2390 ncn
374 2349 534 2404 possumus:
554 2335 604 2390 sed
621 2334 701 2390 nobis
718 2335 747 2390 id
764 2333 951 2406 profuturum,
969 2335 993 2390 si
1011 2335 1120 2390 nomine
1138 2349 1232 2390 eorum
1251 2349 1314 2391 ccu-

50 2422 182 2476 Proculus
200 2422 251 2476 ait:
275 2422 349 2492 quod
366 2424 405 2478 ita
422 2428 495 2478 recte
513 2423 626 2493 dicitnr,
645 2424 714 2478 siin
732 2423 897 2494 paciscendo
915 2423 944 2478 id
962 2428 1053 2479 sctum
1072 2422 1117 2478 sit
1150 2427 1271 2478 ceterum
1290 2422 1315 2478 si

37 2527 73 2566 ue
96 2527 114 2565 s
131 2511 205 2566 Titio
227 2515 319 2580 petas,
342 2511 441 2566 deinde
459 2511 595 2568 actionem
614 2511 747 2568 aduersus
765 2527 810 2567 uie
827 2512 937 2567 nomine
955 2512 1014 2566 cius
1032 2510 1173 2581 instituas,
1198 2525 1253 2566 non
1271 2515 1315 2566 est
1335 2521 1364 2561 rs

35 2600 59 2654 ti
77 2599 205 2655 conuecti
223 2597 362 2669 exceptio*¹
381 2616 445 2654 uam
463 2599 537 2669 quod
554 2600 608 2669 ipsi
625 2600 719 2656 inutile
737 2605 788 2671 est,
807 2614 858 2656 uec
877 2597 1013 2655 defensori
1025 2599 1164 2669 competit
1192 2599 1314 2654 Iulianus

35 2687 123 2757 tibio,
141 2688 165 2742 si
182 2692 262 2757 peter
279 2692 377 2758 pactum
395 2688 432 2742 sit
448 2703 484 2743 ne
502 2703 520 2742 a
537 2703 567 2743 se
586 2704 656 2744 neue
669 2705 686 2744 a
697 2687 753 2745 filio
764 2693 883 2759 petatur,
901 2688 991 2758 msgis
1003 2692 1090 2743 estut
1100 2687 1175 2758 pacti
1187 2686 1313 2757 exceptio

35 2792 67 2831 as
84 2775 176 2832 dauds
193 2791 248 2832 uon
266 2777 311 2846 sit,
329 2775 379 2831 sed
396 2775 452 2832 doli
470 2776 565 2846 prosit.
592 2777 663 2832 Filia
679 2775 796 2834 ismdias
813 2777 917 2848 pacisci
934 2781 1035 2848 potest,
1054 2791 1089 2832 ue
1107 2775 1144 2832 de
1161 2775 1225 2832 dote
1239 2780 1319 2845 agat·

35 2865 84 2919 sris
101 2880 163 2920 esse
181 2865 310 2934 coeperit.
345 2864 415 2920 item
432 2862 505 2920 iilius
523 2861 640 2920 familias
658 2865 693 2920 de
711 2881 758 2936 eo,
782 2865 856 2936 quod
874 2863 926 2920 sub
945 2864 1104 2920 condicione
1122 2864 1244 2933 legatum
1262 2868 1313 2933 cst,

35 2955 139 3008 bcebrr.
175 2953 207 3006 In
234 2952 289 3022 bis,
316 2953 363 3023 qni
386 2952 509 3008 eiusdem
533 2953 666 3024 pecuniae
689 2955 860 3012 exactionem
882 2952 1036 3010 habentis
1059 2950 1176 3006 solidum
1199 2953 1244 3007 uel
1266 2952 1362 3021 quiec

35 3041 156 3097 seuniae
179 3040 317 3096 debitores
340 3046 418 3111 sunt,
441 3046 577 3111 quatenus
599 3043 645 3098 alii
668 3058 777 3114 quoque
800 3043 888 3113 prosit
907 3041 952 3098 uei
970 3045 1069 3096 noceat
1086 3040 1161 3110 pacti
1178 3041 1313 3111 exceptio,

56 3135 87 3184 ct
109 3130 137 3184 iu
160 3145 218 3184 rem
242 3133 324 3199 pacta
345 3129 472 3185 omuibus
496 3135 624 3200 prosunt,
649 3147 764 3200 quornm
782 3131 976 3200 obligationem
994 3128 1155 3184 dissolutam
1174 3143 1237 3184 esse
1254 3129 1314 3184 eius

35 3216 130 3273 ebatur
147 3215 278 3274 interfuit
305 3217 398 3287 itaque
416 3217 548 3274 debitoris
565 3220 712 3275 connectio
729 3217 936 3280 fideiussoribus
953 3214 1085 3288 proficiet,

35 3318 80 3363 rus
97 3304 167 3362 libro
184 3312 281 3378 quarto
298 3306 335 3360 ad
356 3306 485 3363 edictum.
522 3308 575 3364 nisi
593 3307 645 3364 hoc
662 3313 754 3364 actum
772 3311 828 3377 est,
847 3311 879 3362 ut
896 3305 1040 3362 dumtuxst
1057 3319 1075 3360 a
1091 3318 1139 3360 reo
1157 3298 1314 3388 Q
1332 3311 1360 3364 Ε

35 3411 64 3466 rr,
84 3411 102 3450 a
118 3393 278 3450 fideiussore
296 3399 419 3464 petatur:
438 3401 505 3452 tunc
523 3397 595 3452 enim
613 3393 759 3452 fideiussor
776 3395 937 3464 exceptione
955 3409 1010 3449 nou
1028 3397 1129 3448 utetur.
1333 3413 1362 3454 ss

35 3498 47 3540 s
65 3483 136 3540 libro
153 3484 234 3539 tertio
251 3482 288 3538 ad
306 3482 434 3538 edictum.
461 3484 643 3540 bidciusscris
661 3489 752 3540 autem
771 3483 917 3540 connectio
934 3481 1001 3538 nihil
1018 3480 1140 3552 proderit
1158 3474 1314 3563 Q
1332 3486 1360 3539 Ε

46 3572 113 3628 mbil
135 3573 194 3627 eins
217 3572 331 3626 interest
353 3587 371 3626 s
391 3570 515 3627 debitore
538 3573 682 3642 pecuniam
705 3587 759 3627 non
783 3571 849 3642 peti.
884 3571 968 3626 irnrnc
985 3584 1037 3624 uec
1055 3566 1314 3624 confideiussoribus

40 3661 137 3731 Neque
159 3661 232 3716 euim
255 3674 365 3730 quoquo
389 3659 471 3715 modo
488 3660 621 3731 cuiusque
638 3661 767 3730 interest,
790 3674 853 3716 cum
874 3659 922 3714 alit
939 3658 1085 3715 conuentio
1102 3655 1176 3712 iacta
1193 3654 1313 3726 prodest,

39 3975 111 4047 esse]
130 3977 195 4046 quin
213 3975 364 4048 prodesse?
435 3976 446 4010 ²
464 3975 595 4046 competit
611 3980 640 4030 et
657 3973 686 4030 id
702 3975 824 4032 Iulianus
842 3992 868 4046 q.
882 3991 934 4031 scr.
954 3967 1157 4042 (Ruccternm'

35 4135 166 4199 ⁹,reP·
211 4133 445 4204 2prodestsiP
485 4132 571 4190 3boc
623 4134 658 4190 28
676 4131 905 4188 dende...filia
922 4131 1039 4188 familias
1062 4131 1160 4187 ΜΕ
1214 4131 1314 4200 30pe·

35 4221 57 4260 u
74 4204 127 4260 boc
144 4205 191 4260 iul.
210 4221 261 4260 scr.
274 4207 323 4270 P·,
341 4209 370 4260 et
387 4204 440 4260 boc
457 4203 503 4260 iul.
516 4220 569 4260 scr.
623 4205 741 4260 ciseatur
758 4205 883 4269 P·V“U·,
900 4203 1049 4274 paciscitur
1062 4199 1179 4257 P⁶V⁵U³
1195 4202 1200 4269 Ι
1215 4201 1244 4256 in
1262 4201 1314 4271 bis]

35 4277 132 4331 decr.
151 4276 204 4332 hoc
227 4277 253 4330 V
302 4277 321 4330 4
339 4273 500 4342 u'a'eueFi
540 4292 569 4330 a·
622 4274 698 4339 P‘U,
716 4275 745 4330 ni
762 4275 806 4330 his
823 4277 852 4340 F,
870 4275 923 4330 nisi
940 4275 1036 4329 is'P·:
1061 4272 1099 4328 'eri
1119 4271 1314 4326 τῶκ...ἄΞιοκ

46 4345 162 4402 binoto
180 4347 219 4400 P·
273 4346 430 4416 tpcdest]
449 4292 569 4411 effici,
622 4345 845 4401 icrcrzsrricatB
885 4347 919 4400 31
929 4345 1089 4416 pcounittb*¹
1124 4343 1315 4399 Meuiumffl

35 4417 55 4448 '⁴
109 4418 219 4473 iudet
233 4417 280 4487 qui
293 4416 346 4472 hoc
358 4417 428 4486 esse}
449 4415 569 4472 nannum
622 4418 658 4472 35
675 4415 904 4486 fideipetst'a'ur
921 4419 949 4480 Ε
967 4413 1040 4470 fidei.
1055 4429 1110 4470 uon
1127 4417 1238 4484 petatur
1253 4415 1314 4480 Ρ·Ι

35 4487 81 4553 ΡΠ,
99 4488 221 4542 uciidum
238 4487 371 4544 essehoc
393 4488 420 4542 V
469 4489 487 4544 8
505 4488 568 4543 alie·
622 4489 802 4558 exceptione⁴
820 4485 857 4541 Ε*
880 4487 885 4555 Ι
909 4490 1003 4542 utatur
1025 4487 1054 4541 P
1103 4486 1138 4540 36
1162 4483 1253 4554 tertio]
1277 4484 1316 4538 iiii

53 4559 164 4614 teredi
182 4560 239 4626 ΕΙ
260 4558 284 4614 si
301 4557 338 4614 iii.
354 4573 487 4614 seruusue
505 4588 526 4611 .·
543 4558 572 4612 P
621 4559 686 4612 ΡΨ
748 4559 784 4613 38
810 4571 900 4626 neque
925 4558 998 4612 enim
1025 4571 1134 4626 quoquo
1160 4555 1243 4610 modo
1269 4569 1316 4609 cu-

35 4634 88 4684 ntur
109 4630 206 4684 ΡΠ]
241 4681 245 4688 ,
267 4630 301 4683 11
324 4629 480 4698 paciscatur
501 4629 572 4683 P·U
621 4629 718 4698 iusque
736 4628 943 4697 (cuiuscumque
960 4629 1011 4694 Ρ·)
1034 4627 1161 4696 interest,
1184 4641 1247 4680 cum
1270 4625 1316 4679 alii

35 4700 113 4754 uP·
154 4701 189 4755 13
206 4699 296 4768 tertio]
317 4700 356 4754 iiii
373 4700 401 4753 P
436 4699 470 4755 16
487 4699 533 4754 uel
544 4699 568 4754 si
621 4700 686 4766 (alio
703 4701 773 4767 libri)
791 4699 937 4754 conuentis
958 4696 1033 4752 iscta
1054 4697 1168 4768 prodest
1185 4695 1317 4767 (proderit

35 4769 81 4835 di,
103 4771 149 4826 uel
167 4771 191 4826 is
209 4770 289 4840 qussi
305 4771 353 4833 ΕΙ,
375 4771 420 4826 nel
443 4771 523 4840 qnasi
544 4770 572 4824 V
621 4770 667 4840 Pi]
684 4779 723 4825 etc
740 4777 836 4840 scripti
852 4769 986 4824 coeundum
998 4769 1048 4823 Rs
1060 4767 1183 4840 (scopin
1202 4767 1263 4829 οῨτε
1276 4766 1315 4834 τῷ

35 4841 74 4896 iiii
90 4841 144 4897 PU
186 4840 407 4898 20uidemusffl
452 4842 486 4896 21
505 4855 568 4898 oon-
621 4840 724 4912 τγχόκτι
748 4839 797 4902 roi
819 4839 918 4903 udsror
941 4839 990 4898 dcix
1003 4837 1118 4926 tractes!
1147 4837 1195 4892 τόκ
1223 4837 1314 4922 breson

35 4911 72 4966 P·
126 4913 163 4967 22
180 4912 240 4982 nos]
260 4927 316 4967 nou
333 4912 370 4966 F¹
424 4912 460 4968 23
476 4909 568 4982 profu·
622 4910 789 4974 ὠφολκθῆκοι
813 4908 866 4966 ino
884 4911 932 4974 τοῨ
949 4909 1061 4976 uiator,
1080 4908 1144 4966 Δλλλ
1162 4908 1223 4964 τότε
1243 4907 1315 4974 triti)

71 4983 251 5038 coactores
275 4982 324 5050 ΡΙ
347 4980 493 5038 aduersum
516 4983 573 5038 PV
622 4982 737 5054 Διαφέρει
757 4989 802 5038 cet.

1059 5067 1102 5124 5*
