3584 5326
916 159 1065 229 XXXXIl

275 339 311 396 ab
329 340 504 396 emendatore
522 339 671 395 Florentini
689 337 763 410 libri,
787 338 822 394 ad
840 337 950 395 Codicis
973 337 1197 394 constitutionum
1216 337 1371 408 exemplum
1394 336 1503 408 opinor,
1526 335 1616 392 eidem
1638 334 1709 392 libro

275 447 365 503 illatas
383 462 444 504 csse
452 450 471 502 ¹.

53 589 57 617 ,
129 557 237 616 Reliquae
328 554 467 624 Excerpta
490 569 524 610 ex
547 551 662 622 digestio
684 551 758 623 apud
782 556 908 608 auctores
932 551 1059 622 antiquos
1081 555 1138 607 tem
1156 549 1277 607 Graecos
1295 565 1376 621 quam
1395 549 1510 606 Latinos
1527 549 1574 605 uix
1592 549 1650 605 ulla
1667 563 1709 604 re-

111 619 257 739 {siggim
275 661 430 732 periuntur,
450 677 512 716 cum
530 661 592 732 ipsa
608 659 718 730 digesta
735 660 875 729 antiquam
894 659 1073 714 litteraturam
1092 657 1294 728 quodammodo
1311 656 1441 714 claudant
1458 671 1584 728 unusque
1603 660 1708 727 auctor,

130 744 234 804 ΜΨ
276 768 350 838 apud
368 783 449 838 quem
468 769 526 823 iure
543 767 610 822 talia
627 781 758 837 quaeras,
777 766 898 823 Isidorus
915 765 1085 836 Hispalensis
1103 768 1132 832 (†
1150 765 1213 832 636)
1232 765 1298 820 iuris
1316 764 1459 821 Iustiniani
1476 764 1576 820 nullam
1596 764 1710 819 omnine

276 875 400 931 notitiam
417 873 547 931 habuisse
564 873 717 930 uideatur¹.
745 889 829 930 unum
847 874 936 929 locum
955 888 990 928 ex
1008 873 1124 943 digestis
1142 872 1253 928 allatum
1266 888 1283 927 u
1294 871 1427 942 Gregorio
1441 885 1540 941 magno
1552 871 1711 926 rettulimus

275 981 311 1051 ll,
323 983 384 1051 803,
407 982 521 1037 alterum
546 980 582 1037 ab
602 981 707 1037 Iuliano
725 981 754 1036 in
771 981 931 1037 collectione
948 979 984 1036 de
1002 977 1192 1036 contutoribns
1209 979 1330 1050 positum
1347 979 1369 1049 l,
1382 979 1452 1034 796:
1473 982 1617 1049 praeteree
1634 976 1711 1047 apud

276 1087 393 1144 eundem
419 1089 552 1144 lulianum
579 1104 642 1145 cum
665 1087 729 1143 alibi
751 1092 809 1142 tum
831 1087 991 1157 praesertim
1015 1087 1044 1143 in
1067 1086 1262 1143 commentario
1284 1085 1405 1142 nondum
1428 1085 1502 1141 edito
1526 1084 1562 1140 ad
1584 1085 1711 1140 nouellas

276 1198 314 1261 (u.
327 1210 411 1266 supra
422 1213 448 1266 p.
457 1197 535 1253 vllll
547 1213 574 1251 n.
584 1196 620 1266 2),
638 1195 705 1251 item
717 1196 744 1250 in
757 1193 972 1252 Tauriuensibus
984 1193 1094 1250 scholiis
1105 1193 1140 1250 sd
1152 1193 1349 1265 institutiones,
1365 1193 1474 1263 digesta
1485 1191 1638 1262 allegentur
1650 1191 1711 1261 qui·

276 1302 338 1358 dem
356 1303 472 1373 passim,
491 1302 541 1358 sed
559 1318 620 1359 cum
639 1301 725 1359 uerba
742 1317 796 1358 nen
814 1305 964 1372 ponantur,
983 1300 1060 1355 crisis
1077 1299 1140 1355 inde
1158 1314 1213 1356 non
1231 1299 1385 1356 adiuuatur.
1406 1328 1438 1340 -
1460 1298 1596 1356 Graecum
1615 1302 1711 1354 aucto

276 1425 343 1480 rem,
361 1410 409 1479 qui
426 1410 493 1481 ipsis
512 1409 628 1480 digestis
645 1425 713 1466 usus
730 1411 775 1480 sit,
794 1409 896 1464 nullum
915 1407 980 1463 noui
994 1411 1110 1477 excepto
1122 1407 1268 1462 Laurentio
1280 1405 1359 1478 Lydo
1371 1406 1514 1462 iustiniani
1526 1406 1662 1476 aequelii.
1677 1435 1711 1446 -

133 1521 243 1594 Anseres
277 1517 372 1588 Longe
389 1517 498 1573 utiliora
515 1517 558 1572 bis
575 1515 765 1572 subministrat
782 1515 949 1586 comparatio
967 1529 1030 1570 cum
1049 1528 1143 1570 eorum
1154 1514 1332 1584 uoluminum,
1350 1528 1421 1584 qnae
1433 1528 1468 1568 ex
1480 1513 1584 1583 ingenti
1595 1527 1713 1568 nurnero

123 1582 259 1702 iigssffi
277 1629 467 1695 exoemtorum
486 1623 697 1694 aprudentibus
709 1623 866 1678 Iustinianis
883 1621 965 1678 hodie
977 1626 1124 1692 supersunt
1133 1636 1280 1692 perpauca,
1299 1620 1361 1676 Gaii
1372 1619 1581 1690 institutionum,
1599 1619 1714 1690 Ulpiani

124 1707 258 1768 ⁸⁰P⁰¹¹ffl⁰⁸
277 1732 440 1802 regularum,
449 1731 527 1786 Pauli
538 1730 733 1788 sententiarum
739 1732 759 1801 ⁴,
771 1733 830 1784 turn
842 1742 936 1784 eorum
948 1743 1019 1798 quae
1031 1743 1066 1784 ex
1077 1728 1144 1784 locis
1156 1728 1184 1784 in
1197 1727 1306 1798 digestu
1318 1727 1409 1783 relatis
1421 1726 1486 1783 alibi
1497 1726 1613 1783 redeunt
1625 1727 1671 1784 uel
1684 1728 1714 1783 in

329 1913 339 1946 1
359 1909 478 1962 Indicabo
497 1926 528 1961 ex
545 1909 593 1961 hoc
610 1925 704 1976 genere
722 1924 787 1976 quse
805 1907 963 1974 reperiuntur
980 1907 1090 1974 potiora:

358 2017 384 2066 p.
397 1998 495 2060 xxv,
514 1995 548 2049 el
648 1997 675 2048 in
692 1997 802 2048 futurum
819 1996 931 2048 codicem
941 1997 1078 2063 'compositi
1095 1996 1124 2061 F,
1143 1997 1168 2048 iu
1187 1997 1270 2048 futuro
1287 1995 1374 2047 codice
1391 1995 1558 2062 componendi
1576 1993 1598 2048 S

359 2105 384 2154 p.
397 2087 499 2138 XXVI*
517 2088 570 2139 n.1
648 2103 713 2152 quae
730 2085 849 2153 paratitlo
865 2093 1041 2152 nuncupantur
1058 2085 1126 2151 F’S,
1144 2104 1194 2140 om.
1207 2086 1233 2138 F
1233 2085 1244 2119 ¹

360 2195 385 2244 p.
398 2176 547 2240 XXXIIII',
567 2175 585 2228 'l
649 2174 801 2227 trecentiens
819 2174 906 2226 decem
924 2175 992 2227 milis
1015 2192 1132 2228 uersuum
1151 2175 1182 2240 F,
1204 2174 1288 2226 tricies
1312 2181 1419 2224 centena
1442 2171 1510 2225 milis
1532 2190 1651 2226 uersuum
1676 2173 1714 2229 S:

701 2263 745 2317 ubi
762 2269 877 2334 apertum
895 2270 931 2317 est
949 2265 1018 2335 quod
1039 2271 1077 2320 set
1098 2273 1125 2318 in
1145 2263 1245 2319 Graeco
1263 2264 1374 2332 exemplo
1393 2269 1431 2316 est
1452 2261 1586 2334 muprs'bure
1604 2281 1713 2334 τριακο-

702 2351 765 2406 ciem
782 2360 894 2423 mmam
911 2355 977 2408 maie
995 2354 1031 2408 ad
1047 2356 1158 2408 litteram
1175 2370 1276 2406 emaum
1294 2369 1355 2416 esse,
1371 2358 1461 2422 postea
1477 2358 1645 2407 retractatum

547 2443 580 2494 21
647 2441 773 2508 quoddam
792 2441 989 2494 ...umbilicum
1008 2443 1035 2507 F,
1054 2442 1155 2509 quidem
1228 2439 1358 2492 umbilicus
1376 2439 1397 2494 S

548 2531 584 2584 23
648 2531 738 2583 eodem
755 2531 849 2582 inserto
867 2529 1032 2596 uolumined}
1051 2531 1134 2583 eidem
1151 2529 1245 2582 inserto
1263 2529 1381 2581 uolumini
1394 2529 1428 2582 S:
1447 2531 1518 2601 φρ.
1529 2527 1621 2583 XXX
1625 2528 1718 2584 Vllll

700 2613 724 2672 ir.
737 2619 762 2674 9.
1355 2636 1366 2656 ·

360 2729 385 2778 p.
399 2710 534 2772 XXXVI*‚
555 2709 588 2760 14
649 2709 675 2761 iu
693 2707 789 2760 bellicis
807 2707 924 2775 periculis
943 2709 988 2774 F1,
1007 2710 1032 2760 in
1050 2708 1146 2761 bellicis
1164 2709 1273 2761 uictoriis
1291 2706 1313 2762 S
1332 2709 1445 2779 idemque
1463 2709 1543 2762 uoluit
1562 2706 1599 2760 F’

360 2818 386 2867 p.
397 2799 549 2852 XXXVIII*
568 2798 623 2850 n.2
649 2798 694 2852 ubi
711 2798 848 2852 mudantur
860 2795 979 2852 Anatolii
994 2805 1069 2869 puter
1087 2805 1111 2852 et
1128 2817 1193 2852 aum
1209 2804 1315 2870 propter
1334 2805 1399 2850 iuris
1416 2803 1557 2862 seientiam,
1575 2803 1716 2867 praetem

702 2889 810 2940 alionum
829 2892 1020 2952 antecessorum,
1038 2907 1126 2958 nempe
1138 2887 1250 2941 Patricii
1268 2895 1314 2941 aui
1331 2893 1355 2941 et
1371 2885 1474 2940 Leontii
1482 2887 1539 2958 filii
1557 2891 1581 2939 et
1597 2884 1716 2941 Patricia·

701 2981 807 3046 nepotis,
826 2975 913 3029 mades
931 2983 1090 3030 accesserunt
1107 2985 1133 3029 in
1152 2976 1212 3029 F’s
1231 2983 1275 3040 iic,
1292 2983 1321 3030 ut
1338 2977 1427 3030 addito
1445 2981 1573 3029 enuntiato
1591 2974 1634 3041 qui
1652 2985 1716 3042 post

701 3063 837 3115 Patricium
909 3063 987 3116 filium
1005 3065 1059 3116 eius
1076 3072 1199 3120 sententia
1217 3072 1293 3119 antea
1310 3068 1415 3135 eiorpies
1432 3066 1532 3118 moleste
1549 3070 1677 3118 sumebam

361 3173 386 3223 p.
398 3155 523 3218 XXXX',
541 3154 576 3206 20
649 3155 697 3206 boc
714 3154 889 3219 corrigendum
911 3169 968 3205 esse
991 3154 1133 3220 putauimus
1157 3163 1183 3205 et
1207 3155 1232 3206 in
1255 3154 1344 3206 melius
1367 3153 1557 3205 restaurandum
1575 3151 1601 3205 F
1602 3155 1621 3216 ¹,
1644 3153 1715 3207 hanc

703 3242 876 3309 corrigendam
894 3259 951 3294 esse
969 3243 1111 3310 putarimus
1129 3252 1156 3295 et
1169 3244 1194 3295 in
1213 3243 1301 3294 melius
1313 3242 1503 3295 restaurandam
1514 3241 1536 3296 S
1546 3244 1716 3315 similiterque

703 3331 752 3384 Fe:
769 3332 818 3384 boc
834 3334 946 3404 refertur
962 3333 999 3385 cd
1014 3333 1163 3387 uocabulum
1181 3333 1250 3405 quod
1267 3339 1304 3387 est
1320 3331 1463 3384 constitutio

361 3441 387 3490 p.
399 3421 559 3484 XXXXVI',
579 3419 611 3475 17
650 3421 693 3488 qui
705 3437 790 3473 eorum
802 3421 955 3472 erudientium
972 3421 1082 3488 patiatur
1095 3421 1139 3486 F1,
1158 3422 1201 3488 qui
1218 3422 1255 3474 eis
1273 3421 1426 3473 audentiam
1444 3420 1640 3473 accommodauit
1651 3421 1716 3478 F’S

361 3530 387 3580 p.
400 3511 585 3574 XXXXVIII',
599 3511 633 3562 22
652 3510 689 3580 [et
706 3511 731 3562 in
750 3509 849 3578 Iuntina]
868 3511 1045 3563 constitutione
1065 3509 1101 3579 [et
1118 3511 1143 3562 in
1163 3510 1285 3578 Graecei,
1310 3528 1384 3577 quem
1402 3511 1435 3562 ad
1453 3509 1538 3577 legum
1555 3510 1715 3577 professores

702 3601 839 3652 dimisimus
859 3600 883 3653 F
884 3600 895 3633 ¹
900 3619 910 3652 .·
933 3618 998 3672 quee
1016 3605 1086 3653 intra
1103 3617 1181 3654 uoces
1196 3608 1341 3670 posuimus,
1359 3600 1451 3654 deleuit
1469 3599 1506 3651 F’
1524 3605 1665 3670 emittitque
1683 3601 1716 3666 S,

615 3711 617 3718 ’
703 3697 805 3743 omnino
822 3696 959 3760 propterea
976 3687 1045 3760 quod
1061 3695 1246 3743 comitatiorem
1265 3689 1370 3740 Omnem
1388 3690 1524 3760 semiplum
1539 3686 1667 3743 Graecum
1687 3697 1716 3743 in

703 3780 784 3850 legum
801 3780 917 3832 solamen
934 3783 1048 3832 neutrum
1066 3783 1193 3848 receptum
1212 3783 1255 3832 eoi.

279 3869 344 3921 Aliis
361 3867 421 3921 locis
440 3884 490 3918 uon
508 3866 594 3934 paucis
613 3866 726 3918 similiter
743 3876 874 3933 utrumque
891 3866 1063 3918 recensionem
1081 3866 1182 3917 differre
1206 3883 1256 3918 nou
1274 3875 1377 3934 propter
1394 3866 1551 3919 librariorum
1569 3865 1713 3934 neglegen-

279 3959 339 4010 tiam
358 3957 563 4018 temeritatemue,
582 3957 628 4007 sed
646 3964 749 4024 propter
765 3957 844 4007 uerba
862 3957 894 4008 eb
914 3957 974 4023 ipsis
992 3955 1134 4008 auctoribus
1152 3955 1287 4006 emendata
1300 3957 1365 4008 curis
1378 3957 1494 4008 secundis
1506 3975 1556 4008 non
1569 3957 1623 4008 sine
1635 3973 1716 4010 causa

279 4047 418 4114 suspicere:
443 4063 489 4098 uos
512 4054 582 4096 certa
603 4046 657 4098 sola
680 4055 706 4097 et
729 4045 861 4112 perspicus
879 4046 926 4098 hcc
944 4045 998 4097 loco
1017 4061 1166 4112 componere
1184 4043 1315 4097 uoluimus.
1426 4045 1495 4098 'Ne
1514 4045 1636 4113 glossaria
1654 4047 1714 4112 qui-

280 4137 337 4188 dem
356 4134 532 4188 Graecolstins
550 4135 606 4201 ipsa
624 4135 723 4202 digesta
741 4136 831 4198 citant,
850 4152 906 4186 oum
923 4135 1017 4202 passim
1035 4143 1150 4186 auctores
1167 4133 1272 4187 laudent
1277 4173 1285 4198 ,
1304 4151 1335 4187 ex
1353 4135 1442 4201 quibus
1461 4135 1560 4202 digesta
1578 4135 1716 4202 compilata

280 4234 338 4276 sunt
356 4224 391 4290 (u.
404 4241 426 4275 e.
440 4240 461 4275 c.
474 4224 507 4287 II,
520 4223 580 4286 790,
597 4225 649 4291 le).
669 4254 699 4263 —
720 4225 914 4276 (irarumaticem
933 4223 1041 4290 denique
1053 4223 1184 4286 Prisciani,
1202 4241 1276 4290 quem
1293 4243 1344 4276 non
1361 4241 1434 4277 nemo
1452 4241 1533 4292 nuper
1545 4225 1600 4292 ipse
1613 4224 1716 4292 digesta

280 4314 405 4382 expilasse
428 4313 490 4364 dixit
513 4313 726 4389 imperitepsnte
753 4332 784 4366 en
811 4313 925 4366 coniecta
951 4332 1001 4366 non
1028 4314 1125 4365 tantum
1149 4314 1268 4380 scriptum
1291 4329 1360 4375 csse,
1388 4314 1434 4366 sed
1458 4315 1533 4366 obem
1560 4314 1715 4381 desoriptam

280 4405 366 4456 monui
384 4403 417 4454 nd
434 4403 467 4464 II,
486 4402 547 4464 348,
565 4403 608 4454 20.
683 4389 690 4410 ⁸
715 4403 726 4438 ⁸
751 4403 787 4456 Os.
806 4404 855 4456 uol.
868 4403 889 4466 I,
908 4403 933 4465 4,
946 4403 971 4454 3.
995 4403 1058 4466 6,(5.
1082 4400 1162 4464 7,26.
1186 4401 1229 4466 30,
1242 4405 1267 4454 5.
1285 4403 1329 4465 31,
1342 4404 1367 4454 3.
1393 4403 1479 4470 Lydus
1502 4421 1567 4471 quae
1587 4405 1663 4456 trualt
1681 4422 1715 4457 ex

281 4493 399 4560 digestis,
422 4500 527 4558 accepts
549 4493 627 4544 refert
648 4493 678 4544 iis
702 4495 844 4546 unctoribus
851 4531 858 4556 ‚
883 4510 987 4560 quorum
1009 4492 1111 4544 nomine
1133 4493 1158 4542 in
1183 4492 1288 4558 digestis
1308 4493 1464 4559 praescripta
1485 4502 1553 4545 suut:
1576 4493 1625 4545 uisi
1645 4495 1715 4560 qncd

281 4599 346 4648 quse
364 4583 488 4649 excerpsit
506 4601 537 4635 ex
549 4583 727 4650 Pomponianis
745 4583 777 4635 D.
792 4584 815 4646 1,
829 4583 854 4644 2,
867 4582 884 4633 2
902 4581 980 4634 semel
998 4581 1115 4648 proponit
1133 4582 1179 4633 sub
1197 4582 1297 4633 nomine
1310 4581 1450 4648 Pomponii,
1468 4582 1506 4634 bis
1520 4582 1551 4648 (l,
1563 4584 1589 4644 4,
1602 4583 1627 4635 3.
1645 4582 1672 4645 6,
1685 4583 1714 4650 6)

281 4673 328 4723 sub
346 4673 446 4723 nomine
465 4672 527 4734 (iai,
552 4673 672 4740 deeeptus
691 4689 736 4734 eo,
760 4673 827 4739 quod
844 4673 925 4739 prime
942 4671 1055 4723 eiusdem
1079 4669 1144 4721 tituli
1167 4669 1208 4722 lex
1231 4685 1291 4722 uere
1311 4671 1360 4722 Gai
1378 4680 1425 4724 est.
1452 4679 1539 4724 contre
1557 4689 1621 4738 quae
1641 4675 1714 4734 1,48

281 4761 370 4813 afferre
394 4777 421 4814 se
445 4762 481 4813 ait
503 4779 534 4813 ex
552 4761 660 4829 Ulpiano
678 4759 708 4815 iu
732 4761 788 4815 roic
810 4758 1036 4832 uporpedouiuolc
1058 4759 1310 4830 uporprssousabiurc,
1333 4760 1360 4812 in
1384 4761 1489 4828 digestis
1512 4779 1562 4814 non
1586 4761 1713 4828 leguntur.

281 4851 292 4884 ⁴
310 4851 368 4902 Non
387 4851 516 4903 citauimus
535 4868 599 4918 quse
617 4851 685 4918 upud
703 4851 749 4903 hos
768 4859 882 4903 suctores
901 4850 976 4903 bodie
994 4849 1111 4916 leguntur
1128 4851 1154 4901 in
1173 4850 1322 4902 editionibus
1341 4851 1457 4902 restituta
1474 4868 1505 4902 er
1523 4851 1584 4918 ipsis
1598 4850 1713 4918 digestis,

281 4957 345 5006 quae
363 4939 442 4992 multa
459 4951 525 5004 sunt,
543 4941 649 4992 muuue
667 4942 692 4992 in
710 4939 798 4993 Paulo.
