3600 5354
249 185 278 253 ΙΙ
302 186 344 252 14
362 190 477 246 aa-ee
937 175 994 254 70
1643 201 1687 247 nn

194 369 198 375 ·
250 341 358 397 etiamsi
385 339 504 399 maxime
527 338 589 409 quia
613 337 875 393 administrationem
897 337 997 407 peculii
1020 336 1120 393 habeat
1142 352 1314 407 concessam,
1338 337 1460 393 donandi
1482 339 1525 393 ius
1548 352 1614 393 eum
1636 353 1690 394 non

192 438 197 450 ’
250 429 366 485 habere:
385 429 508 498 sequitur
520 433 558 498 ut,
578 428 601 481 si
619 427 739 482 donandi
753 441 838 482 caum
855 426 890 481 de
908 441 963 481 uon
980 425 1100 495 petenda
1117 427 1235 496 pecunia
1247 431 1345 498 pactus
1357 428 1401 496 sit,
1420 441 1475 482 uon
1488 426 1591 482 debeat
1601 432 1691 481 ratum

250 517 344 572 haberi
368 522 480 587 pactum
498 521 672 571 conarentum.
709 514 783 585 quod
801 515 825 569 si
842 529 892 585 pro
911 529 944 569 eo
962 519 994 568 ut
1011 514 1050 569 ita
1067 516 1251 584 pacisceretur
1269 515 1383 585 aliquid,
1406 515 1434 570 in
1452 531 1508 585 quo
1525 530 1583 570 non
1601 516 1692 570 minus

250 607 295 660 uel
313 606 396 660 etiam
415 605 531 675 amplius
550 610 632 673 essct,
651 608 815 658 consecutus
833 601 923 672 luent,
941 607 1002 657 rata
1019 602 1146 658 habenda
1163 608 1207 659 est
1223 604 1323 674 pactio.
1709 619 1722 657 s

194 698 232 756 29
304 693 455 750 Unnnnns
477 692 546 748 libro
570 699 667 762 quarto
686 690 722 746 ad
740 691 869 747 edictum.
905 690 953 747 Sin
972 697 1064 747 autem
1082 692 1245 747 dominicam
1264 693 1408 761 pecuniam
1427 691 1513 747 credi·
1532 686 1732 775 ΜΕ

250 781 329 851 derit,
347 781 422 852 quod
439 780 568 837 credendi
586 786 710 850 tempore
726 784 825 849 pactus
843 784 887 834 est
904 780 996 835 ualere
1014 780 1109 836 Gelam
1128 781 1175 835 ait

194 874 233 932 30
303 869 398 926 Gsms
420 869 489 925 libro
512 870 600 939 primo
623 869 659 923 ad
682 868 802 923 edictum
825 868 1000 937 prouinciale.
1036 869 1068 923 Iu
1088 883 1206 938 persona
1222 873 1315 924 tamen
1332 866 1380 923 filii
1398 866 1514 922 familias
1533 863 1733 950 [WB

251 958 400 1014 uidendum
418 963 468 1027 est,
488 973 523 1013 ne
541 956 696 1026 aliquando,
716 960 744 1010 et
762 957 786 1010 si
804 961 902 1026 pactus
921 957 1009 1011 sitne
1028 963 1131 1026 ageret,
1149 958 1241 1012 ualeat
1258 957 1364 1028 pactio:
1383 956 1447 1025 quia
1459 945 1693 1025 aliquanue'fi'ffis

251 1046 368 1103 familias
391 1046 475 1102 habet
497 1046 645 1114 actionem,
670 1045 756 1099 ueluti
773 1045 940 1099 iniuriarum.
977 1045 1026 1100 sed
1045 1061 1106 1100 cum
1125 1051 1236 1115 propter
1254 1045 1378 1100 iniuriam
1396 1043 1451 1099 filio
1469 1043 1573 1100 iactam
1592 1045 1694 1101 habeat

252 1141 281 1191 et
298 1141 377 1206 pater
395 1136 538 1203 actionem,
556 1134 622 1203 quin
641 1133 733 1203 pactio
752 1131 799 1188 filii
818 1133 942 1188 nocitura
952 1148 1007 1188 nun
1019 1133 1055 1188 sit
1066 1135 1137 1202 patri
1150 1149 1233 1203 agere
1245 1134 1355 1202 uolenti,
1374 1133 1493 1188 dubitari
1505 1149 1561 1189 non
1573 1140 1692 1209 oportet
1712 1149 1737 1189 rt

220 1231 231 1274 1
251 1223 304 1290 Qui
327 1224 472 1294 pecuniam
491 1238 509 1277 a
526 1237 607 1277 seruo
625 1222 772 1291 stipulatus
790 1226 848 1290 est,
873 1237 955 1290 quam
973 1220 1026 1276 eibi
1043 1222 1133 1276 Titius
1152 1221 1285 1292 debebat,
1308 1222 1332 1276 si
1350 1237 1368 1276 a
1385 1222 1458 1277 Titio
1475 1227 1568 1291 petat,
1591 1239 1630 1278 an
1648 1238 1714 1279 ex·-

251 1314 377 1384 ceptione
401 1312 476 1382 pacti
499 1310 627 1367 conuenti
651 1309 817 1365 summoueri
834 1314 864 1363 et
880 1310 968 1379 possit
985 1315 1014 1364 et
1031 1309 1144 1380 debeat,
1169 1311 1234 1379 quia
1251 1317 1349 1380 pactus
1366 1310 1506 1379 uideatur,
1530 1326 1566 1366 ne
1584 1326 1603 1366 a
1620 1312 1694 1368 Titio

251 1407 341 1472 petat,
366 1400 519 1470 quaesitum
545 1403 596 1454 est.
634 1398 755 1453 Iulianus
777 1399 817 1452 ita
834 1397 1060 1453 summouendum
1079 1403 1172 1468 putat,
1196 1399 1220 1453 si
1238 1399 1390 1468 stipulatori
1408 1399 1437 1453 in
1454 1397 1595 1454 dominum
1613 1401 1694 1455 istius

252 1489 325 1545 scuti
343 1488 378 1543 de
395 1488 502 1558 peculio
521 1487 593 1541 actio
611 1484 704 1541 danda
722 1490 773 1554 est,
792 1486 821 1541 id
840 1491 884 1541 est
901 1486 925 1540 si
943 1487 1043 1541 iustam
1062 1501 1173 1541 causam
1192 1486 1379 1542 intercedendi
1397 1502 1493 1542 seruus
1505 1486 1611 1557 habuit,
1631 1489 1695 1557 quia

251 1577 321 1633 forte
342 1576 502 1632 tentandam
520 1575 664 1645 pecuniam
683 1575 757 1629 'litio
775 1573 883 1629 debuit:
907 1575 981 1644 quod
999 1575 1023 1629 si
1041 1575 1119 1643 quasi
1137 1573 1282 1630 fideiussor
1299 1575 1458 1644 interuenit,
1482 1590 1517 1630 ex
1535 1591 1592 1644 qua
1610 1591 1695 1631 causa
1712 1589 1738 1630 re

251 1668 279 1722 in
296 1666 433 1737 peculium
452 1664 524 1719 actio
542 1678 597 1718 nou
616 1663 736 1732 daretur,
757 1679 812 1718 non
830 1677 892 1716 esse
909 1662 1085 1717 inhibendum
1104 1662 1275 1733 creditorem,
1294 1678 1348 1733 quo
1366 1664 1456 1718 minus
1474 1679 1493 1718 a
1509 1664 1585 1720 Titio
1602 1670 1694 1734 petat:

219 1760 338 1825 uaeque
357 1755 431 1808 nullo
449 1752 531 1808 modo
549 1751 687 1822 prohiberi
705 1766 768 1805 eum
787 1750 902 1820 debere,
922 1751 1026 1806 sicum
1045 1766 1154 1805 seruum
1173 1751 1287 1806 liberum
1305 1768 1368 1808 esse
1386 1753 1556 1808 credidisset.
1591 1752 1624 1808 Si
1643 1752 1694 1808 sub

251 1843 410 1899 condicione
434 1841 580 1911 stipulatus
598 1838 696 1894 fuerim
715 1855 732 1893 a
749 1844 778 1894 te
797 1839 869 1908 quod
888 1840 978 1894 iltius
996 1839 1061 1894 mihi
1079 1855 1147 1909 pure
1165 1839 1290 1895 deberet:
1315 1857 1351 1896 an
1369 1840 1513 1897 deficiente
1531 1841 1695 1897 wudicione

251 1932 275 1987 si
294 1931 395 1986 aTitio
414 1935 515 2000 petam,
535 1929 696 1999 exceptione
715 1929 789 1998 pacti
807 1929 936 1983 corruenti
954 1934 982 1983 et
999 1929 1102 1998 possim
1121 1934 1149 1983 et
1166 1928 1282 1984 debeam
1296 1931 1482 1986 summoueri?
1508 1936 1537 1986 et
1549 1932 1641 2001 magis
1653 1937 1696 1986 est

252 2020 440 2090 exceptionem
460 2034 515 2074 non
532 2033 594 2074 esse
613 2016 813 2088 opponendam.
1712 2032 1739 2072 ιο

137 2176 141 2183 Ι
194 2103 231 2161 31
307 2108 458 2164 Uuersuus
475 2106 545 2161 libro
563 2107 651 2175 primo
670 2105 705 2160 ad
724 2105 843 2162 edietum
862 2104 989 2160 aedilium
1002 2106 1145 2160 curulium.
1173 2106 1278 2160 Pacisci
1290 2112 1385 2162 eonua
1395 2108 1516 2163 edictum
1535 2102 1693 2188 [iili-‚151⁴
1712 2114 1737 2167 a*

253 2196 380 2252 aedilium
399 2195 555 2251 omnimodo
572 2195 644 2263 licet,
664 2195 723 2248 siue
741 2194 769 2248 in
787 2194 848 2263 ipso
866 2195 978 2263 negotio
996 2194 1161 2249 uenditionis
1179 2194 1300 2263 gerendo
1318 2196 1493 2250 conuenisset
1509 2196 1570 2251 siue
1586 2201 1694 2265 postea

195 2281 234 2339 33
307 2285 425 2341 Pauuue
444 2283 513 2339 hbro
531 2284 613 2337 tertio
631 2281 667 2336 ad
684 2283 829 2337 Plautium.
866 2282 945 2348 Quod
963 2282 1066 2338 dictum
1085 2287 1135 2352 est,
1154 2283 1178 2336 si
1196 2297 1259 2336 cum
1277 2297 1324 2337 reo
1342 2289 1452 2352 pactum
1470 2284 1515 2353 sit,
1535 2280 1694 2366 [lt-1115}
1711 2290 1737 2345 Ε

226 2423 229 2431 ,
253 2379 285 2428 ut
307 2388 362 2428 nou
385 2377 507 2442 petatur,
531 2369 685 2426 fideiussori
704 2385 812 2440 queque
831 2375 987 2441 competere
1004 2371 1207 2440 exceptionem:
1231 2376 1342 2441 propter
1359 2373 1399 2426 rei
1416 2362 1695 2446 personam-placfft,

254 2477 289 2517 ne
313 2461 435 2516 mandati
453 2460 553 2515 iudicio
572 2459 758 2514 conueniatur.
793 2459 877 2527 igitur
894 2459 918 2513 si
936 2458 1059 2514 mandati
1078 2460 1149 2514 actio
1167 2461 1241 2514 nulla
1259 2461 1308 2530 sit,
1334 2459 1404 2517 sorte
1422 2462 1445 2517 si
1463 2461 1585 2517 donandi
1602 2465 1695 2520 animo
1713 2474 1740 2514 aa

255 2549 428 2619 fideiusserit,
447 2548 591 2604 dicendum
610 2553 654 2603 est
671 2563 726 2602 nou
744 2547 876 2618 prodesse
894 2548 1081 2618 exceptionem
1100 2545 1261 2603 fideiussori.

198 2636 236 2695 33
308 2639 422 2694 Cenem
434 2637 503 2693 libro
515 2637 603 2706 prime
615 2636 792 2705 digestorum.
820 2636 900 2690 huus
912 2637 1002 2706 neptis
1014 2636 1131 2704 nomine,
1151 2651 1232 2704 quam
1265 2649 1345 2708 Pomp.
1359 2648 1388 2695 D.
1399 2650 1437 2705 te.
1449 2651 1471 2705 t,
1483 2651 1521 2698 10.
1541 2651 1569 2697 B.
1582 2652 1621 2708 11,
1633 2655 1655 2709 1,
1666 2655 1696 2699 aa
1714 2645 1739 2698 Ε

255 2743 290 2783 ex
307 2726 363 2782 lilio
381 2725 508 2795 habebat,
528 2725 620 2780 dotem
638 2725 764 2795 promisit
781 2731 810 2779 ct
827 2730 926 2795 pactus
944 2729 995 2794 est,
1014 2740 1049 2780 ne
1067 2741 1084 2780 a
1101 2739 1132 2779 se
1145 2739 1215 2779 ueuc
1231 2714 1320 2780 atilio
1339 2741 1389 2780 suo
1403 2726 1453 2780 dos
1464 2730 1614 2802 peteretur.
1643 2728 1697 2782 sia

255 2814 389 2871 coherede
407 2813 455 2868 filii
473 2814 524 2869 dos
542 2818 659 2884 petatur,
677 2815 738 2884 ipse
756 2813 866 2883 quidem
885 2813 1046 2883 exceptione
1064 2813 1253 2868 conuentionis
1268 2813 1386 2868 tuendus
1398 2829 1453 2869 non
1465 2815 1524 2883 erit,
1543 2812 1617 2869 filius
1630 2830 1696 2871 uero

255 2904 417 2973 exceptione
440 2903 626 2958 conruentionis
649 2907 723 2957 recte
746 2907 847 2957 utetur.
880 2901 982 2971 quippe
1005 2900 1098 2956 heredi
1117 2903 1221 2957 consuli
1240 2916 1399 2957 concessum
1418 2908 1530 2957 estnec
1547 2904 1696 2973 quicquam
1714 2917 1741 2958 ac

255 2991 348 3048 obstat
365 2992 412 3046 uni
430 2996 536 3046 tantum
555 3006 590 3045 ex
608 2990 754 3046 heredibus
771 2990 916 3061 prouidere
934 2991 957 3044 si
975 2989 1054 3044 heres
1072 2988 1162 3045 iactus
1181 2991 1224 3061 sit,
1244 2991 1342 3046 ceteris
1360 2997 1451 3045 autem
1469 3007 1524 3046 uon
1543 2995 1660 3049 consuli.

197 3078 237 3137 34
308 3081 502 3137 Mouusrueus
523 3078 592 3135 libro
616 3080 711 3149 quinto
735 3080 899 3149 regularum.
934 3078 982 3133 ius
1000 3078 1174 3148 signationis
1193 3094 1247 3134 non
1265 3095 1346 3150 posse
1364 3086 1446 3149 pacto
1463 3079 1616 3152 repudiari,
1642 3079 1739 3138 nonE

255 3169 343 3239 magis
361 3184 443 3238 quam
462 3173 493 3223 ut
511 3168 572 3238 quis
590 3167 665 3223 dicat
681 3169 752 3223 nolle
771 3183 850 3222 suum
869 3181 939 3235 esse,
957 3167 1055 3221 Iuliani
1074 3168 1210 3222 seutemia
1228 3173 1278 3222 est.

198 3256 237 3314 35
308 3258 387 3313 inum
403 3257 472 3312 libro
490 3255 611 3311 secundo
628 3270 830 3326 responsorum.
857 3257 927 3310 Tres
942 3254 1041 3310 iratres
1053 3256 1142 3310 Titius
1154 3261 1183 3310 et
1193 3256 1317 3310 hlaeuius
1329 3261 1358 3310 et
1370 3255 1433 3311 Seia
1444 3271 1516 3312 com-
1535 3253 1697 3343 Q
1714 3266 1740 3320 Ε

255 3361 365 3402 munem
384 3345 564 3400 hereditatem
581 3345 652 3398 inter
669 3359 700 3398 se
718 3343 870 3398 diuiserunt
881 3337 1069 3399 instrumentis
1081 3343 1256 3414 interpositis,
1275 3343 1374 3414 quibus
1385 3345 1527 3401 diuisisse¹
1542 3353 1696 3403 maternam
1715 3362 1742 3402 as

255 3434 434 3490 hereditatem
459 3433 586 3488 dixerunt
604 3432 723 3501 nihilque
742 3432 794 3487 sibi
812 3447 956 3488 commune
974 3433 1138 3487 remansisse
1155 3439 1296 3487 cauerunt.
1329 3433 1380 3487 sed
1397 3439 1496 3503 poetes
1513 3434 1570 3490 duo
1588 3434 1625 3490 de
1643 3435 1697 3491 ira·

256 3522 352 3591 tribus,
370 3522 399 3576 id
417 3527 461 3577 est
477 3523 601 3578 Maeuius
619 3527 648 3576 et
665 3520 736 3591 Seia,
756 3521 803 3590 qui
821 3520 949 3576 absentes
968 3527 1046 3577 eraut
1062 3526 1184 3592 tempore
1197 3522 1292 3576 mortis
1304 3523 1399 3577 matris
1411 3537 1486 3592 suae,
1505 3531 1698 3592 coguouerunt

255 3611 401 3682 pecuniam
419 3626 530 3665 auream
548 3627 565 3664 a
582 3609 667 3664 fratm
685 3625 736 3664 suo
753 3625 816 3664 esse
834 3609 1009 3679 subtractam,
1029 3611 1107 3664 cuius
1124 3610 1198 3664 nulla
1212 3608 1222 3680 ll
1236 3611 1338 3664 mentio
1355 3611 1535 3665 instrumento
1551 3611 1697 3669 diuisionis
1715 3624 1731 3670 t
1741 3624 1766 3671 51

256 3699 454 3754 continebatur.
482 3714 584 3767 quaero
602 3714 637 3753 an
655 3704 718 3768 post
734 3704 844 3768 pactum
863 3697 1005 3753 diuisionis
1023 3697 1058 3752 de
1076 3697 1207 3768 subrepta
1224 3698 1341 3767 pecunia
1353 3696 1483 3754 fratribus
1495 3699 1632 3755 aduersus
1643 3700 1697 3756 fra·

257 3794 326 3843 hem
345 3788 476 3858 competit
493 3788 574 3842 actio.
601 3786 769 3841 Modestinus
787 3786 936 3857 respondit,
955 3786 978 3840 si
991 3786 1136 3856 agentibus
1148 3786 1184 3841 ob
1196 3787 1348 3856 portionem
1360 3788 1428 3856 eius,
1446 3787 1520 3856 quod
1532 3787 1697 3859 subreptum
1716 3805 1743 3844 sc

257 3877 359 3932 aTitio
377 3876 484 3945 dicitur,
503 3876 638 3945 generalis
655 3876 729 3945 pacti
746 3875 874 3930 conuerti
892 3875 1016 3944 exceptio
1034 3874 1086 3945 hia,
1104 3875 1151 3943 qui
1168 3873 1292 3930 fraudem
1311 3875 1412 3931 aTitio
1431 3869 1606 3932 commissam
1619 3878 1698 3947 igue

256 3970 348 4020 rantes
366 3970 566 4035 transegerunt,
584 3963 726 4032 obiciatur,
745 3963 780 4018 de
798 3963 861 4019 dolo
880 3963 982 4018 utiliter
998 3963 1123 4034 replicari
1140 3977 1230 4033 posse.

256 4053 382 4122 miv)

257 4181 265 4212 ¹
286 4177 413 4233 diuisissc
432 4176 481 4231 sc?

257 4282 374 4337 lhabet
392 4283 419 4336 P
469 4281 529 4336 tsi
546 4300 594 4335 om.
606 4282 648 4335 P·
700 4280 891 4336 thabendum
910 4282 950 4335 Ρ·
1002 4283 1127 4351 ceptione
1145 4282 1343 4352 conuentionis]
1361 4283 1530 4351 exceptionis
1548 4283 1590 4337 P·
1611 4286 1616 4351 Ι
1636 4290 1698 4340 uta·

258 4355 290 4407 11
303 4354 390 4423 titius]
402 4353 464 4408 titio
475 4353 516 4407 P·
557 4354 591 4406 12
605 4351 714 4407 uidetur
725 4353 781 4406 PV
814 4354 848 4406 13
860 4353 949 4422 iatius]
1002 4358 1047 4407 tur
1064 4355 1096 4418 P,
1114 4354 1200 4408 utitur
1213 4354 1240 4404 V
1281 4355 1314 4408 31
1328 4352 1491 4408 obstantP·
1536 4355 1573 4408 32
1591 4355 1697 4423 adgno

256 4423 606 4492 ipsiusP(odd.al.istius)
622 4423 647 4475 U
693 4425 726 4477 14
743 4423 898 4477 *eiiustam
911 4425 950 4476 F²
1002 4425 1085 4479 tionis
1103 4426 1139 4478 Ρ
1192 4426 1227 4479 33
1245 4440 1326 4479 suum
1344 4425 1415 4491 esec]
1437 4440 1517 4479 suum
1535 4440 1598 4480 esse
1616 4427 1698 4481 liber·

258 4496 291 4550 15
309 4495 470 4549 tautamam
487 4495 632 4563 pecuniam
656 4495 700 4558 P,
723 4493 884 4549 tantundem
902 4509 948 4563 pe·
1002 4500 1061 4549 tum
1074 4496 1120 4558 Ρη
1139 4511 1220 4549 suum
1238 4511 1299 4550 esse
1313 4495 1427 4550 liberum
1439 4495 1512 4559 P‘U,
1530 4511 1612 4550 suum
1631 4497 1698 4552 libe

256 4566 364 4621 cuniam
377 4566 437 4629 PV,
454 4565 615 4620 tantundem
633 4566 765 4633 peccunia
783 4565 824 4633 Ul
840 4565 949 4634 quodsi
1002 4583 1062 4622 rum
1086 4580 1147 4621 esse
1175 4567 1202 4618 V
1257 4568 1292 4620 34
1316 4567 1374 4621 seio
1396 4568 1436 4620 P·
1494 4568 1529 4621 35
1551 4567 1697 4637 interposi·

256 4637 346 4706 quasi}
366 4637 412 4704 qui
431 4636 454 4690 si
472 4637 512 4690 Ρ·
567 4637 601 4690 16
624 4636 721 4690 atitio
740 4637 777 4689 pe
831 4639 863 4690 l'l
886 4650 948 4690 cum
1001 4636 1110 4692 t'o’isF
1150 4638 1184 4692 37
1197 4638 1259 4691 sei·
1275 4638 1319 4704 ΡΙ
1334 4636 1485 4691 er'u'antF
1519 4639 1554 4691 38
1567 4637 1639 4693 latre
1653 4640 1696 4699 ΓΙ

256 4707 392 4777 prohiberi
402 4708 432 4771 P,
442 4705 585 4775 prohibere
594 4721 656 4761 eum
667 4707 694 4759 V
706 4708 710 4773 Ι
726 4707 905 4761 credidisset
912 4708 949 4760 Ρ
1002 4707 1160 4776 subreptam
1176 4708 1221 4772 (al.
1235 4706 1429 4773 substractam)
1443 4709 1487 4774 ΡΙ
1503 4709 1697 4780 instrumento]

256 4782 292 4833 20
309 4778 518 4847 opponendam
530 4779 569 4831 Ε)
619 4779 652 4832 21
671 4777 733 4832 aed.
746 4778 949 4847 cur.]curilium
1002 4779 1215 4833 uestimentoP·
1255 4780 1290 4833 39
1303 4783 1415 4847 pactum
1423 4778 1576 4848 diuisloms]
1592 4779 1697 4835 sactum

256 4853 315 4917 (om.
327 4850 400 4915 aed.)
415 4851 442 4903 P
492 4851 527 4903 ab
545 4848 681 4903 mandatis
699 4848 755 4903 iud.
773 4849 817 4915 ΡΙ
832 4847 903 4903 forte
914 4849 938 4902 si
1002 4849 1158 4905 conuentioi
1181 4851 1249 4915 (ate)
1268 4851 1318 4917 ΡΙ
1342 4848 1480 4918 subrepta]
1505 4849 1651 4905 subtracta
1674 4852 1702 4905 Ρ

293 4926 334 4975 rte
358 4921 381 4975 si
399 4921 444 4985 Ρ,
466 4918 538 4976 forte
561 4925 590 4974 et
612 4921 636 4975 ei
658 4920 698 4974 P·
751 4921 786 4974 28
809 4919 937 4975 filiosuo
1002 4921 1038 4976 ta
1054 4919 1201 4975 utilite'i'r
1218 4919 1254 4975 Εὖ

286 4992 367 5048 idue
386 4993 422 5046 F¹
480 4993 515 5048 29
538 4991 726 5061 exceptionem
751 4991 792 5046 P·
845 4992 880 5046 30
902 5006 948 5045 ex·
