<?xml version="1.0" encoding="UTF-8"?>
<!DOCTYPE html PUBLIC "-//W3C//DTD XHTML 1.0 Transitional//EN"
    "http://www.w3.org/TR/xhtml1/DTD/xhtml1-transitional.dtd">
<html xmlns="http://www.w3.org/1999/xhtml" xml:lang="en" lang="en">
 <head>
  <title>
</title>
<meta http-equiv="Content-Type" content="text/html;charset=utf-8" />
  <meta name='ocr-system' content='tesseract 3.04.00' />
  <meta name='ocr-capabilities' content='ocr_page ocr_carea ocr_par ocr_line ocrx_word'/>
</head>
<body>
  <div class='ocr_page' id='page_1' title='image "./digestaiustinia01kruegoog/digestaiustinia01kruegoog_0051.png"; bbox 0 0 3584 5326; ppageno 0'>
   <div class='ocr_carea' id='block_1_1' title="bbox 901 169 1174 248">
    <p class='ocr_par' dir='ltr' id='par_1_1' title="bbox 901 169 1174 248">
     <span class='ocr_line' id='line_1_1' title="bbox 901 169 1174 248; baseline 0.029 -8"><span class='ocrx_word' id='word_1_1' title='bbox 901 169 1080 240; x_wconf 78' lang='lat' dir='ltr'><strong>xxxxiiii</strong></span> <span class='ocrx_word' id='word_1_2' title='bbox 1172 235 1174 248; x_wconf 92' lang='lat'>.</span> 
     </span>
    </p>
   </div>
   <div class='ocr_carea' id='block_1_2' title="bbox 146 347 1707 4167">
    <p class='ocr_par' dir='ltr' id='par_1_2' title="bbox 192 347 1707 3525">
     <span class='ocr_line' id='line_1_2' title="bbox 192 347 1706 421; baseline -0.001 -15"><span class='ocrx_word' id='word_1_3' title='bbox 192 383 195 392; x_wconf 38' lang='lat' dir='ltr'><strong>r</strong></span> <span class='ocrx_word' id='word_1_4' title='bbox 273 353 384 421; x_wconf 77' lang='lat' dir='ltr'><strong>parahs.</strong></span> <span class='ocrx_word' id='word_1_5' title='bbox 413 349 486 421; x_wconf 92' lang='lat' dir='ltr'><strong>quod</strong></span> <span class='ocrx_word' id='word_1_6' title='bbox 505 354 536 406; x_wconf 90' lang='lat' dir='ltr'><strong>ut</strong></span> <span class='ocrx_word' id='word_1_7' title='bbox 554 349 606 406; x_wconf 87' lang='lat' dir='ltr'><strong>ieci</strong></span> <span class='ocrx_word' id='word_1_8' title='bbox 625 348 740 406; x_wconf 82' lang='lat' dir='ltr'>libenter</span> <span class='ocrx_word' id='word_1_9' title='bbox 751 350 780 404; x_wconf 90' lang='lat' dir='ltr'><strong>in</strong></span> <span class='ocrx_word' id='word_1_10' title='bbox 792 349 970 405; x_wconf 80' lang='lat' dir='ltr'><strong>Basilicarum</strong></span> <span class='ocrx_word' id='word_1_11' title='bbox 983 347 1058 404; x_wconf 91' lang='lat' dir='ltr'><strong>libris</strong></span> <span class='ocrx_word' id='word_1_12' title='bbox 1071 347 1311 418; x_wconf 85' lang='lat' dir='ltr'><strong>XIIII-XVIIII,</strong></span> <span class='ocrx_word' id='word_1_13' title='bbox 1330 362 1398 418; x_wconf 91' lang='lat' dir='ltr'><strong>quos</strong></span> <span class='ocrx_word' id='word_1_14' title='bbox 1411 349 1560 404; x_wconf 84' lang='lat' dir='ltr'><strong>recensitos</strong></span> <span class='ocrx_word' id='word_1_15' title='bbox 1571 348 1706 405; x_wconf 90' lang='lat' dir='ltr'><strong>habemus</strong></span> 
     </span>
     <span class='ocr_line' id='line_1_3' title="bbox 272 455 1705 528; baseline -0.001 -14"><span class='ocrx_word' id='word_1_16' title='bbox 272 458 359 528; x_wconf 89' lang='lat' dir='ltr'><strong>perite</strong></span> <span class='ocrx_word' id='word_1_17' title='bbox 377 463 406 514; x_wconf 92' lang='lat' dir='ltr'><strong>et</strong></span> <span class='ocrx_word' id='word_1_18' title='bbox 422 459 502 528; x_wconf 91' lang='lat' dir='ltr'><strong>plene</strong></span> <span class='ocrx_word' id='word_1_19' title='bbox 524 457 737 528; x_wconf 86' lang='lat' dir='ltr'><strong>sZachariaco,</strong></span> <span class='ocrx_word' id='word_1_20' title='bbox 760 457 801 512; x_wconf 91' lang='lat' dir='ltr'><strong>lta</strong></span> <span class='ocrx_word' id='word_1_21' title='bbox 823 460 935 514; x_wconf 89' lang='lat' dir='ltr'><strong>coactus</strong></span> <span class='ocrx_word' id='word_1_22' title='bbox 959 461 988 511; x_wconf 91' lang='lat' dir='ltr'><strong>et</strong></span> <span class='ocrx_word' id='word_1_23' title='bbox 1011 471 1094 526; x_wconf 88' lang='lat' dir='ltr'><strong>saepe</strong></span> <span class='ocrx_word' id='word_1_24' title='bbox 1117 457 1220 512; x_wconf 87' lang='lat' dir='ltr'><strong>inuitus</strong></span> <span class='ocrx_word' id='word_1_25' title='bbox 1242 456 1271 511; x_wconf 90' lang='lat' dir='ltr'><strong>in</strong></span> <span class='ocrx_word' id='word_1_26' title='bbox 1287 459 1365 527; x_wconf 88' lang='lat' dir='ltr'><strong>parte</strong></span> <span class='ocrx_word' id='word_1_27' title='bbox 1383 455 1464 526; x_wconf 81' lang='lat' dir='ltr'><strong>longe</strong></span> <span class='ocrx_word' id='word_1_28' title='bbox 1482 456 1597 527; x_wconf 87' lang='lat' dir='ltr'><strong>maiore,</strong></span> <span class='ocrx_word' id='word_1_29' title='bbox 1621 471 1705 527; x_wconf 82' lang='lat' dir='ltr'><strong>quam</strong></span> 
     </span>
     <span class='ocr_line' id='line_1_4' title="bbox 272 553 1706 636; baseline -0.001 -15"><span class='ocrx_word' id='word_1_30' title='bbox 272 571 440 636; x_wconf 87' lang='lat' dir='ltr'><strong>postremum</strong></span> <span class='ocrx_word' id='word_1_31' title='bbox 459 565 619 635; x_wconf 81' lang='lat' dir='ltr'><strong>recognouit</strong></span> <span class='ocrx_word' id='word_1_32' title='bbox 636 553 749 620; x_wconf 78' lang='lat' dir='ltr'><strong>Carolus</strong></span> <span class='ocrx_word' id='word_1_33' title='bbox 768 561 919 619; x_wconf 85' lang='lat' dir='ltr'><strong>Guilelmus</strong></span> <span class='ocrx_word' id='word_1_34' title='bbox 930 561 1094 618; x_wconf 85' lang='lat' dir='ltr'><strong>Heimbach:</strong></span> <span class='ocrx_word' id='word_1_35' title='bbox 1113 579 1176 618; x_wconf 91' lang='lat' dir='ltr'><strong>nam</strong></span> <span class='ocrx_word' id='word_1_36' title='bbox 1194 578 1257 618; x_wconf 91' lang='lat' dir='ltr'><strong>cum</strong></span> <span class='ocrx_word' id='word_1_37' title='bbox 1275 561 1319 618; x_wconf 92' lang='lat' dir='ltr'><strong>hic</strong></span> <span class='ocrx_word' id='word_1_38' title='bbox 1337 561 1372 617; x_wconf 89' lang='lat' dir='ltr'><strong>de</strong></span> <span class='ocrx_word' id='word_1_39' title='bbox 1385 563 1509 618; x_wconf 88' lang='lat' dir='ltr'><strong>Basilicis</strong></span> <span class='ocrx_word' id='word_1_40' title='bbox 1527 565 1631 634; x_wconf 90' lang='lat' dir='ltr'><strong>optime</strong></span> <span class='ocrx_word' id='word_1_41' title='bbox 1649 579 1706 620; x_wconf 88' lang='lat' dir='ltr'><strong>ms-</strong></span> 
     </span>
     <span class='ocr_line' id='line_1_5' title="bbox 273 669 1705 743; baseline -0.002 -14"><span class='ocrx_word' id='word_1_42' title='bbox 273 674 358 729; x_wconf 89' lang='lat' dir='ltr'><strong>ruerit</strong></span> <span class='ocrx_word' id='word_1_43' title='bbox 375 675 457 728; x_wconf 89' lang='lat' dir='ltr'><strong>aucto</strong></span> <span class='ocrx_word' id='word_1_44' title='bbox 476 677 617 743; x_wconf 88' lang='lat' dir='ltr'><strong>apparatu,</strong></span> <span class='ocrx_word' id='word_1_45' title='bbox 640 671 758 727; x_wconf 88' lang='lat' dir='ltr'><strong>maxime</strong></span> <span class='ocrx_word' id='word_1_46' title='bbox 776 671 912 741; x_wconf 74' lang='lat' dir='ltr'><strong>excerptis</strong></span> <span class='ocrx_word' id='word_1_47' title='bbox 929 669 1109 740; x_wconf 86' lang='lat' dir='ltr'><strong>Tipucitianis</strong></span> <span class='ocrx_word' id='word_1_48' title='bbox 1128 669 1240 741; x_wconf 89' lang='lat' dir='ltr'><strong>abipso</strong></span> <span class='ocrx_word' id='word_1_49' title='bbox 1258 669 1374 741; x_wconf 91' lang='lat' dir='ltr'><strong>primum</strong></span> <span class='ocrx_word' id='word_1_50' title='bbox 1393 669 1489 740; x_wconf 89' lang='lat' dir='ltr'><strong>editis,</strong></span> <span class='ocrx_word' id='word_1_51' title='bbox 1508 671 1547 725; x_wconf 88' lang='lat' dir='ltr'><strong>ita</strong></span> <span class='ocrx_word' id='word_1_52' title='bbox 1564 671 1593 726; x_wconf 89' lang='lat' dir='ltr'><strong>iu</strong></span> <span class='ocrx_word' id='word_1_53' title='bbox 1611 686 1705 726; x_wconf 88' lang='lat' dir='ltr'><strong>recen·</strong></span> 
     </span>
     <span class='ocr_line' id='line_1_6' title="bbox 273 775 1705 850; baseline -0.001 -15"><span class='ocrx_word' id='word_1_54' title='bbox 273 781 350 835; x_wconf 91' lang='lat' dir='ltr'><strong>sione</strong></span> <span class='ocrx_word' id='word_1_55' title='bbox 373 780 431 835; x_wconf 87' lang='lat' dir='ltr'><strong>eius</strong></span> <span class='ocrx_word' id='word_1_56' title='bbox 450 780 522 834; x_wconf 89' lang='lat' dir='ltr'><strong>iusta</strong></span> <span class='ocrx_word' id='word_1_57' title='bbox 543 778 667 835; x_wconf 87' lang='lat' dir='ltr'><strong>doctrina</strong></span> <span class='ocrx_word' id='word_1_58' title='bbox 684 783 713 834; x_wconf 89' lang='lat' dir='ltr'><strong>et</strong></span> <span class='ocrx_word' id='word_1_59' title='bbox 729 779 811 850; x_wconf 90' lang='lat' dir='ltr'><strong>plena</strong></span> <span class='ocrx_word' id='word_1_60' title='bbox 828 777 970 847; x_wconf 83' lang='lat' dir='ltr'><strong>diligentia</strong></span> <span class='ocrx_word' id='word_1_61' title='bbox 987 777 1165 833; x_wconf 85' lang='lat' dir='ltr'><strong>desideratur.</strong></span> <span class='ocrx_word' id='word_1_62' title='bbox 1192 793 1247 833; x_wconf 92' lang='lat' dir='ltr'><strong>non</strong></span> <span class='ocrx_word' id='word_1_63' title='bbox 1266 775 1327 833; x_wconf 90' lang='lat' dir='ltr'><strong>dico</strong></span> <span class='ocrx_word' id='word_1_64' title='bbox 1345 776 1380 832; x_wconf 91' lang='lat' dir='ltr'><strong>de</strong></span> <span class='ocrx_word' id='word_1_65' title='bbox 1397 776 1489 833; x_wconf 89' lang='lat' dir='ltr'><strong>uerbis</strong></span> <span class='ocrx_word' id='word_1_66' title='bbox 1507 791 1705 847; x_wconf 78' lang='lat' dir='ltr'><strong>recognoscen-</strong></span> 
     </span>
     <span class='ocr_line' id='line_1_7' title="bbox 272 883 1706 957; baseline -0.002 -15"><span class='ocrx_word' id='word_1_67' title='bbox 272 887 327 942; x_wconf 83' lang='lat' dir='ltr'><strong>dis:</strong></span> <span class='ocrx_word' id='word_1_68' title='bbox 352 902 415 942; x_wconf 90' lang='lat' dir='ltr'><strong>nam</strong></span> <span class='ocrx_word' id='word_1_69' title='bbox 433 901 599 957; x_wconf 88' lang='lat' dir='ltr'><strong>quamquam</strong></span> <span class='ocrx_word' id='word_1_70' title='bbox 617 886 712 955; x_wconf 84' lang='lat' dir='ltr'><strong>negari</strong></span> <span class='ocrx_word' id='word_1_71' title='bbox 730 901 784 941; x_wconf 91' lang='lat' dir='ltr'><strong>nou</strong></span> <span class='ocrx_word' id='word_1_72' title='bbox 802 889 895 956; x_wconf 88' lang='lat' dir='ltr'><strong>potest</strong></span> <span class='ocrx_word' id='word_1_73' title='bbox 910 899 971 940; x_wconf 89' lang='lat' dir='ltr'><strong>raro</strong></span> <span class='ocrx_word' id='word_1_74' title='bbox 988 884 1061 940; x_wconf 87' lang='lat' dir='ltr'><strong>ultra</strong></span> <span class='ocrx_word' id='word_1_75' title='bbox 1077 883 1161 940; x_wconf 89' lang='lat' dir='ltr'><strong>libros</strong></span> <span class='ocrx_word' id='word_1_76' title='bbox 1179 885 1294 956; x_wconf 88' lang='lat' dir='ltr'><strong>scriptos</strong></span> <span class='ocrx_word' id='word_1_77' title='bbox 1312 883 1443 940; x_wconf 77' lang='lat' dir='ltr'><strong>editorem</strong></span> <span class='ocrx_word' id='word_1_78' title='bbox 1462 899 1566 955; x_wconf 89' lang='lat' dir='ltr'><strong>sapere,</strong></span> <span class='ocrx_word' id='word_1_79' title='bbox 1585 885 1706 940; x_wconf 89' lang='lat' dir='ltr'><strong>maxime</strong></span> 
     </span>
     <span class='ocr_line' id='line_1_8' title="bbox 272 991 1707 1064; baseline -0.001 -16"><span class='ocrx_word' id='word_1_80' title='bbox 272 995 300 1048; x_wconf 92' lang='lat' dir='ltr'><strong>in</strong></span> <span class='ocrx_word' id='word_1_81' title='bbox 318 993 436 1064; x_wconf 81' lang='lat' dir='ltr'><strong>scholiis,</strong></span> <span class='ocrx_word' id='word_1_82' title='bbox 455 997 483 1048; x_wconf 90' lang='lat' dir='ltr'><strong>et</strong></span> <span class='ocrx_word' id='word_1_83' title='bbox 501 1008 535 1048; x_wconf 91' lang='lat' dir='ltr'><strong>ne</strong></span> <span class='ocrx_word' id='word_1_84' title='bbox 553 992 644 1048; x_wconf 82' lang='lat' dir='ltr'><strong>hiatus</strong></span> <span class='ocrx_word' id='word_1_85' title='bbox 662 991 772 1063; x_wconf 89' lang='lat' dir='ltr'><strong>quidem</strong></span> <span class='ocrx_word' id='word_1_86' title='bbox 792 1007 854 1047; x_wconf 89' lang='lat' dir='ltr'><strong>sum</strong></span> <span class='ocrx_word' id='word_1_87' title='bbox 872 991 1037 1048; x_wconf 89' lang='lat' dir='ltr'><strong>indicauisse</strong></span> <span class='ocrx_word' id='word_1_88' title='bbox 1056 991 1177 1062; x_wconf 89' lang='lat' dir='ltr'><strong>aliosque</strong></span> <span class='ocrx_word' id='word_1_89' title='bbox 1197 1007 1302 1047; x_wconf 82' lang='lat' dir='ltr'><strong>emotas</strong></span> <span class='ocrx_word' id='word_1_90' title='bbox 1321 1007 1381 1064; x_wconf 87' lang='lat' dir='ltr'><strong>eos,</strong></span> <span class='ocrx_word' id='word_1_91' title='bbox 1405 993 1452 1062; x_wconf 95' lang='lat' dir='ltr'><strong>qui</strong></span> <span class='ocrx_word' id='word_1_92' title='bbox 1470 992 1575 1047; x_wconf 88' lang='lat' dir='ltr'><strong>Latinis</strong></span> <span class='ocrx_word' id='word_1_93' title='bbox 1598 993 1707 1048; x_wconf 89' lang='lat' dir='ltr'><strong>collatis</strong></span> 
     </span>
     <span class='ocr_line' id='line_1_9' title="bbox 271 1097 1706 1171; baseline -0.001 -16"><span class='ocrx_word' id='word_1_94' title='bbox 271 1099 397 1156; x_wconf 83' lang='lat' dir='ltr'><strong>facillime</strong></span> <span class='ocrx_word' id='word_1_95' title='bbox 415 1100 668 1171; x_wconf 87' lang='lat' dir='ltr'><strong>deprehenduntur,</strong></span> <span class='ocrx_word' id='word_1_96' title='bbox 689 1114 760 1169; x_wconf 91' lang='lat' dir='ltr'><strong>quae</strong></span> <span class='ocrx_word' id='word_1_97' title='bbox 778 1113 811 1154; x_wconf 91' lang='lat' dir='ltr'><strong>co</strong></span> <span class='ocrx_word' id='word_1_98' title='bbox 832 1099 941 1154; x_wconf 89' lang='lat' dir='ltr'><strong>nomine</strong></span> <span class='ocrx_word' id='word_1_99' title='bbox 958 1099 1099 1169; x_wconf 88' lang='lat' dir='ltr'><strong>peccauit,</strong></span> <span class='ocrx_word' id='word_1_100' title='bbox 1122 1102 1258 1169; x_wconf 90' lang='lat' dir='ltr'><strong>quatenus</strong></span> <span class='ocrx_word' id='word_1_101' title='bbox 1275 1103 1369 1156; x_wconf 87' lang='lat' dir='ltr'><strong>nostra</strong></span> <span class='ocrx_word' id='word_1_102' title='bbox 1387 1097 1509 1154; x_wconf 81' lang='lat' dir='ltr'><strong>interfuit</strong></span> <span class='ocrx_word' id='word_1_103' title='bbox 1525 1099 1578 1170; x_wconf 86' lang='lat' dir='ltr'><strong>ipsi</strong></span> <span class='ocrx_word' id='word_1_104' title='bbox 1601 1099 1706 1169; x_wconf 89' lang='lat' dir='ltr'><strong>aliqua-</strong></span> 
     </span>
     <span class='ocr_line' id='line_1_10' title="bbox 271 1205 1706 1278; baseline 0 -16"><span class='ocrx_word' id='word_1_105' title='bbox 271 1212 351 1263; x_wconf 90' lang='lat' dir='ltr'><strong>tenus</strong></span> <span class='ocrx_word' id='word_1_106' title='bbox 379 1208 490 1278; x_wconf 87' lang='lat' dir='ltr'><strong>explere</strong></span> <span class='ocrx_word' id='word_1_107' title='bbox 519 1207 667 1278; x_wconf 88' lang='lat' dir='ltr'><strong>potuimus.</strong></span> <span class='ocrx_word' id='word_1_108' title='bbox 704 1221 756 1263; x_wconf 94' lang='lat' dir='ltr'><strong>nec</strong></span> <span class='ocrx_word' id='word_1_109' title='bbox 781 1220 946 1276; x_wconf 81' lang='lat' dir='ltr'><strong>magnopere</strong></span> <span class='ocrx_word' id='word_1_110' title='bbox 973 1205 1038 1260; x_wconf 89' lang='lat' dir='ltr'><strong>mihi</strong></span> <span class='ocrx_word' id='word_1_111' title='bbox 1069 1206 1181 1261; x_wconf 83' lang='lat' dir='ltr'><strong>affuisse</strong></span> <span class='ocrx_word' id='word_1_112' title='bbox 1207 1207 1303 1276; x_wconf 85' lang='lat' dir='ltr'><strong>opinor</strong></span> <span class='ocrx_word' id='word_1_113' title='bbox 1330 1206 1492 1264; x_wconf 88' lang='lat' dir='ltr'><strong>scholiorum</strong></span> <span class='ocrx_word' id='word_1_114' title='bbox 1520 1206 1706 1276; x_wconf 71' lang='lat' dir='ltr'><strong>antiquiorum</strong></span> 
     </span>
     <span class='ocr_line' id='line_1_11' title="bbox 271 1312 1706 1385; baseline -0.001 -16"><span class='ocrx_word' id='word_1_115' title='bbox 271 1315 505 1385; x_wconf 73' lang='lat' dir='ltr'><strong>recentiorumque</strong></span> <span class='ocrx_word' id='word_1_116' title='bbox 524 1313 724 1370; x_wconf 86' lang='lat' dir='ltr'><strong>confusionem:</strong></span> <span class='ocrx_word' id='word_1_117' title='bbox 749 1329 811 1369; x_wconf 91' lang='lat' dir='ltr'><strong>nam</strong></span> <span class='ocrx_word' id='word_1_118' title='bbox 836 1312 903 1368; x_wconf 86' lang='lat' dir='ltr'><strong>haec</strong></span> <span class='ocrx_word' id='word_1_119' title='bbox 926 1329 987 1368; x_wconf 90' lang='lat' dir='ltr'><strong>cum</strong></span> <span class='ocrx_word' id='word_1_120' title='bbox 1013 1314 1205 1368; x_wconf 90' lang='lat' dir='ltr'><strong>molestissima</strong></span> <span class='ocrx_word' id='word_1_121' title='bbox 1227 1314 1264 1369; x_wconf 86' lang='lat' dir='ltr'><strong>sit</strong></span> <span class='ocrx_word' id='word_1_122' title='bbox 1287 1314 1319 1369; x_wconf 88' lang='lat' dir='ltr'><strong>iis</strong></span> <span class='ocrx_word' id='word_1_123' title='bbox 1338 1314 1385 1384; x_wconf 89' lang='lat' dir='ltr'><strong>qui</strong></span> <span class='ocrx_word' id='word_1_124' title='bbox 1402 1313 1520 1369; x_wconf 89' lang='lat' dir='ltr'><strong>Basilica</strong></span> <span class='ocrx_word' id='word_1_125' title='bbox 1537 1312 1626 1368; x_wconf 90' lang='lat' dir='ltr'><strong>obiter</strong></span> <span class='ocrx_word' id='word_1_126' title='bbox 1644 1317 1706 1368; x_wconf 89' lang='lat' dir='ltr'><strong>tan-</strong></span> 
     </span>
     <span class='ocr_line' id='line_1_12' title="bbox 270 1417 1706 1492; baseline -0.001 -16"><span class='ocrx_word' id='word_1_127' title='bbox 270 1426 329 1477; x_wconf 90' lang='lat' dir='ltr'><strong>tum</strong></span> <span class='ocrx_word' id='word_1_128' title='bbox 348 1422 508 1478; x_wconf 87' lang='lat' dir='ltr'><strong>eucluentee</strong></span> <span class='ocrx_word' id='word_1_129' title='bbox 525 1427 661 1492; x_wconf 83' lang='lat' dir='ltr'><strong>coguntur</strong></span> <span class='ocrx_word' id='word_1_130' title='bbox 678 1421 706 1477; x_wconf 93' lang='lat' dir='ltr'><strong>in</strong></span> <span class='ocrx_word' id='word_1_131' title='bbox 724 1421 770 1476; x_wconf 91' lang='lat' dir='ltr'><strong>illo</strong></span> <span class='ocrx_word' id='word_1_132' title='bbox 788 1425 922 1491; x_wconf 89' lang='lat' dir='ltr'><strong>apparatu</strong></span> <span class='ocrx_word' id='word_1_133' title='bbox 939 1425 1078 1490; x_wconf 67' lang='lat' dir='ltr'><strong>umquam</strong></span> <span class='ocrx_word' id='word_1_134' title='bbox 1097 1421 1124 1475; x_wconf 91' lang='lat' dir='ltr'><strong>in</strong></span> <span class='ocrx_word' id='word_1_135' title='bbox 1143 1421 1219 1476; x_wconf 86' lang='lat' dir='ltr'><strong>siluis</strong></span> <span class='ocrx_word' id='word_1_136' title='bbox 1238 1419 1325 1476; x_wconf 91' lang='lat' dir='ltr'><strong>deuiis</strong></span> <span class='ocrx_word' id='word_1_137' title='bbox 1340 1421 1399 1476; x_wconf 88' lang='lat' dir='ltr'><strong>sine</strong></span> <span class='ocrx_word' id='word_1_138' title='bbox 1417 1421 1488 1476; x_wconf 90' lang='lat' dir='ltr'><strong>duce</strong></span> <span class='ocrx_word' id='word_1_139' title='bbox 1506 1434 1604 1490; x_wconf 90' lang='lat' dir='ltr'><strong>errare,</strong></span> <span class='ocrx_word' id='word_1_140' title='bbox 1622 1417 1706 1475; x_wconf 82' lang='lat' dir='ltr'><strong>facile</strong></span> 
     </span>
     <span class='ocr_line' id='line_1_13' title="bbox 271 1526 1705 1600; baseline -0.002 -16"><span class='ocrx_word' id='word_1_141' title='bbox 271 1529 348 1596; x_wconf 41' lang='lat' dir='ltr'><strong>ulam,</strong></span> <span class='ocrx_word' id='word_1_142' title='bbox 362 1529 484 1584; x_wconf 90' lang='lat' dir='ltr'><strong>inueniet</strong></span> <span class='ocrx_word' id='word_1_143' title='bbox 502 1532 531 1584; x_wconf 89' lang='lat' dir='ltr'><strong>et</strong></span> <span class='ocrx_word' id='word_1_144' title='bbox 549 1529 584 1584; x_wconf 87' lang='lat' dir='ltr'><strong>ad</strong></span> <span class='ocrx_word' id='word_1_145' title='bbox 603 1545 682 1584; x_wconf 88' lang='lat' dir='ltr'><strong>suum</strong></span> <span class='ocrx_word' id='word_1_146' title='bbox 701 1543 826 1599; x_wconf 88' lang='lat' dir='ltr'><strong>quaeque</strong></span> <span class='ocrx_word' id='word_1_147' title='bbox 844 1531 983 1583; x_wconf 78' lang='lat' dir='ltr'><strong>auctorem</strong></span> <span class='ocrx_word' id='word_1_148' title='bbox 1002 1526 1150 1597; x_wconf 88' lang='lat' dir='ltr'><strong>reuocabit,</strong></span> <span class='ocrx_word' id='word_1_149' title='bbox 1169 1527 1216 1597; x_wconf 92' lang='lat' dir='ltr'><strong>qui</strong></span> <span class='ocrx_word' id='word_1_150' title='bbox 1233 1527 1261 1583; x_wconf 89' lang='lat' dir='ltr'><strong>in</strong></span> <span class='ocrx_word' id='word_1_151' title='bbox 1273 1529 1398 1583; x_wconf 89' lang='lat' dir='ltr'><strong>Basilicis</strong></span> <span class='ocrx_word' id='word_1_152' title='bbox 1416 1543 1527 1600; x_wconf 91' lang='lat' dir='ltr'><strong>operam</strong></span> <span class='ocrx_word' id='word_1_153' title='bbox 1545 1527 1705 1583; x_wconf 87' lang='lat' dir='ltr'><strong>continuam</strong></span> 
     </span>
     <span class='ocr_line' id='line_1_14' title="bbox 269 1633 1705 1706; baseline -0.001 -15"><span class='ocrx_word' id='word_1_154' title='bbox 269 1636 392 1706; x_wconf 88' lang='lat' dir='ltr'><strong>posuerit</strong></span> <span class='ocrx_word' id='word_1_155' title='bbox 410 1637 497 1706; x_wconf 87' lang='lat' dir='ltr'><strong>iisque</strong></span> <span class='ocrx_word' id='word_1_156' title='bbox 515 1635 556 1692; x_wconf 90' lang='lat' dir='ltr'><strong>uti</strong></span> <span class='ocrx_word' id='word_1_157' title='bbox 574 1635 708 1691; x_wconf 89' lang='lat' dir='ltr'><strong>didicerit.</strong></span> <span class='ocrx_word' id='word_1_158' title='bbox 740 1635 857 1705; x_wconf 90' lang='lat' dir='ltr'><strong>denique</strong></span> <span class='ocrx_word' id='word_1_159' title='bbox 882 1634 955 1705; x_wconf 92' lang='lat' dir='ltr'><strong>quod</strong></span> <span class='ocrx_word' id='word_1_160' title='bbox 978 1634 1134 1704; x_wconf 86' lang='lat' dir='ltr'><strong>propediem</strong></span> <span class='ocrx_word' id='word_1_161' title='bbox 1160 1633 1279 1705; x_wconf 86' lang='lat' dir='ltr'><strong>prodibit</strong></span> <span class='ocrx_word' id='word_1_162' title='bbox 1296 1640 1404 1690; x_wconf 88' lang='lat' dir='ltr'><strong>sextum</strong></span> <span class='ocrx_word' id='word_1_163' title='bbox 1426 1636 1553 1690; x_wconf 90' lang='lat' dir='ltr'><strong>uolumen</strong></span> <span class='ocrx_word' id='word_1_164' title='bbox 1574 1633 1705 1690; x_wconf 78' lang='lat' dir='ltr'><strong>editionis</strong></span> 
     </span>
     <span class='ocr_line' id='line_1_15' title="bbox 270 1739 1705 1813; baseline 0 -15"><span class='ocrx_word' id='word_1_165' title='bbox 270 1741 501 1798; x_wconf 86' lang='lat' dir='ltr'><strong>Heimbachianae</strong></span> <span class='ocrx_word' id='word_1_166' title='bbox 519 1758 600 1813; x_wconf 90' lang='lat' dir='ltr'><strong>quem</strong></span> <span class='ocrx_word' id='word_1_167' title='bbox 620 1743 647 1798; x_wconf 89' lang='lat' dir='ltr'><strong>iu</strong></span> <span class='ocrx_word' id='word_1_168' title='bbox 665 1743 726 1813; x_wconf 91' lang='lat' dir='ltr'><strong>ipso</strong></span> <span class='ocrx_word' id='word_1_169' title='bbox 744 1757 826 1812; x_wconf 93' lang='lat' dir='ltr'><strong>opere</strong></span> <span class='ocrx_word' id='word_1_170' title='bbox 844 1743 931 1798; x_wconf 92' lang='lat' dir='ltr'><strong>lector</strong></span> <span class='ocrx_word' id='word_1_171' title='bbox 948 1741 1086 1797; x_wconf 84' lang='lat' dir='ltr'><strong>desideret</strong></span> <span class='ocrx_word' id='word_1_172' title='bbox 1103 1741 1220 1796; x_wconf 89' lang='lat' dir='ltr'><strong>indicem</strong></span> <span class='ocrx_word' id='word_1_173' title='bbox 1239 1741 1410 1811; x_wconf 88' lang='lat' dir='ltr'><strong>aliquatenus</strong></span> <span class='ocrx_word' id='word_1_174' title='bbox 1428 1739 1622 1812; x_wconf 81' lang='lat' dir='ltr'><strong>suppeditabit.</strong></span> <span class='ocrx_word' id='word_1_175' title='bbox 1653 1741 1705 1798; x_wconf 85' lang='lat' dir='ltr'><strong>scd</strong></span> 
     </span>
     <span class='ocr_line' id='line_1_16' title="bbox 270 1847 1704 1920; baseline -0.001 -15"><span class='ocrx_word' id='word_1_176' title='bbox 270 1865 336 1905; x_wconf 89' lang='lat' dir='ltr'><strong>uere</strong></span> <span class='ocrx_word' id='word_1_177' title='bbox 354 1851 447 1905; x_wconf 90' lang='lat' dir='ltr'><strong>nocuit</strong></span> <span class='ocrx_word' id='word_1_178' title='bbox 464 1851 580 1920; x_wconf 91' lang='lat' dir='ltr'><strong>primum</strong></span> <span class='ocrx_word' id='word_1_179' title='bbox 599 1849 727 1906; x_wconf 87' lang='lat' dir='ltr'><strong>editionis</strong></span> <span class='ocrx_word' id='word_1_180' title='bbox 745 1849 886 1906; x_wconf 88' lang='lat' dir='ltr'><strong>adornatio</strong></span> <span class='ocrx_word' id='word_1_181' title='bbox 905 1850 944 1904; x_wconf 87' lang='lat' dir='ltr'><strong>ita</strong></span> <span class='ocrx_word' id='word_1_182' title='bbox 961 1854 1131 1919; x_wconf 88' lang='lat' dir='ltr'><strong>comparata,</strong></span> <span class='ocrx_word' id='word_1_183' title='bbox 1155 1853 1187 1904; x_wconf 91' lang='lat' dir='ltr'><strong>ut</strong></span> <span class='ocrx_word' id='word_1_184' title='bbox 1211 1849 1239 1904; x_wconf 90' lang='lat' dir='ltr'><strong>iu</strong></span> <span class='ocrx_word' id='word_1_185' title='bbox 1262 1849 1352 1919; x_wconf 84' lang='lat' dir='ltr'><strong>longis</strong></span> <span class='ocrx_word' id='word_1_186' title='bbox 1375 1848 1516 1904; x_wconf 88' lang='lat' dir='ltr'><strong>ordinibus</strong></span> <span class='ocrx_word' id='word_1_187' title='bbox 1538 1847 1704 1904; x_wconf 80' lang='lat' dir='ltr'><strong>scholiorum</strong></span> 
     </span>
     <span class='ocr_line' id='line_1_17' title="bbox 270 1954 1706 2034; baseline -0.001 -22"><span class='ocrx_word' id='word_1_188' title='bbox 270 1961 299 2012; x_wconf 91' lang='lat' dir='ltr'><strong>et</strong></span> <span class='ocrx_word' id='word_1_189' title='bbox 322 1971 404 2026; x_wconf 89' lang='lat' dir='ltr'><strong>saepe</strong></span> <span class='ocrx_word' id='word_1_190' title='bbox 431 1957 570 2013; x_wconf 90' lang='lat' dir='ltr'><strong>collocatis</strong></span> <span class='ocrx_word' id='word_1_191' title='bbox 597 1957 658 2012; x_wconf 89' lang='lat' dir='ltr'><strong>loeo</strong></span> <span class='ocrx_word' id='word_1_192' title='bbox 686 1971 740 2012; x_wconf 91' lang='lat' dir='ltr'><strong>non</strong></span> <span class='ocrx_word' id='word_1_193' title='bbox 767 1972 817 2013; x_wconf 88' lang='lat' dir='ltr'><strong>suo</strong></span> <span class='ocrx_word' id='word_1_194' title='bbox 845 1962 920 2012; x_wconf 88' lang='lat' dir='ltr'><strong>certa</strong></span> <span class='ocrx_word' id='word_1_195' title='bbox 946 1955 1081 2026; x_wconf 85' lang='lat' dir='ltr'><strong>quaedam</strong></span> <span class='ocrx_word' id='word_1_196' title='bbox 1108 1954 1194 2010; x_wconf 89' lang='lat' dir='ltr'><strong>uerba</strong></span> <span class='ocrx_word' id='word_1_197' title='bbox 1221 1955 1363 2034; x_wconf 90' lang='lat' dir='ltr'><strong>commode</strong></span> <span class='ocrx_word' id='word_1_198' title='bbox 1387 1961 1415 2011; x_wconf 93' lang='lat' dir='ltr'><strong>et</strong></span> <span class='ocrx_word' id='word_1_199' title='bbox 1438 1955 1558 2011; x_wconf 86' lang='lat' dir='ltr'><strong>breuiter</strong></span> <span class='ocrx_word' id='word_1_200' title='bbox 1583 1955 1706 2025; x_wconf 77' lang='lat' dir='ltr'><strong>allegare</strong></span> 
     </span>
     <span class='ocr_line' id='line_1_18' title="bbox 270 2062 1706 2134; baseline 0.001 -16"><span class='ocrx_word' id='word_1_201' title='bbox 270 2064 380 2119; x_wconf 92' lang='lat' dir='ltr'><strong>omniuo</strong></span> <span class='ocrx_word' id='word_1_202' title='bbox 403 2077 538 2134; x_wconf 90' lang='lat' dir='ltr'><strong>nequeas:</strong></span> <span class='ocrx_word' id='word_1_203' title='bbox 563 2064 660 2133; x_wconf 91' lang='lat' dir='ltr'><strong>utqui</strong></span> <span class='ocrx_word' id='word_1_204' title='bbox 684 2077 754 2133; x_wconf 87' lang='lat' dir='ltr'><strong>quae</strong></span> <span class='ocrx_word' id='word_1_205' title='bbox 779 2064 843 2118; x_wconf 89' lang='lat' dir='ltr'><strong>inde</strong></span> <span class='ocrx_word' id='word_1_206' title='bbox 865 2063 944 2118; x_wconf 87' lang='lat' dir='ltr'><strong>attuli</strong></span> <span class='ocrx_word' id='word_1_207' title='bbox 966 2063 993 2116; x_wconf 92' lang='lat' dir='ltr'><strong>in</strong></span> <span class='ocrx_word' id='word_1_208' title='bbox 1014 2063 1075 2132; x_wconf 90' lang='lat' dir='ltr'><strong>ipsa</strong></span> <span class='ocrx_word' id='word_1_209' title='bbox 1092 2063 1211 2118; x_wconf 90' lang='lat' dir='ltr'><strong>editione</strong></span> <span class='ocrx_word' id='word_1_210' title='bbox 1230 2077 1426 2132; x_wconf 78' lang='lat' dir='ltr'><strong>recognoscere</strong></span> <span class='ocrx_word' id='word_1_211' title='bbox 1443 2063 1549 2132; x_wconf 91' lang='lat' dir='ltr'><strong>cupiat,</strong></span> <span class='ocrx_word' id='word_1_212' title='bbox 1572 2062 1596 2118; x_wconf 90' lang='lat' dir='ltr'><strong>is</strong></span> <span class='ocrx_word' id='word_1_213' title='bbox 1618 2078 1706 2134; x_wconf 90' lang='lat' dir='ltr'><strong>saepe</strong></span> 
     </span>
     <span class='ocr_line' id='line_1_19' title="bbox 270 2168 1706 2240; baseline 0 -14"><span class='ocrx_word' id='word_1_214' title='bbox 270 2171 385 2226; x_wconf 91' lang='lat' dir='ltr'><strong>multum</strong></span> <span class='ocrx_word' id='word_1_215' title='bbox 403 2170 534 2240; x_wconf 90' lang='lat' dir='ltr'><strong>temporis</strong></span> <span class='ocrx_word' id='word_1_216' title='bbox 556 2168 657 2225; x_wconf 80' lang='lat' dir='ltr'><strong>trustra</strong></span> <span class='ocrx_word' id='word_1_217' title='bbox 674 2169 872 2238; x_wconf 88' lang='lat' dir='ltr'><strong>impenditurns</strong></span> <span class='ocrx_word' id='word_1_218' title='bbox 890 2170 998 2225; x_wconf 90' lang='lat' dir='ltr'><strong>sitnon</strong></span> <span class='ocrx_word' id='word_1_219' title='bbox 1016 2184 1078 2224; x_wconf 90' lang='lat' dir='ltr'><strong>mea</strong></span> <span class='ocrx_word' id='word_1_220' title='bbox 1095 2170 1184 2240; x_wconf 89' lang='lat' dir='ltr'><strong>culpa,</strong></span> <span class='ocrx_word' id='word_1_221' title='bbox 1205 2169 1254 2223; x_wconf 88' lang='lat' dir='ltr'><strong>sed</strong></span> <span class='ocrx_word' id='word_1_222' title='bbox 1273 2168 1384 2224; x_wconf 86' lang='lat' dir='ltr'><strong>editoris</strong></span> <span class='ocrx_word' id='word_1_223' title='bbox 1403 2169 1588 2225; x_wconf 84' lang='lat' dir='ltr'><strong>Basilicorum.</strong></span> <span class='ocrx_word' id='word_1_224' title='bbox 1619 2170 1706 2240; x_wconf 84' lang='lat' dir='ltr'><strong>louge</strong></span> 
     </span>
     <span class='ocr_line' id='line_1_20' title="bbox 269 2275 1706 2348; baseline 0 -16"><span class='ocrx_word' id='word_1_225' title='bbox 269 2278 382 2348; x_wconf 82' lang='lat' dir='ltr'><strong>grauius</strong></span> <span class='ocrx_word' id='word_1_226' title='bbox 401 2282 444 2334; x_wconf 86' lang='lat' dir='ltr'><strong>est</strong></span> <span class='ocrx_word' id='word_1_227' title='bbox 468 2276 595 2333; x_wconf 89' lang='lat' dir='ltr'><strong>editionis</strong></span> <span class='ocrx_word' id='word_1_228' title='bbox 618 2277 714 2332; x_wconf 91' lang='lat' dir='ltr'><strong>uitium</strong></span> <span class='ocrx_word' id='word_1_229' title='bbox 737 2276 817 2346; x_wconf 90' lang='lat' dir='ltr'><strong>illud,</strong></span> <span class='ocrx_word' id='word_1_230' title='bbox 841 2276 914 2346; x_wconf 93' lang='lat' dir='ltr'><strong>quod</strong></span> <span class='ocrx_word' id='word_1_231' title='bbox 938 2277 983 2346; x_wconf 89' lang='lat' dir='ltr'><strong>qui</strong></span> <span class='ocrx_word' id='word_1_232' title='bbox 1006 2277 1109 2348; x_wconf 88' lang='lat' dir='ltr'><strong>passim</strong></span> <span class='ocrx_word' id='word_1_233' title='bbox 1133 2277 1161 2332; x_wconf 92' lang='lat' dir='ltr'><strong>in</strong></span> <span class='ocrx_word' id='word_1_234' title='bbox 1186 2275 1295 2333; x_wconf 84' lang='lat' dir='ltr'><strong>scholiis</strong></span> <span class='ocrx_word' id='word_1_235' title='bbox 1318 2276 1436 2331; x_wconf 88' lang='lat' dir='ltr'><strong>citantur</strong></span> <span class='ocrx_word' id='word_1_236' title='bbox 1458 2275 1625 2346; x_wconf 83' lang='lat' dir='ltr'><strong>digestorum</strong></span> <span class='ocrx_word' id='word_1_237' title='bbox 1649 2276 1706 2332; x_wconf 89' lang='lat' dir='ltr'><strong>loci</strong></span> 
     </span>
     <span class='ocr_line' id='line_1_21' title="bbox 270 2381 1706 2456; baseline 0 -16"><span class='ocrx_word' id='word_1_238' title='bbox 270 2401 404 2456; x_wconf 90' lang='lat' dir='ltr'><strong>nusquam</strong></span> <span class='ocrx_word' id='word_1_239' title='bbox 429 2381 485 2438; x_wconf 87' lang='lat' dir='ltr'><strong>sere</strong></span> <span class='ocrx_word' id='word_1_240' title='bbox 509 2383 627 2453; x_wconf 81' lang='lat' dir='ltr'><strong>adipso</strong></span> <span class='ocrx_word' id='word_1_241' title='bbox 650 2383 758 2454; x_wconf 82' lang='lat' dir='ltr'><strong>digesta</strong></span> <span class='ocrx_word' id='word_1_242' title='bbox 780 2385 870 2439; x_wconf 82' lang='lat' dir='ltr'><strong>exacti</strong></span> <span class='ocrx_word' id='word_1_243' title='bbox 893 2389 970 2454; x_wconf 90' lang='lat' dir='ltr'><strong>sunt,</strong></span> <span class='ocrx_word' id='word_1_244' title='bbox 994 2388 1113 2454; x_wconf 87' lang='lat' dir='ltr'><strong>atquae</strong></span> <span class='ocrx_word' id='word_1_245' title='bbox 1137 2382 1240 2439; x_wconf 90' lang='lat' dir='ltr'><strong>scholia</strong></span> <span class='ocrx_word' id='word_1_246' title='bbox 1261 2382 1304 2438; x_wconf 90' lang='lat' dir='ltr'><strong>his</strong></span> <span class='ocrx_word' id='word_1_247' title='bbox 1327 2381 1535 2454; x_wconf 77' lang='lat' dir='ltr'><strong>allegationibus</strong></span> <span class='ocrx_word' id='word_1_248' title='bbox 1557 2381 1706 2440; x_wconf 86' lang='lat' dir='ltr'><strong>conferunt</strong></span> 
     </span>
     <span class='ocr_line' id='line_1_22' title="bbox 268 2489 1704 2563; baseline -0.001 -15"><span class='ocrx_word' id='word_1_249' title='bbox 268 2497 325 2548; x_wconf 92' lang='lat' dir='ltr'><strong>tam</strong></span> <span class='ocrx_word' id='word_1_250' title='bbox 348 2491 384 2548; x_wconf 91' lang='lat' dir='ltr'><strong>ad</strong></span> <span class='ocrx_word' id='word_1_251' title='bbox 409 2490 559 2561; x_wconf 88' lang='lat' dir='ltr'><strong>explendas</strong></span> <span class='ocrx_word' id='word_1_252' title='bbox 581 2491 818 2560; x_wconf 77' lang='lat' dir='ltr'><strong>interpretationes</strong></span> <span class='ocrx_word' id='word_1_253' title='bbox 842 2492 969 2561; x_wconf 89' lang='lat' dir='ltr'><strong>antiquas</strong></span> <span class='ocrx_word' id='word_1_254' title='bbox 992 2507 1073 2560; x_wconf 86' lang='lat' dir='ltr'><strong>quam</strong></span> <span class='ocrx_word' id='word_1_255' title='bbox 1097 2491 1132 2546; x_wconf 88' lang='lat' dir='ltr'><strong>ad</strong></span> <span class='ocrx_word' id='word_1_256' title='bbox 1155 2492 1246 2561; x_wconf 78' lang='lat' dir='ltr'><strong>legum</strong></span> <span class='ocrx_word' id='word_1_257' title='bbox 1270 2505 1398 2546; x_wconf 87' lang='lat' dir='ltr'><strong>numeros</strong></span> <span class='ocrx_word' id='word_1_258' title='bbox 1419 2489 1570 2546; x_wconf 89' lang='lat' dir='ltr'><strong>secundum</strong></span> <span class='ocrx_word' id='word_1_259' title='bbox 1592 2490 1704 2563; x_wconf 77' lang='lat' dir='ltr'><strong>Byzan·</strong></span> 
     </span>
     <span class='ocr_line' id='line_1_23' title="bbox 268 2595 1704 2669; baseline -0.001 -14"><span class='ocrx_word' id='word_1_260' title='bbox 268 2600 368 2656; x_wconf 90' lang='lat' dir='ltr'><strong>tiorum</strong></span> <span class='ocrx_word' id='word_1_261' title='bbox 388 2598 574 2654; x_wconf 88' lang='lat' dir='ltr'><strong>recensionem</strong></span> <span class='ocrx_word' id='word_1_262' title='bbox 593 2597 784 2668; x_wconf 89' lang='lat' dir='ltr'><strong>restituendos,</strong></span> <span class='ocrx_word' id='word_1_263' title='bbox 803 2613 837 2653; x_wconf 84' lang='lat' dir='ltr'><strong>ex</strong></span> <span class='ocrx_word' id='word_1_264' title='bbox 856 2599 917 2668; x_wconf 90' lang='lat' dir='ltr'><strong>ipsa</strong></span> <span class='ocrx_word' id='word_1_265' title='bbox 934 2597 1054 2653; x_wconf 91' lang='lat' dir='ltr'><strong>editione</strong></span> <span class='ocrx_word' id='word_1_266' title='bbox 1072 2613 1243 2669; x_wconf 88' lang='lat' dir='ltr'><strong>nequaquam</strong></span> <span class='ocrx_word' id='word_1_267' title='bbox 1257 2598 1324 2654; x_wconf 90' lang='lat' dir='ltr'><strong>satis</strong></span> <span class='ocrx_word' id='word_1_268' title='bbox 1339 2602 1513 2666; x_wconf 80' lang='lat' dir='ltr'><strong>agnoscetur.</strong></span> <span class='ocrx_word' id='word_1_269' title='bbox 1542 2599 1567 2652; x_wconf 93' lang='lat' dir='ltr'><strong>ei</strong></span> <span class='ocrx_word' id='word_1_270' title='bbox 1580 2595 1704 2654; x_wconf 75' lang='lat' dir='ltr'><strong>defectui</strong></span> 
     </span>
     <span class='ocr_line' id='line_1_24' title="bbox 269 2703 1704 2776; baseline 0 -14"><span class='ocrx_word' id='word_1_271' title='bbox 269 2707 438 2775; x_wconf 79' lang='lat' dir='ltr'><strong>digestorum</strong></span> <span class='ocrx_word' id='word_1_272' title='bbox 458 2705 589 2760; x_wconf 90' lang='lat' dir='ltr'><strong>editorem</strong></span> <span class='ocrx_word' id='word_1_273' title='bbox 609 2703 711 2760; x_wconf 89' lang='lat' dir='ltr'><strong>mederi</strong></span> <span class='ocrx_word' id='word_1_274' title='bbox 730 2721 784 2760; x_wconf 90' lang='lat' dir='ltr'><strong>non</strong></span> <span class='ocrx_word' id='word_1_275' title='bbox 802 2719 883 2776; x_wconf 84' lang='lat' dir='ltr'><strong>porse</strong></span> <span class='ocrx_word' id='word_1_276' title='bbox 901 2710 1114 2760; x_wconf 90' lang='lat' dir='ltr'><strong>consentaneum</strong></span> <span class='ocrx_word' id='word_1_277' title='bbox 1133 2711 1188 2776; x_wconf 90' lang='lat' dir='ltr'><strong>est,</strong></span> <span class='ocrx_word' id='word_1_278' title='bbox 1213 2720 1378 2776; x_wconf 88' lang='lat' dir='ltr'><strong>quamquam</strong></span> <span class='ocrx_word' id='word_1_279' title='bbox 1402 2704 1449 2761; x_wconf 90' lang='lat' dir='ltr'><strong>ubi</strong></span> <span class='ocrx_word' id='word_1_280' title='bbox 1472 2704 1549 2775; x_wconf 90' lang='lat' dir='ltr'><strong>potui</strong></span> <span class='ocrx_word' id='word_1_281' title='bbox 1572 2704 1608 2760; x_wconf 92' lang='lat' dir='ltr'><strong>ad</strong></span> <span class='ocrx_word' id='word_1_282' title='bbox 1632 2703 1704 2762; x_wconf 86' lang='lat' dir='ltr'><strong>haec</strong></span> 
     </span>
     <span class='ocr_line' id='line_1_25' title="bbox 269 2810 1704 2884; baseline 0 -16"><span class='ocrx_word' id='word_1_283' title='bbox 269 2827 378 2884; x_wconf 89' lang='lat' dir='ltr'><strong>quoque</strong></span> <span class='ocrx_word' id='word_1_284' title='bbox 401 2810 505 2868; x_wconf 89' lang='lat' dir='ltr'><strong>attendi</strong></span> <span class='ocrx_word' id='word_1_285' title='bbox 528 2827 578 2866; x_wconf 90' lang='lat' dir='ltr'><strong>nec</strong></span> <span class='ocrx_word' id='word_1_286' title='bbox 596 2827 685 2882; x_wconf 87' lang='lat' dir='ltr'><strong>pauca</strong></span> <span class='ocrx_word' id='word_1_287' title='bbox 707 2812 765 2867; x_wconf 89' lang='lat' dir='ltr'><strong>eius</strong></span> <span class='ocrx_word' id='word_1_288' title='bbox 789 2812 896 2882; x_wconf 83' lang='lat' dir='ltr'><strong>generis</strong></span> <span class='ocrx_word' id='word_1_289' title='bbox 922 2813 949 2867; x_wconf 88' lang='lat' dir='ltr'><strong>iu</strong></span> <span class='ocrx_word' id='word_1_290' title='bbox 971 2813 1093 2882; x_wconf 82' lang='lat' dir='ltr'><strong>margine</strong></span> <span class='ocrx_word' id='word_1_291' title='bbox 1110 2813 1155 2868; x_wconf 91' lang='lat' dir='ltr'><strong>uel</strong></span> <span class='ocrx_word' id='word_1_292' title='bbox 1173 2813 1200 2868; x_wconf 92' lang='lat' dir='ltr'><strong>in</strong></span> <span class='ocrx_word' id='word_1_293' title='bbox 1219 2813 1395 2868; x_wconf 86' lang='lat' dir='ltr'><strong>adnotatione</strong></span> <span class='ocrx_word' id='word_1_294' title='bbox 1412 2812 1493 2883; x_wconf 90' lang='lat' dir='ltr'><strong>posui</strong></span> <span class='ocrx_word' id='word_1_295' title='bbox 1516 2811 1590 2882; x_wconf 90' lang='lat' dir='ltr'><strong>apud</strong></span> <span class='ocrx_word' id='word_1_296' title='bbox 1607 2813 1704 2869; x_wconf 86' lang='lat' dir='ltr'><strong>Heim·</strong></span> 
     </span>
     <span class='ocr_line' id='line_1_26' title="bbox 270 2917 1703 2990; baseline 0 -14"><span class='ocrx_word' id='word_1_297' title='bbox 270 2919 397 2976; x_wconf 86' lang='lat' dir='ltr'><strong>bachium</strong></span> <span class='ocrx_word' id='word_1_298' title='bbox 421 2921 492 2975; x_wconf 88' lang='lat' dir='ltr'><strong>mals</strong></span> <span class='ocrx_word' id='word_1_299' title='bbox 514 2921 624 2976; x_wconf 89' lang='lat' dir='ltr'><strong>omissa.</strong></span> <span class='ocrx_word' id='word_1_300' title='bbox 657 2919 731 2990; x_wconf 90' lang='lat' dir='ltr'><strong>quod</strong></span> <span class='ocrx_word' id='word_1_301' title='bbox 754 2919 778 2974; x_wconf 90' lang='lat' dir='ltr'><strong>si</strong></span> <span class='ocrx_word' id='word_1_302' title='bbox 800 2917 946 2989; x_wconf 89' lang='lat' dir='ltr'><strong>aliquando</strong></span> <span class='ocrx_word' id='word_1_303' title='bbox 964 2919 1130 2990; x_wconf 91' lang='lat' dir='ltr'><strong>inuenietur,</strong></span> <span class='ocrx_word' id='word_1_304' title='bbox 1154 2921 1200 2990; x_wconf 91' lang='lat' dir='ltr'><strong>qui</strong></span> <span class='ocrx_word' id='word_1_305' title='bbox 1219 2921 1246 2975; x_wconf 91' lang='lat' dir='ltr'><strong>in</strong></span> <span class='ocrx_word' id='word_1_306' title='bbox 1264 2919 1333 2975; x_wconf 92' lang='lat' dir='ltr'><strong>haec</strong></span> <span class='ocrx_word' id='word_1_307' title='bbox 1350 2919 1457 2974; x_wconf 68' lang='lat' dir='ltr'><strong>cudone</strong></span> <span class='ocrx_word' id='word_1_308' title='bbox 1479 2919 1611 2990; x_wconf 90' lang='lat' dir='ltr'><strong>inquirat,</strong></span> <span class='ocrx_word' id='word_1_309' title='bbox 1635 2920 1703 2976; x_wconf 89' lang='lat' dir='ltr'><strong>inde</strong></span> 
     </span>
     <span class='ocr_line' id='line_1_27' title="bbox 270 3025 1703 3098; baseline 0.001 -16"><span class='ocrx_word' id='word_1_310' title='bbox 270 3028 314 3083; x_wconf 90' lang='lat' dir='ltr'><strong>uel</strong></span> <span class='ocrx_word' id='word_1_311' title='bbox 332 3026 368 3082; x_wconf 90' lang='lat' dir='ltr'><strong>ad</strong></span> <span class='ocrx_word' id='word_1_312' title='bbox 386 3026 495 3097; x_wconf 85' lang='lat' dir='ltr'><strong>digesta</strong></span> <span class='ocrx_word' id='word_1_313' title='bbox 512 3027 613 3098; x_wconf 91' lang='lat' dir='ltr'><strong>aliquid</strong></span> <span class='ocrx_word' id='word_1_314' title='bbox 633 3026 768 3084; x_wconf 91' lang='lat' dir='ltr'><strong>commodi</strong></span> <span class='ocrx_word' id='word_1_315' title='bbox 786 3026 1000 3082; x_wconf 80' lang='lat' dir='ltr'><strong>redundaturum</strong></span> <span class='ocrx_word' id='word_1_316' title='bbox 1024 3041 1086 3082; x_wconf 90' lang='lat' dir='ltr'><strong>esse</strong></span> <span class='ocrx_word' id='word_1_317' title='bbox 1109 3042 1163 3083; x_wconf 93' lang='lat' dir='ltr'><strong>non</strong></span> <span class='ocrx_word' id='word_1_318' title='bbox 1185 3025 1290 3083; x_wconf 91' lang='lat' dir='ltr'><strong>dubito.</strong></span> <span class='ocrx_word' id='word_1_319' title='bbox 1316 3041 1383 3082; x_wconf 90' lang='lat' dir='ltr'><strong>sane</strong></span> <span class='ocrx_word' id='word_1_320' title='bbox 1401 3027 1425 3081; x_wconf 92' lang='lat' dir='ltr'><strong>si</strong></span> <span class='ocrx_word' id='word_1_321' title='bbox 1448 3025 1540 3082; x_wconf 90' lang='lat' dir='ltr'><strong>studia</strong></span> <span class='ocrx_word' id='word_1_322' title='bbox 1562 3027 1628 3082; x_wconf 91' lang='lat' dir='ltr'><strong>iuris</strong></span> <span class='ocrx_word' id='word_1_323' title='bbox 1646 3028 1703 3084; x_wconf 88' lang='lat' dir='ltr'><strong>Ro·</strong></span> 
     </span>
     <span class='ocr_line' id='line_1_28' title="bbox 269 3133 1702 3205; baseline 0 -15"><span class='ocrx_word' id='word_1_324' title='bbox 269 3134 342 3190; x_wconf 91' lang='lat' dir='ltr'><strong>mani</strong></span> <span class='ocrx_word' id='word_1_325' title='bbox 363 3133 490 3190; x_wconf 88' lang='lat' dir='ltr'><strong>florerent</strong></span> <span class='ocrx_word' id='word_1_326' title='bbox 506 3134 602 3205; x_wconf 90' lang='lat' dir='ltr'><strong>hodie,</strong></span> <span class='ocrx_word' id='word_1_327' title='bbox 624 3139 655 3189; x_wconf 91' lang='lat' dir='ltr'><strong>ut</strong></span> <span class='ocrx_word' id='word_1_328' title='bbox 671 3133 820 3190; x_wconf 90' lang='lat' dir='ltr'><strong>floruerunt</strong></span> <span class='ocrx_word' id='word_1_329' title='bbox 837 3139 944 3204; x_wconf 89' lang='lat' dir='ltr'><strong>patrum</strong></span> <span class='ocrx_word' id='word_1_330' title='bbox 963 3138 1117 3189; x_wconf 67' lang='lat' dir='ltr'><strong>nostorum</strong></span> <span class='ocrx_word' id='word_1_331' title='bbox 1136 3139 1235 3204; x_wconf 88' lang='lat' dir='ltr'><strong>aetate,</strong></span> <span class='ocrx_word' id='word_1_332' title='bbox 1253 3134 1383 3189; x_wconf 86' lang='lat' dir='ltr'><strong>existeret</strong></span> <span class='ocrx_word' id='word_1_333' title='bbox 1400 3133 1496 3204; x_wconf 90' lang='lat' dir='ltr'><strong>opinor</strong></span> <span class='ocrx_word' id='word_1_334' title='bbox 1513 3133 1560 3202; x_wconf 92' lang='lat' dir='ltr'><strong>qui</strong></span> <span class='ocrx_word' id='word_1_335' title='bbox 1577 3133 1702 3202; x_wconf 88' lang='lat' dir='ltr'><strong>ipsarum</strong></span> 
     </span>
     <span class='ocr_line' id='line_1_29' title="bbox 268 3239 1702 3310; baseline 0 -14"><span class='ocrx_word' id='word_1_336' title='bbox 268 3241 521 3310; x_wconf 85' lang='lat' dir='ltr'><strong>interpretationum</strong></span> <span class='ocrx_word' id='word_1_337' title='bbox 541 3241 711 3310; x_wconf 89' lang='lat' dir='ltr'><strong>antiquarum</strong></span> <span class='ocrx_word' id='word_1_338' title='bbox 735 3241 903 3310; x_wconf 84' lang='lat' dir='ltr'><strong>digestorum</strong></span> <span class='ocrx_word' id='word_1_339' title='bbox 922 3256 957 3296; x_wconf 84' lang='lat' dir='ltr'><strong>ex</strong></span> <span class='ocrx_word' id='word_1_340' title='bbox 974 3240 1099 3296; x_wconf 86' lang='lat' dir='ltr'><strong>Basilisis</strong></span> <span class='ocrx_word' id='word_1_341' title='bbox 1122 3253 1271 3310; x_wconf 90' lang='lat' dir='ltr'><strong>eorumque</strong></span> <span class='ocrx_word' id='word_1_342' title='bbox 1293 3240 1402 3297; x_wconf 88' lang='lat' dir='ltr'><strong>scholiis</strong></span> <span class='ocrx_word' id='word_1_343' title='bbox 1419 3239 1702 3296; x_wconf 88' lang='lat' dir='ltr'><strong>reconcinnandarum</strong></span> 
     </span>
     <span class='ocr_line' id='line_1_30' title="bbox 269 3345 1703 3420; baseline 0 -16"><span class='ocrx_word' id='word_1_344' title='bbox 269 3347 418 3420; x_wconf 90' lang='lat' dir='ltr'><strong>periculum</strong></span> <span class='ocrx_word' id='word_1_345' title='bbox 443 3345 558 3404; x_wconf 83' lang='lat' dir='ltr'><strong>iaceret:</strong></span> <span class='ocrx_word' id='word_1_346' title='bbox 586 3363 637 3403; x_wconf 90' lang='lat' dir='ltr'><strong>uec</strong></span> <span class='ocrx_word' id='word_1_347' title='bbox 659 3346 761 3404; x_wconf 78' lang='lat' dir='ltr'><strong>frustm</strong></span> <span class='ocrx_word' id='word_1_348' title='bbox 783 3353 851 3419; x_wconf 88' lang='lat' dir='ltr'><strong>puto</strong></span> <span class='ocrx_word' id='word_1_349' title='bbox 874 3349 902 3404; x_wconf 91' lang='lat' dir='ltr'><strong>iu</strong></span> <span class='ocrx_word' id='word_1_350' title='bbox 924 3363 958 3404; x_wconf 89' lang='lat' dir='ltr'><strong>co</strong></span> <span class='ocrx_word' id='word_1_351' title='bbox 979 3349 1088 3418; x_wconf 89' lang='lat' dir='ltr'><strong>incepto</strong></span> <span class='ocrx_word' id='word_1_352' title='bbox 1109 3346 1302 3403; x_wconf 87' lang='lat' dir='ltr'><strong>elaboraretur.</strong></span> <span class='ocrx_word' id='word_1_353' title='bbox 1333 3347 1382 3403; x_wconf 86' lang='lat' dir='ltr'><strong>sed</strong></span> <span class='ocrx_word' id='word_1_354' title='bbox 1406 3347 1474 3403; x_wconf 90' lang='lat' dir='ltr'><strong>haec</strong></span> <span class='ocrx_word' id='word_1_355' title='bbox 1496 3347 1550 3402; x_wconf 91' lang='lat' dir='ltr'><strong>iam</strong></span> <span class='ocrx_word' id='word_1_356' title='bbox 1575 3347 1603 3401; x_wconf 92' lang='lat' dir='ltr'><strong>in</strong></span> <span class='ocrx_word' id='word_1_357' title='bbox 1625 3347 1703 3404; x_wconf 89' lang='lat' dir='ltr'><strong>uotis</strong></span> 
     </span>
     <span class='ocr_line' id='line_1_31' title="bbox 268 3454 1702 3525; baseline 0.001 -16"><span class='ocrx_word' id='word_1_358' title='bbox 268 3455 357 3525; x_wconf 83' lang='lat' dir='ltr'><strong>magis</strong></span> <span class='ocrx_word' id='word_1_359' title='bbox 376 3459 440 3510; x_wconf 89' lang='lat' dir='ltr'><strong>sunt</strong></span> <span class='ocrx_word' id='word_1_360' title='bbox 457 3471 540 3524; x_wconf 90' lang='lat' dir='ltr'><strong>quarn</strong></span> <span class='ocrx_word' id='word_1_361' title='bbox 559 3456 729 3524; x_wconf 84' lang='lat' dir='ltr'><strong>insperatis.</strong></span> <span class='ocrx_word' id='word_1_362' title='bbox 756 3485 788 3494; x_wconf 88' lang='lat'>-</span> <span class='ocrx_word' id='word_1_363' title='bbox 813 3456 924 3510; x_wconf 89' lang='lat' dir='ltr'><strong>Praeter</strong></span> <span class='ocrx_word' id='word_1_364' title='bbox 941 3455 1059 3510; x_wconf 88' lang='lat' dir='ltr'><strong>Basilica</strong></span> <span class='ocrx_word' id='word_1_365' title='bbox 1081 3469 1115 3508; x_wconf 83' lang='lat' dir='ltr'><strong>ex</strong></span> <span class='ocrx_word' id='word_1_366' title='bbox 1134 3454 1345 3524; x_wconf 88' lang='lat' dir='ltr'><strong>iurisprudentia</strong></span> <span class='ocrx_word' id='word_1_367' title='bbox 1362 3454 1468 3510; x_wconf 88' lang='lat' dir='ltr'><strong>Graeca</strong></span> <span class='ocrx_word' id='word_1_368' title='bbox 1485 3469 1573 3524; x_wconf 86' lang='lat' dir='ltr'><strong>pauca</strong></span> <span class='ocrx_word' id='word_1_369' title='bbox 1590 3458 1702 3510; x_wconf 87' lang='lat' dir='ltr'><strong>tantum</strong></span> 
     </span>
    </p>

    <p class='ocr_par' dir='ltr' id='par_1_3' title="bbox 146 3560 1704 4167">
     <span class='ocr_line' id='line_1_32' title="bbox 163 3560 1703 3633; baseline 0.001 -17"><span class='ocrx_word' id='word_1_370' title='bbox 163 3560 249 3616; x_wconf 82' lang='lat' dir='ltr'><strong>&#39;Ponat</strong></span> <span class='ocrx_word' id='word_1_371' title='bbox 269 3560 392 3632; x_wconf 88' lang='lat' dir='ltr'><strong>adhibui,</strong></span> <span class='ocrx_word' id='word_1_372' title='bbox 416 3563 535 3617; x_wconf 84' lang='lat' dir='ltr'><strong>maxime</strong></span> <span class='ocrx_word' id='word_1_373' title='bbox 558 3565 706 3616; x_wconf 89' lang='lat' dir='ltr'><strong>tractatum</strong></span> <span class='ocrx_word' id='word_1_374' title='bbox 731 3561 766 3617; x_wconf 89' lang='lat' dir='ltr'><strong>de</strong></span> <span class='ocrx_word' id='word_1_375' title='bbox 789 3561 958 3633; x_wconf 88' lang='lat' dir='ltr'><strong>temporibus</strong></span> <span class='ocrx_word' id='word_1_376' title='bbox 981 3563 1041 3617; x_wconf 88' lang='lat' dir='ltr'><strong>siue</strong></span> <span class='ocrx_word' id='word_1_377' title='bbox 1064 3561 1111 3616; x_wconf 73' lang='lat' dir='ltr'><strong>ric</strong></span> <span class='ocrx_word' id='word_1_378' title='bbox 1129 3561 1211 3632; x_wconf 73' lang='lat' dir='ltr'><strong>ponte</strong></span> <span class='ocrx_word' id='word_1_379' title='bbox 1234 3561 1338 3616; x_wconf 91' lang='lat' dir='ltr'><strong>editum</strong></span> <span class='ocrx_word' id='word_1_380' title='bbox 1362 3561 1560 3617; x_wconf 86' lang='lat' dir='ltr'><strong>aZachariaeo</strong></span> <span class='ocrx_word' id='word_1_381' title='bbox 1578 3560 1703 3626; x_wconf 87' lang='lat' dir='ltr'><strong>(Heidel-</strong></span> 
     </span>
     <span class='ocr_line' id='line_1_33' title="bbox 268 3668 1703 3739; baseline 0.001 -15"><span class='ocrx_word' id='word_1_382' title='bbox 268 3668 369 3739; x_wconf 84' lang='lat' dir='ltr'><strong>bergae</strong></span> <span class='ocrx_word' id='word_1_383' title='bbox 389 3669 483 3738; x_wconf 84' lang='grc'>1836),</span> <span class='ocrx_word' id='word_1_384' title='bbox 506 3672 653 3738; x_wconf 86' lang='lat' dir='ltr'><strong>propterea</strong></span> <span class='ocrx_word' id='word_1_385' title='bbox 675 3668 748 3739; x_wconf 91' lang='lat' dir='ltr'><strong>quod</strong></span> <span class='ocrx_word' id='word_1_386' title='bbox 772 3675 867 3724; x_wconf 85' lang='lat' dir='ltr'><strong>auctor</strong></span> <span class='ocrx_word' id='word_1_387' title='bbox 884 3669 1047 3739; x_wconf 87' lang='lat' dir='ltr'><strong>Anonymus</strong></span> <span class='ocrx_word' id='word_1_388' title='bbox 1070 3673 1143 3723; x_wconf 89' lang='lat' dir='ltr'><strong>certe</strong></span> <span class='ocrx_word' id='word_1_389' title='bbox 1164 3669 1192 3723; x_wconf 91' lang='lat' dir='ltr'><strong>in</strong></span> <span class='ocrx_word' id='word_1_390' title='bbox 1216 3669 1374 3724; x_wconf 88' lang='lat' dir='ltr'><strong>recensione</strong></span> <span class='ocrx_word' id='word_1_391' title='bbox 1399 3668 1550 3738; x_wconf 89' lang='lat' dir='ltr'><strong>antiquiore</strong></span> <span class='ocrx_word' id='word_1_392' title='bbox 1573 3681 1608 3722; x_wconf 87' lang='lat' dir='ltr'><strong>ex</strong></span> <span class='ocrx_word' id='word_1_393' title='bbox 1631 3668 1703 3737; x_wconf 87' lang='lat' dir='ltr'><strong>ipsis</strong></span> 
     </span>
     <span class='ocr_line' id='line_1_34' title="bbox 146 3773 1704 3860; baseline -0.001 -27"><span class='ocrx_word' id='word_1_394' title='bbox 146 3786 250 3860; x_wconf 72' lang='lat' dir='ltr'><strong>dpitqna</strong></span> <span class='ocrx_word' id='word_1_395' title='bbox 267 3775 383 3846; x_wconf 83' lang='lat' dir='ltr'><strong>digestis</strong></span> <span class='ocrx_word' id='word_1_396' title='bbox 402 3776 506 3831; x_wconf 86' lang='lat' dir='ltr'><strong>Latinis</strong></span> <span class='ocrx_word' id='word_1_397' title='bbox 525 3775 633 3831; x_wconf 88' lang='lat' dir='ltr'><strong>uidetur</strong></span> <span class='ocrx_word' id='word_1_398' title='bbox 650 3775 784 3847; x_wconf 88' lang='lat' dir='ltr'><strong>pendere,</strong></span> <span class='ocrx_word' id='word_1_399' title='bbox 807 3777 873 3831; x_wconf 91' lang='lat' dir='ltr'><strong>item</strong></span> <span class='ocrx_word' id='word_1_400' title='bbox 891 3777 1037 3848; x_wconf 83' lang='lat' dir='ltr'><strong>Epitomen</strong></span> <span class='ocrx_word' id='word_1_401' title='bbox 1055 3775 1134 3846; x_wconf 89' lang='lat' dir='ltr'><strong>iuris,</strong></span> <span class='ocrx_word' id='word_1_402' title='bbox 1153 3775 1231 3830; x_wconf 89' lang='lat' dir='ltr'><strong>cuius</strong></span> <span class='ocrx_word' id='word_1_403' title='bbox 1250 3775 1379 3831; x_wconf 88' lang='lat' dir='ltr'><strong>maiorem</strong></span> <span class='ocrx_word' id='word_1_404' title='bbox 1397 3779 1503 3844; x_wconf 90' lang='lat' dir='ltr'><strong>partem</strong></span> <span class='ocrx_word' id='word_1_405' title='bbox 1521 3774 1594 3830; x_wconf 92' lang='lat' dir='ltr'><strong>idem</strong></span> <span class='ocrx_word' id='word_1_406' title='bbox 1612 3773 1704 3835; x_wconf 84' lang='lat' dir='ltr'><strong>edidit</strong></span> 
     </span>
     <span class='ocr_line' id='line_1_35' title="bbox 154 3863 1702 3957; baseline 0.001 -20"><span class='ocrx_word' id='word_1_407' title='bbox 154 3863 240 3957; x_wconf 48' lang='grc' dir='ltr'><strong>ἐξὲξ,</strong></span> <span class='ocrx_word' id='word_1_408' title='bbox 268 3883 296 3938; x_wconf 91' lang='lat' dir='ltr'><strong>in</strong></span> <span class='ocrx_word' id='word_1_409' title='bbox 319 3883 385 3938; x_wconf 92' lang='lat' dir='ltr'><strong>iuris</strong></span> <span class='ocrx_word' id='word_1_410' title='bbox 404 3881 649 3938; x_wconf 86' lang='lat' dir='ltr'><strong>Graeco-Romani</strong></span> <span class='ocrx_word' id='word_1_411' title='bbox 673 3883 811 3940; x_wconf 90' lang='lat' dir='ltr'><strong>uolumine</strong></span> <span class='ocrx_word' id='word_1_412' title='bbox 835 3883 955 3939; x_wconf 91' lang='lat' dir='ltr'><strong>secundo</strong></span> <span class='ocrx_word' id='word_1_413' title='bbox 979 3883 1098 3953; x_wconf 87' lang='lat' dir='ltr'><strong>(Lipsiae</strong></span> <span class='ocrx_word' id='word_1_414' title='bbox 1119 3881 1187 3938; x_wconf 78' lang='lat'>1856</span> <span class='ocrx_word' id='word_1_415' title='bbox 1204 3899 1231 3953; x_wconf 90' lang='lat' dir='ltr'><strong>p.</strong></span> <span class='ocrx_word' id='word_1_416' title='bbox 1244 3883 1297 3937; x_wconf 82' lang='grc'><strong>265</strong></span> <span class='ocrx_word' id='word_1_417' title='bbox 1315 3886 1399 3952; x_wconf 85' lang='lat' dir='ltr'><strong>seq),</strong></span> <span class='ocrx_word' id='word_1_418' title='bbox 1423 3898 1485 3938; x_wconf 91' lang='lat' dir='ltr'><strong>cum</strong></span> <span class='ocrx_word' id='word_1_419' title='bbox 1510 3882 1538 3936; x_wconf 94' lang='lat' dir='ltr'><strong>in</strong></span> <span class='ocrx_word' id='word_1_420' title='bbox 1557 3897 1592 3938; x_wconf 90' lang='lat' dir='ltr'><strong>ea</strong></span> <span class='ocrx_word' id='word_1_421' title='bbox 1615 3897 1702 3953; x_wconf 89' lang='lat' dir='ltr'><strong>quae·</strong></span> 
     </span>
     <span class='ocr_line' id='line_1_36' title="bbox 268 3987 1703 4061; baseline 0.001 -17"><span class='ocrx_word' id='word_1_422' title='bbox 268 3989 331 4045; x_wconf 91' lang='lat' dir='ltr'><strong>dam</strong></span> <span class='ocrx_word' id='word_1_423' title='bbox 350 3991 520 4060; x_wconf 89' lang='lat' dir='ltr'><strong>reperiantur</strong></span> <span class='ocrx_word' id='word_1_424' title='bbox 537 3995 648 4061; x_wconf 88' lang='lat' dir='ltr'><strong>sumpta</strong></span> <span class='ocrx_word' id='word_1_425' title='bbox 666 4006 700 4045; x_wconf 89' lang='lat' dir='ltr'><strong>ex</strong></span> <span class='ocrx_word' id='word_1_426' title='bbox 713 3991 838 4046; x_wconf 86' lang='lat' dir='ltr'><strong>Basilicis</strong></span> <span class='ocrx_word' id='word_1_427' title='bbox 857 4003 946 4058; x_wconf 91' lang='lat' dir='ltr'><strong>neque</strong></span> <span class='ocrx_word' id='word_1_428' title='bbox 964 3989 1030 4044; x_wconf 92' lang='lat' dir='ltr'><strong>dum</strong></span> <span class='ocrx_word' id='word_1_429' title='bbox 1048 3989 1076 4044; x_wconf 91' lang='lat' dir='ltr'><strong>in</strong></span> <span class='ocrx_word' id='word_1_430' title='bbox 1094 3989 1241 4045; x_wconf 89' lang='lat' dir='ltr'><strong>editionem</strong></span> <span class='ocrx_word' id='word_1_431' title='bbox 1260 3987 1500 4044; x_wconf 86' lang='lat' dir='ltr'><strong>Heimbachianam</strong></span> <span class='ocrx_word' id='word_1_432' title='bbox 1519 3994 1644 4060; x_wconf 88' lang='lat' dir='ltr'><strong>recepta:</strong></span> <span class='ocrx_word' id='word_1_433' title='bbox 1663 4005 1703 4047; x_wconf 86' lang='lat' dir='ltr'><strong>ox</strong></span> 
     </span>
     <span class='ocr_line' id='line_1_37' title="bbox 268 4095 1704 4167; baseline 0.003 -17"><span class='ocrx_word' id='word_1_434' title='bbox 268 4101 365 4151; x_wconf 91' lang='lat' dir='ltr'><strong>neutro</strong></span> <span class='ocrx_word' id='word_1_435' title='bbox 382 4100 476 4152; x_wconf 89' lang='lat' dir='ltr'><strong>tamen</strong></span> <span class='ocrx_word' id='word_1_436' title='bbox 494 4097 584 4153; x_wconf 91' lang='lat' dir='ltr'><strong>libello</strong></span> <span class='ocrx_word' id='word_1_437' title='bbox 603 4097 717 4152; x_wconf 90' lang='lat' dir='ltr'><strong>multum</strong></span> <span class='ocrx_word' id='word_1_438' title='bbox 736 4095 848 4166; x_wconf 86' lang='lat' dir='ltr'><strong>profeci.</strong></span> <span class='ocrx_word' id='word_1_439' title='bbox 873 4097 1013 4166; x_wconf 89' lang='lat' dir='ltr'><strong>areliquis</strong></span> <span class='ocrx_word' id='word_1_440' title='bbox 1025 4097 1152 4167; x_wconf 81' lang='lat' dir='ltr'><strong>Byzantii</strong></span> <span class='ocrx_word' id='word_1_441' title='bbox 1168 4097 1235 4151; x_wconf 88' lang='lat' dir='ltr'><strong>iuris</strong></span> <span class='ocrx_word' id='word_1_442' title='bbox 1247 4095 1405 4152; x_wconf 88' lang='lat' dir='ltr'><strong>auctoribus</strong></span> <span class='ocrx_word' id='word_1_443' title='bbox 1417 4095 1544 4165; x_wconf 88' lang='lat' dir='ltr'><strong>abstinui,</strong></span> <span class='ocrx_word' id='word_1_444' title='bbox 1563 4112 1625 4152; x_wconf 91' lang='lat' dir='ltr'><strong>cum</strong></span> <span class='ocrx_word' id='word_1_445' title='bbox 1643 4113 1704 4154; x_wconf 90' lang='lat' dir='ltr'><strong>nou</strong></span> 
     </span>
    </p>
   </div>
   <div class='ocr_carea' id='block_1_3' title="bbox 267 4183 1703 4381">
    <p class='ocr_par' dir='ltr' id='par_1_4' title="bbox 267 4183 1703 4381">
     <span class='ocr_line' id='line_1_38' title="bbox 268 4183 1703 4275; baseline 0.001 -18"><span class='ocrx_word' id='word_1_446' title='bbox 268 4219 303 4258; x_wconf 88' lang='lat' dir='ltr'><strong>ex</strong></span> <span class='ocrx_word' id='word_1_447' title='bbox 321 4183 392 4257; x_wconf 84' lang='lat' dir='ltr'><strong>iuris</strong></span> <span class='ocrx_word' id='word_1_448' title='bbox 405 4203 548 4260; x_wconf 89' lang='lat' dir='ltr'><strong>Iustiniani</strong></span> <span class='ocrx_word' id='word_1_449' title='bbox 565 4203 641 4260; x_wconf 90' lang='lat' dir='ltr'><strong>libris</strong></span> <span class='ocrx_word' id='word_1_450' title='bbox 658 4203 805 4275; x_wconf 90' lang='lat' dir='ltr'><strong>pendeant,</strong></span> <span class='ocrx_word' id='word_1_451' title='bbox 824 4203 873 4258; x_wconf 89' lang='lat' dir='ltr'><strong>sed</strong></span> <span class='ocrx_word' id='word_1_452' title='bbox 886 4219 921 4259; x_wconf 82' lang='lat' dir='ltr'><strong>ex</strong></span> <span class='ocrx_word' id='word_1_453' title='bbox 933 4204 1065 4274; x_wconf 89' lang='lat' dir='ltr'><strong>Basilicis,</strong></span> <span class='ocrx_word' id='word_1_454' title='bbox 1084 4202 1119 4258; x_wconf 90' lang='lat' dir='ltr'><strong>ad</strong></span> <span class='ocrx_word' id='word_1_455' title='bbox 1133 4218 1167 4258; x_wconf 90' lang='lat' dir='ltr'><strong>ea</strong></span> <span class='ocrx_word' id='word_1_456' title='bbox 1178 4209 1270 4258; x_wconf 88' lang='lat' dir='ltr'><strong>autem</strong></span> <span class='ocrx_word' id='word_1_457' title='bbox 1282 4203 1451 4259; x_wconf 89' lang='lat' dir='ltr'><strong>restituenda</strong></span> <span class='ocrx_word' id='word_1_458' title='bbox 1462 4218 1533 4274; x_wconf 89' lang='lat' dir='ltr'><strong>quae</strong></span> <span class='ocrx_word' id='word_1_459' title='bbox 1545 4200 1703 4275; x_wconf 80' lang='lat' dir='ltr'><strong>conferunt,</strong></span> 
     </span>
     <span class='ocr_line' id='line_1_39' title="bbox 267 4309 1340 4381; baseline 0 -17"><span class='ocrx_word' id='word_1_460' title='bbox 267 4310 363 4380; x_wconf 89' lang='lat' dir='ltr'><strong>paucis</strong></span> <span class='ocrx_word' id='word_1_461' title='bbox 381 4311 503 4381; x_wconf 86' lang='lat' dir='ltr'><strong>exceptis</strong></span> <span class='ocrx_word' id='word_1_462' title='bbox 522 4311 550 4365; x_wconf 93' lang='lat' dir='ltr'><strong>in</strong></span> <span class='ocrx_word' id='word_1_463' title='bbox 569 4312 745 4367; x_wconf 85' lang='lat' dir='ltr'><strong>Basilicarum</strong></span> <span class='ocrx_word' id='word_1_464' title='bbox 765 4309 931 4366; x_wconf 87' lang='lat' dir='ltr'><strong>editionibus</strong></span> <span class='ocrx_word' id='word_1_465' title='bbox 950 4310 1052 4366; x_wconf 89' lang='lat' dir='ltr'><strong>dudum</strong></span> <span class='ocrx_word' id='word_1_466' title='bbox 1071 4311 1160 4365; x_wconf 93' lang='lat' dir='ltr'><strong>locum</strong></span> <span class='ocrx_word' id='word_1_467' title='bbox 1179 4310 1340 4366; x_wconf 89' lang='lat' dir='ltr'><strong>inuenerint.</strong></span> 
     </span>
    </p>
   </div>
   <div class='ocr_carea' id='block_1_4' title="bbox 97 4523 1745 4918">
    <p class='ocr_par' dir='ltr' id='par_1_5' title="bbox 124 4523 1702 4610">
     <span class='ocr_line' id='line_1_40' title="bbox 124 4523 1702 4610; baseline 0.001 -28"><span class='ocrx_word' id='word_1_468' title='bbox 124 4536 209 4610; x_wconf 74' lang='lat' dir='ltr'><strong>¹cortex</strong></span> <span class='ocrx_word' id='word_1_469' title='bbox 321 4523 466 4595; x_wconf 88' lang='lat' dir='ltr'><strong>Superest,</strong></span> <span class='ocrx_word' id='word_1_470' title='bbox 493 4527 525 4581; x_wconf 91' lang='lat' dir='ltr'><strong>ut</strong></span> <span class='ocrx_word' id='word_1_471' title='bbox 551 4524 694 4580; x_wconf 91' lang='lat' dir='ltr'><strong>uideamus</strong></span> <span class='ocrx_word' id='word_1_472' title='bbox 717 4525 753 4579; x_wconf 92' lang='lat' dir='ltr'><strong>de</strong></span> <span class='ocrx_word' id='word_1_473' title='bbox 775 4525 944 4596; x_wconf 79' lang='lat' dir='ltr'><strong>digestorum</strong></span> <span class='ocrx_word' id='word_1_474' title='bbox 968 4523 1043 4580; x_wconf 89' lang='lat' dir='ltr'><strong>libris</strong></span> <span class='ocrx_word' id='word_1_475' title='bbox 1066 4525 1175 4595; x_wconf 91' lang='lat' dir='ltr'><strong>scriptis</strong></span> <span class='ocrx_word' id='word_1_476' title='bbox 1202 4525 1301 4581; x_wconf 87' lang='lat' dir='ltr'><strong>aetatis</strong></span> <span class='ocrx_word' id='word_1_477' title='bbox 1327 4525 1494 4580; x_wconf 87' lang='lat' dir='ltr'><strong>recentioris.</strong></span> <span class='ocrx_word' id='word_1_478' title='bbox 1529 4526 1601 4580; x_wconf 85' lang='lat' dir='ltr'><strong>inter</strong></span> <span class='ocrx_word' id='word_1_479' title='bbox 1627 4541 1702 4596; x_wconf 90' lang='lat' dir='ltr'><strong>quos</strong></span> 
     </span>
    </p>

    <p class='ocr_par' dir='ltr' id='par_1_6' title="bbox 97 4599 1702 4708">
     <span class='ocr_line' id='line_1_41' title="bbox 97 4599 1702 4708; baseline 0.002 -22"><span class='ocrx_word' id='word_1_480' title='bbox 97 4599 250 4708; x_wconf 53' lang='grc' dir='ltr'><strong>ξζξζῧζζᾚ</strong></span> <span class='ocrx_word' id='word_1_481' title='bbox 268 4633 433 4702; x_wconf 85' lang='lat' dir='ltr'><strong>singularem</strong></span> <span class='ocrx_word' id='word_1_482' title='bbox 456 4633 544 4687; x_wconf 91' lang='lat' dir='ltr'><strong>locum</strong></span> <span class='ocrx_word' id='word_1_483' title='bbox 568 4637 686 4702; x_wconf 92' lang='lat' dir='ltr'><strong>occupat</strong></span> <span class='ocrx_word' id='word_1_484' title='bbox 708 4633 753 4687; x_wconf 92' lang='lat' dir='ltr'><strong>uel</strong></span> <span class='ocrx_word' id='word_1_485' title='bbox 776 4637 887 4703; x_wconf 91' lang='lat' dir='ltr'><strong>propter</strong></span> <span class='ocrx_word' id='word_1_486' title='bbox 909 4636 1027 4687; x_wconf 89' lang='lat' dir='ltr'><strong>aetatem</strong></span> <span class='ocrx_word' id='word_1_487' title='bbox 1052 4631 1139 4687; x_wconf 85' lang='lat' dir='ltr'><strong>codex</strong></span> <span class='ocrx_word' id='word_1_488' title='bbox 1162 4631 1343 4688; x_wconf 88' lang='lat' dir='ltr'><strong>bibliothecae</strong></span> <span class='ocrx_word' id='word_1_489' title='bbox 1365 4631 1491 4702; x_wconf 92' lang='lat' dir='ltr'><strong>publicae</strong></span> <span class='ocrx_word' id='word_1_490' title='bbox 1514 4633 1702 4691; x_wconf 88' lang='lat' dir='ltr'><strong>Berolinensis</strong></span> 
     </span>
    </p>

    <p class='ocr_par' dir='ltr' id='par_1_7' title="bbox 124 4725 1745 4918">
     <span class='ocr_line' id='line_1_42' title="bbox 124 4725 1745 4812; baseline 0.002 -18"><span class='ocrx_word' id='word_1_491' title='bbox 124 4725 223 4771; x_wconf 67' lang='lat' dir='ltr'><strong>sraela</strong></span> <span class='ocrx_word' id='word_1_492' title='bbox 268 4743 377 4810; x_wconf 90' lang='lat' dir='ltr'><strong>emptus</strong></span> <span class='ocrx_word' id='word_1_493' title='bbox 394 4755 419 4793; x_wconf 90' lang='lat' dir='ltr'><strong>a.</strong></span> <span class='ocrx_word' id='word_1_494' title='bbox 434 4739 502 4794; x_wconf 74' lang='lat'>1837</span> <span class='ocrx_word' id='word_1_495' title='bbox 521 4753 555 4794; x_wconf 84' lang='lat' dir='ltr'><strong>ex</strong></span> <span class='ocrx_word' id='word_1_496' title='bbox 573 4737 738 4796; x_wconf 89' lang='lat' dir='ltr'><strong>bibliotheca</strong></span> <span class='ocrx_word' id='word_1_497' title='bbox 756 4741 917 4812; x_wconf 87' lang='lat' dir='ltr'><strong>Rosnyana,</strong></span> <span class='ocrx_word' id='word_1_498' title='bbox 938 4739 1002 4794; x_wconf 92' lang='lat' dir='ltr'><strong>olim</strong></span> <span class='ocrx_word' id='word_1_499' title='bbox 1020 4739 1093 4794; x_wconf 89' lang='lat' dir='ltr'><strong>Petri</strong></span> <span class='ocrx_word' id='word_1_500' title='bbox 1111 4738 1230 4809; x_wconf 89' lang='lat' dir='ltr'><strong>Pithoei,</strong></span> <span class='ocrx_word' id='word_1_501' title='bbox 1248 4741 1308 4794; x_wconf 88' lang='lat' dir='ltr'><strong>Lat.</strong></span> <span class='ocrx_word' id='word_1_502' title='bbox 1322 4737 1368 4794; x_wconf 86' lang='lat' dir='ltr'><strong>iol.</strong></span> <span class='ocrx_word' id='word_1_503' title='bbox 1381 4740 1473 4795; x_wconf 71' lang='lat' dir='ltr'><strong>nece</strong></span> <span class='ocrx_word' id='word_1_504' title='bbox 1490 4738 1580 4806; x_wconf 87' lang='lat' dir='ltr'><strong>(uobis</strong></span> <span class='ocrx_word' id='word_1_505' title='bbox 1599 4739 1643 4807; x_wconf 79' lang='lat' dir='ltr'><strong>R).</strong></span> <span class='ocrx_word' id='word_1_506' title='bbox 1674 4743 1702 4798; x_wconf 90' lang='lat' dir='ltr'><strong>is</strong></span> <span class='ocrx_word' id='word_1_507' title='bbox 1742 4743 1745 4746; x_wconf 81' lang='grc'><strong>’</strong></span> 
     </span>
     <span class='ocr_line' id='line_1_43' title="bbox 268 4845 1702 4918; baseline 0.003 -17"><span class='ocrx_word' id='word_1_508' title='bbox 268 4847 340 4902; x_wconf 88' lang='lat' dir='ltr'><strong>enim</strong></span> <span class='ocrx_word' id='word_1_509' title='bbox 364 4851 473 4916; x_wconf 86' lang='lat' dir='ltr'><strong>praeter</strong></span> <span class='ocrx_word' id='word_1_510' title='bbox 496 4846 592 4902; x_wconf 90' lang='lat' dir='ltr'><strong>Iuliani</strong></span> <span class='ocrx_word' id='word_1_511' title='bbox 615 4848 783 4904; x_wconf 89' lang='lat' dir='ltr'><strong>nouellarum</strong></span> <span class='ocrx_word' id='word_1_512' title='bbox 808 4847 944 4917; x_wconf 88' lang='lat' dir='ltr'><strong>epitomen</strong></span> <span class='ocrx_word' id='word_1_513' title='bbox 969 4863 1031 4902; x_wconf 89' lang='lat' dir='ltr'><strong>cum</strong></span> <span class='ocrx_word' id='word_1_514' title='bbox 1055 4845 1251 4916; x_wconf 88' lang='lat' dir='ltr'><strong>appendicibus</strong></span> <span class='ocrx_word' id='word_1_515' title='bbox 1274 4847 1402 4918; x_wconf 89' lang='lat' dir='ltr'><strong>scriptam</strong></span> <span class='ocrx_word' id='word_1_516' title='bbox 1425 4847 1535 4903; x_wconf 86' lang='lat' dir='ltr'><strong>saeculo</strong></span> <span class='ocrx_word' id='word_1_517' title='bbox 1555 4845 1612 4903; x_wconf 85' lang='lat' dir='ltr'><strong>sere</strong></span> <span class='ocrx_word' id='word_1_518' title='bbox 1631 4847 1702 4905; x_wconf 84' lang='lat' dir='ltr'><strong>VIII</strong></span> 
     </span>
    </p>
   </div>
   <div class='ocr_carea' id='block_1_5' title="bbox 268 4953 1700 5024">
    <p class='ocr_par' dir='ltr' id='par_1_8' title="bbox 268 4953 1700 5024">
     <span class='ocr_line' id='line_1_44' title="bbox 268 4953 1700 5024; baseline 0.003 -16"><span class='ocrx_word' id='word_1_519' title='bbox 268 4954 390 5009; x_wconf 89' lang='lat' dir='ltr'><strong>continet</strong></span> <span class='ocrx_word' id='word_1_520' title='bbox 412 4954 617 5024; x_wconf 88' lang='lat' dir='ltr'><strong>quaternionem</strong></span> <span class='ocrx_word' id='word_1_521' title='bbox 641 4953 937 5022; x_wconf 83' lang='lat' dir='ltr'><strong>(nrrncl.183—190)</strong></span> <span class='ocrx_word' id='word_1_522' title='bbox 960 4953 1046 5009; x_wconf 88' lang='lat' dir='ltr'><strong>codici</strong></span> <span class='ocrx_word' id='word_1_523' title='bbox 1070 4957 1167 5024; x_wconf 85' lang='lat' dir='ltr'><strong>postea</strong></span> <span class='ocrx_word' id='word_1_524' title='bbox 1188 4953 1297 5009; x_wconf 90' lang='lat' dir='ltr'><strong>demum</strong></span> <span class='ocrx_word' id='word_1_525' title='bbox 1321 4969 1372 5010; x_wconf 89' lang='lat' dir='ltr'><strong>nec</strong></span> <span class='ocrx_word' id='word_1_526' title='bbox 1390 4955 1463 5010; x_wconf 90' lang='lat' dir='ltr'><strong>iusto</strong></span> <span class='ocrx_word' id='word_1_527' title='bbox 1485 4956 1545 5011; x_wconf 89' lang='lat' dir='ltr'><strong>loco</strong></span> <span class='ocrx_word' id='word_1_528' title='bbox 1565 4955 1700 5012; x_wconf 87' lang='lat' dir='ltr'><strong>insertum</strong></span> 
     </span>
    </p>
   </div>
   <div class='ocr_carea' id='block_1_6' title="bbox 0 0 1796 5326">
    <p class='ocr_par' dir='ltr' id='par_1_9' title="bbox 0 0 1796 5326">
     <span class='ocr_line' id='line_1_45' title="bbox 0 0 1796 5326; baseline 0 2"><span class='ocrx_word' id='word_1_529' title='bbox 0 0 1796 5326; x_wconf 95' lang='lat' dir='ltr'><strong> </strong></span> 
     </span>
    </p>
   </div>
  </div>
 </body>
</html>
