4320 5340
1291 111 1372 192 44·

617 277 731 332 detineri
750 292 813 332 eum
831 277 877 347 qni
895 277 924 332 in
942 277 1030 331 locum
1045 275 1088 342 (in
1106 275 1167 330 loco
1182 274 1217 339 (1)
1236 275 1295 329 eins
1312 274 1396 340 (illius
1413 275 1448 340 L)
1466 278 1575 330 creatus
1593 278 1645 342 est,
1662 277 1807 342 tamqnam
1826 286 1882 328 non
1899 272 1980 328 liceat
1995 271 2049 328 dari

583 361 598 406 t
617 350 752 404 inlocum
771 349 1040 404 existentistutcris.
1071 345 1180 402 Sufficit
1197 353 1290 400 autem
1308 349 1415 412 (autem
1435 366 1483 400 om.
1497 348 1534 412 0)
1552 347 1624 402 intra
1644 345 1829 400 constitutum
1848 349 1958 414 tempus
1974 357 2050 400 exeu-

617 421 672 474 sari
691 427 838 482 (excusare
857 422 909 488 10)
929 421 1030 474 solum:
1055 419 1079 474 si
1097 419 1170 473 enim
1188 420 1296 484 (autem
1316 419 1345 484 1)
1363 422 1461 488 postea
1482 417 1578 473 nolens
1597 418 1710 482 (uolens
1728 417 1794 482 LO)
1813 415 1941 484 desierit,
1958 417 2049 471 nonai

617 491 734 547 nocebit.
762 493 879 562 ideoque
903 492 926 546 si
944 491 1174 561 representauerit
1196 490 1257 558 quis
1276 504 1306 544 se
1327 491 1429 557 solnm,
1454 504 1509 544 non
1528 489 1711 558 permanserit
1728 493 1824 542 autem
1841 491 1954 558 postea,
1977 492 2006 542 ut
2021 503 2049 544 se

616 570 737 632 excuset,
755 570 819 633 post
837 564 1015 617 constitutum
1034 568 1143 632 tempus
1161 561 1322 630 exceptione
1335 562 1488 630 repelletur.
1513 567 1542 616 et
1558 560 1626 615 dicit
1640 560 1693 616 boc
1706 563 1748 626 (ut
1759 559 1829 614 dicit
1843 559 1881 625 G)
1899 560 2049 616 constittrtlo

583 647 597 692 7
616 636 810 703 imperatorum
829 635 965 701 (diuorum
979 635 1013 699 L)
1027 632 1121 688 Seueri
1140 638 1168 687 et
1180 633 1320 687 Antonini.
1351 631 1380 688 Si
1399 633 1471 687 enim
1489 633 1550 702 quis
1561 631 1673 702 propter
1684 631 1871 700 egritudinem
1890 631 1936 685 uel
1952 635 2008 694 (aut
2019 631 2049 697 L)

615 713 728 776 propter
749 707 830 762 aliam
853 707 1048 760 necessitatem
1073 704 1318 770 (necessitudinem
1343 705 1397 772 L),
1420 710 1488 773 puta
1510 707 1592 758 maris
1616 704 1660 759 uel
1682 704 1762 758 iemis
1787 703 1833 758 uel
1856 703 1983 757 incursus
2004 703 2049 768 (ia-

616 793 698 832 cursu
717 779 766 842 IL)
789 779 925 833 latronum
948 781 996 831 aut
1015 777 1094 831 aliam
1114 777 1232 844 aliquam
1251 776 1381 844 similem,
1403 775 1431 830 in
1449 777 1598 831 eonadtntc
1615 779 1741 844 tempore
1759 789 1816 829 non
1834 775 1938 843 poterit
1955 775 2049 842 uenire,

617 851 652 912 (ei
672 858 719 903 ine.
733 851 773 903 10
779 855 787 914 )
806 854 850 903 est
867 847 1078 917 ignoscendum:
1098 848 1175 901 cuius
1186 845 1268 901 fidem
1286 845 1387 902 suffieit
1398 845 1506 902 firmare
1524 845 1695 912 (confirmare
1715 847 1744 913 I)
1763 851 1847 900 etex
1866 846 1930 914 ipsa
1941 845 2049 900 naturali

615 921 728 990 iustitia,
746 925 935 974 nerumtamen
952 926 982 974 ει
999 919 1157 973 constitutio
1175 923 1218 973 est
1235 919 1429 988 imperatorum
1448 919 1630 988 (imperatoris
1647 919 1676 983 1)
1694 917 1790 972 Seueri
1807 923 1837 972 et
1855 917 1989 972 Antonini
2004 917 2050 972 hee

583 1003 597 1049 e
616 992 718 1046 dicens.
746 991 820 1046 Scire
838 997 930 1046 autem
949 997 1071 1060 oportet,
1090 991 1218 1060 quoniam
1237 1005 1292 1044 non
1311 988 1413 1046 suflicit
1435 991 1566 1046 accedere
1585 990 1620 1044 ad
1637 989 1770 1058 iudicem,
1795 994 1839 1044 set
1864 995 1974 1058 oportet
1992 1004 2049 1044 eum

616 1063 697 1118 etde
716 1066 807 1132 specie
825 1063 992 1118 remissionis
1015 1063 1111 1116 testari
1130 1065 1264 1128 (ιτεειειε
1283 1063 1328 1128 I):
1353 1066 1382 1116 et
1400 1062 1423 1118 ei
1442 1062 1527 1118 multa
1549 1061 1633 1116 babet
1654 1076 1709 1130 que
1728 1061 1763 1116 ad
1783 1060 1974 1116 remissionem
1991 1065 2049 1116 sunt

615 1135 696 1204 iusta,
715 1135 807 1190 omnia
825 1135 973 1203 nominare,
992 1133 1016 1187 si
1033 1139 1125 1188 autem
1144 1147 1207 1202 non,
1226 1133 1321 1188 similis
1339 1137 1382 1187 est
1399 1133 1437 1200 ei,
1456 1135 1503 1203 qui
1522 1148 1695 1203 nequaquam
1712 1133 1846 1200 accessit,
1866 1133 1915 1201 qui
1934 1137 1992 1190 (aut
2004 1151 2049 1203 pro

583 1215 597 1262 9
615 1205 662 1274 qui
674 1207 709 1272 L)
727 1206 845 1260 accessit
863 1205 982 1274 quidem,
1000 1204 1102 1259 iustum
1121 1203 1187 1272 quid
1205 1210 1296 1258 autem
1316 1205 1483 1260 remissionis
1501 1221 1555 1260 non
1573 1205 1733 1260 nominauit
1766 1203 1973 1274 Quinquaginta
1990 1217 2049 1259 uero

617 1281 693 1340 (uero
712 1297 760 1330 ona.
776 1279 811 1343 O)
835 1276 894 1330 dies
917 1276 1039 1330 continui
1057 1276 1200 1342 (continue
1220 1277 1256 1342 C)
1275 1281 1452 1330 numerantur
1469 1277 1630 1345 incipientes
1648 1292 1665 1330 a
1682 1283 1806 1345 tempore
1826 1275 2003 1344 cognitionis,
2024 1275 2048 1330 in

568 1359 597 1405 10
616 1363 670 1418 quo
688 1349 750 1418 quis
768 1349 898 1416 cognouit
916 1364 946 1402 se
964 1349 1053 1417 ipsum
1073 1347 1167 1401 datum
1186 1362 1256 1402 esse.
1289 1347 1403 1416 Oportet
1421 1352 1511 1402 autem
1532 1363 1587 1403 una
1603 1348 1699 1402 testari
1717 1351 1783 1400 ante
1800 1345 1923 1400 tribunal
1940 1346 1984 1400 nel
2000 1347 2048 1408 (uel

616 1439 664 1472 om.
678 1419 712 1483 L)
730 1420 809 1474 aliter
826 1421 853 1474 in
872 1419 1175 1474 submemorationibne.
1202 1422 1294 1487 potest
1312 1425 1404 1474 autem
1422 1425 1451 1473 ει
1468 1419 1573 1474 libellos
1591 1419 1671 1488 dare,
1695 1425 1727 1472 ut
1743 1418 1819 1472 idem
1838 1418 1892 1487 ipsi
1911 1419 1987 1472 aiunt
2005 1417 2048 1472 im·

567 1501 595 1546 11
615 1495 764 1560 peratores.
791 1491 850 1545 lieo
868 1489 902 1544 de
921 1491 972 1545 biis
991 1491 1037 1560 qui
1056 1489 1202 1546 obscurare
1221 1490 1400 1546 constitutum
1418 1494 1530 1560 tempus
1546 1490 1661 1546 debent:
1685 1489 1720 1544 de
1738 1489 1793 1544 hiis
1811 1498 1917 1558 autem,
1938 1490 1984 1558 qni
2001 1503 2048 1544 non

567 1573 597 1617 lt
615 1562 731 1616 subiecti
755 1568 818 1616 aunt
836 1563 991 1616 constitutis
1009 1559 1190 1631 temporibus,
1209 1577 1292 1631 agere
1311 1564 1370 1628 (ser.
1384 1566 1447 1632 age)
1465 1565 1625 1618 scrutemur.
1662 1561 1714 1627 Qui
1737 1577 1794 1615 non
1817 1561 1894 1615 iuste
1917 1559 1974 1615 dati
1991 1567 2048 1616 sunt

614 1639 728 1701 tutores,
748 1633 798 1688 boc
811 1638 854 1687 εει
866 1649 883 1687 a
895 1633 994 1703 quibus
1012 1650 1066 1688 non
1084 1637 1200 1702 oportet,
1219 1638 1267 1687 aut
1285 1633 1321 1687 hii
1339 1648 1408 1702 quos
1428 1638 1487 1699 (aut
1498 1634 1559 1704 quis
1574 1633 1603 1698 L,
1623 1641 1670 1688 ine.
1686 1634 1727 1696 0,
1745 1634 1797 1704 des.
1809 1631 1848 1698 I·)
1867 1647 1922 1688 non
1940 1637 2047 1702 oportet

616 1709 664 1759 aut
681 1703 780 1774 quibus
798 1719 853 1758 non
871 1709 980 1774 oportet
997 1707 1057 1770 (aut
1074 1705 1173 1773 quibus
1191 1719 1245 1759 non
1263 1709 1371 1774 oportet
1383 1725 1431 1758 om.
1447 1705 1476 1768 0,
1495 1707 1545 1776 des.
1560 1705 1604 1772 1¹),
1622 1709 1671 1758 aut
1688 1719 1743 1774 quo
1761 1717 1817 1758 non
1836 1707 1948 1773 oportet
1966 1702 2047 1771 modo,

615 1776 751 1845 sineque
776 1775 969 1831 confirmentur
992 1775 1203 1841 (confirmantur
1228 1777 1264 1842 0)
1288 1792 1377 1845 neque
1401 1777 1673 1846 amministrauerint,
1697 1781 1763 1830 sunt
1786 1775 1935 1830 immunes.
1968 1789 2048 1843 neque

615 1853 736 1918 opponet
749 1853 868 1917 (oportet
880 1850 914 1911 L)
927 1849 988 1917 quis
1006 1850 1054 1916 eis,
1073 1848 1202 1916 quoniam
1221 1848 1370 1902 constituta
1387 1853 1512 1917 tempora
1530 1847 1736 1903 excusationum
1756 1861 1811 1902 non
1831 1846 2046 1902 obseruauerint:

614 1935 704 1986 neque
727 1919 799 1973 enirn
818 1920 900 1982 (enim
920 1939 968 1973 om.
982 1919 1017 1984 1⁰)
1035 1919 1138 1974 babent
1158 1920 1342 1974 excusationis
1365 1921 1571 1988 necessitatem,
1596 1925 1627 1974 ut
1644 1918 1799 1974 ostenditur
1818 1920 1859 1982 (in
1879 1927 1927 1972 ine.
1939 1919 1974 1982 L)
1991 1917 2046 1972 sub

615 1991 693 2045 lectis
712 1990 959 2058 constitutionibus,
979 2003 1047 2059 quas
1066 1991 1183 2059 exempli
1201 1992 1291 2060 gratia
1309 1989 1425 2046 subiecti
1444 1995 1503 2054 (aer.
1516 1990 1644 2056 subieci):
1663 1990 1832 2058 adaptantur
1850 1995 1944 2044 autem
1961 1991 2047 2059 utique

615 2061 742 2117 omnibus
760 2062 902 2126 (omnibus
919 2064 1012 2131 itaque
1032 2064 1077 2128 0).
1104 2063 1194 2117 Diuus
1209 2062 1328 2117 Seuerus
1346 2063 1542 2118 etAntoninus
1560 2063 1679 2131 Augusti
1696 2062 1835 2116 Narcisso.
1864 2060 1910 2114 Ab
1928 2077 1981 2115 ano
1998 2076 2046 2115 ma

615 2139 693 2188 terno
717 2138 790 2188 tutor
813 2133 894 2188 datus
917 2149 1030 2188 necesse
1049 2149 1103 2188 non
1121 2133 1240 2188 habuisti
1259 2134 1397 2202 excusari,
1422 2150 1483 2189 curn
1505 2135 1566 2204 ipso
1584 2135 1643 2188 iure
1660 2149 1715 2188 non
1733 2134 1839 2188 teneris
1857 2133 1986 2197 (tenearis
2004 2133 2045 2198 L):

616 2205 639 2259 si
663 2205 745 2273 igitur
768 2209 845 2274 (ergo
864 2207 898 2272 L)
922 2205 1158 2260 amministrationi
1180 2209 1209 2260 te
1231 2220 1286 2260 non
1309 2205 1456 2275 miscuisti,
1481 2211 1640 2276 potestesse
1662 2220 1786 2260 securus.
1814 2205 1942 2260 similiter
1963 2209 2046 2258 autem

616 2281 645 2330 et
663 2277 686 2330 si
705 2291 766 2331 eum
785 2278 832 2346 qui
850 2292 904 2331 non
922 2277 1081 2347 suppositus
1099 2283 1142 2331 est
1159 2276 1339 2332 iurisdictioni
1357 2277 1490 2332 creabunt
1507 2278 1683 2346 magistratus
1694 2281 1816 2332 tutorem
1828 2277 1875 2330 uel
1893 2279 2045 2345 curatorem,

616 2363 704 2417 neque
723 2348 767 2402 bic
784 2350 977 2474 necessitatem
995 2347 1078 2404 habet
1096 2348 1243 2404 obsemare
1261 2350 1411 2406 constituta
1428 2355 1567 2420 tempora,
1586 2353 1617 2404 ut
1633 2353 1702 2419 puta
1719 2363 1793 2418 eum,
1812 2348 1862 2418 qui
1880 2362 1970 2417 neque
1986 2347 2046 2402 ciub

615 2435 704 2492 neque
721 2420 811 2476 incoa
829 2426 880 2476 est

558 2529 597 2586 14
668 2527 746 2582 luant
763 2525 841 2582 libro.
877 2525 1019 2582 Libertum
1037 2525 1064 2580 in
1082 2525 1188 2582 ratione
1206 2526 1241 2582 de
1264 2527 1441 2582 excusatione
1459 2527 1631 2594 (executione
1650 2527 1684 2594 L)
1703 2529 1827 2581 tntomm
1852 2527 1882 2580 et
1899 2528 2045 2580 curatorum

616 2599 659 2664 (et
676 2613 733 2653 cur.
752 2617 801 2652 om.
816 2600 851 2664 0)
870 2598 940 2652 scire
958 2601 1080 2668 oportet,
1104 2598 1233 2667 quoniam
1257 2614 1311 2655 non
1330 2599 1417 2654 solum
1435 2599 1522 2670 patris
1539 2597 1646 2668 pupilli,
1669 2603 1713 2653 set
1736 2603 1765 2652 et
1787 2598 1887 2652 matris
1904 2597 2046 2666 intelligere

582 2683 594 2728 1
616 2669 703 2726 decet.
735 2669 784 2724 Set
801 2675 830 2724 et
847 2670 881 2736 (si
900 2679 946 2724 ina.
961 2669 990 2735 1)
1008 2685 1070 2724 cum
1089 2669 1269 2738 quesierimus
1287 2670 1322 2724 de
1340 2670 1432 2726 liboris
1450 2671 1571 2740 patroni,
1589 2671 1659 2724 scire
1677 2675 1794 2738 oportet,
1815 2669 1947 2738 qnoniam
1965 2667 2045 2738 appel·

614 2741 743 2795 lationem
761 2740 904 2796 hancnon
922 2741 1055 2810 inprime
1073 2742 1160 2810 gradu
1183 2743 1326 2811 sistemus,
1350 2741 1402 2798 hoc
1424 2749 1467 2797 est
1489 2739 1575 2798 filium
1598 2746 1627 2796 et
1649 2739 1748 2810 liliam,
1771 2747 1816 2795 set
1840 2746 1870 2795 et
1887 2746 2001 2809 nepotes
2016 2753 2046 2794 ex

582 2827 596 2872 ι
615 2817 731 2882 utroque
743 2813 828 2868 latere
841 2816 904 2878 (utr.
913 2812 1001 2882 gradu
1012 2813 1097 2866 latere
1111 2813 1144 2878 L)
1156 2817 1185 2868 et
1196 2829 1244 2868 eos
1256 2815 1303 2884 qui
1315 2820 1380 2869 sunt
1391 2811 1529 2884 deinceps.
1560 2813 1609 2869 Set
1621 2814 1673 2867 etsi
1691 2813 1734 2867 ius
1746 2813 1892 2868 anulorum
1911 2826 2046 2866 aureorum

615 2885 810 3011 {miremuerirtt'
825 2883 918 3010 gdbuc
937 2883 1064 3008 1111191111ιο
1074 2883 1232 3010 Ιίιετὶιίοιιιιε
1251 2886 1373 2970 ordinem
1391 2885 1417 2940 in
1437 2884 1496 2972 hec,
1515 2899 1568 2955 que
1587 2884 1720 2949 (ordinem
1738 2883 1879 2953 nichilque
1893 2883 2045 2968 Ltordinem

582 2955 2046 3098 ⁸i..iiiiamiiiitttiii..ttittttittiiittitiit‘titit.iiitittt

582 3100 725 3168 treliquis
743 3099 856 3165 (ceteris
877 3100 913 3164 L')
931 3097 1043 3152 libertis.
1074 3099 1103 3153 Si
1121 3100 1213 3170 plures
1231 3100 1320 3156 liberti
1338 3099 1445 3169 luerint,
1465 3115 1536 3156 unus
1554 3099 1675 3155 omnium
1693 3097 1786 3154 liberis
1804 3105 1882 3154 tutor
1900 3097 2007 3153 dabitur
2022 3102 2046 3152 et

616 3188 633 3228 a
650 3170 738 3226 tribus
756 3171 849 3226 tutelis
867 3185 922 3224 uon
940 3169 1105 3225 absoluetur.

560 3279 598 3337 15
669 3278 747 3332 insu
764 3277 842 3331 libro.
879 3275 1035 3344 Spadonem
1055 3280 1175 3346 (quoque
1193 3285 1240 3331 iae.
1252 3279 1288 3341 L)
1307 3277 1440 3332 creabunt
1455 3281 1589 3332 tutorem:
1612 3277 1713 3332 nullam
1737 3275 1810 3332 enim
1835 3275 1923 3331 habet
1943 3290 2044 3331 excuss·

585 3362 596 3406 1
617 3349 727 3418 tionem,
746 3354 777 3402 ut
795 3347 953 3402 constitutio
972 3348 1093 3403 ostendit
1110 3348 1304 3418 imperatorum
1322 3350 1510 3420 (imperatoris
1524 3349 1554 3414 1)
1573 3347 1668 3404 Seueri
1686 3353 1714 3402 et
1732 3348 1876 3404 Antonini.
1915 3348 1966 3413 Qui
1983 3345 2046 3417 patri

617 3421 741 3490 promisit
762 3425 880 3474 tutorem
903 3434 965 3474 esse
989 3420 1149 3488 liberorum,
1177 3421 1303 3476 excusari
1329 3420 1364 3475 ab
1388 3421 1440 3476 hac
1461 3421 1548 3475 tutela
1570 3435 1624 3475 non
1650 3425 1756 3488 potest,
1786 3421 1840 3474 etsi
1866 3420 1948 3474 aliter
1973 3419 2047 3473 habet

584 3504 598 3548 a
617 3491 742 3560 (haberet
751 3492 785 3558 L)
804 3491 988 3546 excusationis
1006 3492 1058 3546 ius.
1090 3491 1165 3546 Scire
1184 3497 1300 3562 oportet,
1318 3493 1447 3561 quoniam
1465 3492 1585 3562 dignitas
1603 3491 1733 3559 (dignitas
1752 3511 1802 3544 cm.
1817 3491 1853 3556 C)
1872 3491 1941 3546 nulli
1955 3490 2047 3544 tribuet

617 3563 723 3626 (tribuit
735 3565 770 3628 L)
789 3564 1001 3617 excusationem.
1030 3563 1103 3618 unde
1121 3564 1144 3617 si
1162 3563 1223 3631 quia
1242 3570 1353 3618 senator
1370 3562 1460 3633 fuerit,
1479 3564 1522 3618 hic
1540 3568 1615 3618 tutor
1627 3563 1678 3617 erit
1690 3568 1836 3630 eteorum,
1856 3564 1906 3630 qni
1922 3560 2046 3618 interioris

584 3645 598 3690 e
617 3635 720 3690 ordinis
739 3641 803 3688 sunt
821 3639 992 3689 senatorum:
1015 3635 1089 3704 quod
1113 3635 1253 3704 rescripsit
1277 3635 1358 3690 diuus
1375 3636 1483 3690 limone
1507 3639 1535 3690 et
1554 3633 1720 3690 Commodus
1738 3633 1928 3698 (commodius
1948 3635 1991 3700 G).
2020 3629 2047 3687 Si

617 3713 709 3761 autem
728 3712 803 3761 tutor
820 3707 864 3760 ucl
883 3711 992 3760 curator
1010 3707 1069 3772 (uel
1087 3710 1197 3760 curator
1215 3725 1263 3760 om.
1277 3707 1315 3774 0)
1334 3708 1395 3778 quis
1414 3707 1523 3762 sitnon
1545 3706 1680 3761 senatoris
1702 3706 1749 3760 uel
1772 3706 1853 3760 aliter
1875 3705 1904 3760 in
1923 3703 2047 3773 dignitate

617 3779 707 3849 positi,
726 3776 824 3831 deindo
844 3779 908 3846 (que
925 3787 971 3832 tna.
987 3777 1023 3843 0)
1042 3782 1140 3848 postea
1157 3776 1205 3832 liet
1222 3781 1341 3847 senator,
1359 3779 1487 3834 continue
1505 3778 1645 3844 (continuo
1657 3779 1692 3838 L)
1710 3777 1874 3832 absoluetur
1892 3793 1910 3830 a
1927 3777 2046 3832 sollicitu-

617 3851 689 3904 dine.
718 3849 742 3903 si
760 3855 852 3904 autem
871 3848 957 3917 liberi,
976 3863 1091 3917 quorum
1109 3851 1222 3904 tutelam
1242 3850 1286 3904 uel
1299 3853 1359 3910 (aut
1370 3851 1405 3917 L)
1418 3865 1511 3905 ennam
1524 3847 1741 3904 amministrabat
1753 3847 1994 3914 (administrabunt
2006 3847 2047 3914 G),

584 3931 600 3977 t
618 3926 696 3976 erant
716 3921 849 3976 senatoris
868 3923 1020 3986 (senatores
1038 3921 1087 3990 L),
1111 3937 1166 3976 non
1184 3920 1343 3976 absoluetur
1360 3937 1378 3976 a
1395 3937 1470 3976 cura.
1506 3920 1635 3976 Similiter
1658 3925 1750 3976 autem
1767 3923 1874 3986 (autem
1892 3940 1942 3974 em.
1954 3921 1988 3982 L)
2005 3917 2048 3987 qni

617 3992 751 4048 inferioris
770 3993 872 4048 ordinis
891 3998 941 4060 est,
960 4007 1015 4047 non
1033 3992 1209 4048 excusabitur
1226 3996 1389 4056 (excusatur
1408 3995 1445 4057 0)
1464 4009 1481 4048 a
1497 3993 1585 4047 tutela
1603 3993 1647 4047 uel
1669 4008 1736 4047 cura
1759 3992 1894 4046 maiorum
1912 3991 2048 4056 (maiorum

586 4065 663 4120 tnel
681 4065 815 4119 minorum
835 4064 856 4129 I,
875 4065 985 4118 maioris
1002 4065 1035 4127 L,
1053 4065 1186 4119 minorum
1205 4065 1251 4118 nel
1268 4065 1401 4120 maiomam
1422 4066 1467 4130 0).
1505 4065 1599 4134 Neque
1617 4062 1741 4118 librarios
1758 4079 1848 4133 neque
1868 4063 2047 4130 calculatores,

618 4151 687 4206 quos
705 4136 911 4191 ratiocinatores
924 4135 1121 4198 (ratiocinarios
1136 4138 1166 4200 0,
1184 4135 1346 4192 rationarios
1359 4137 1393 4200 L)
1412 4135 1537 4206 dicimus,
1556 4133 1656 4190 babere
1670 4137 1871 4190 immunitatem
1885 4133 1979 4189 dicunt
1990 4132 2048 4188 diue

586 4216 600 4263 t
618 4209 827 4263 constitutiones
845 4207 1057 4270 (constitutionis
1072 4208 1109 4271 I).
1145 4208 1204 4262 Iam
1222 4211 1314 4262 autem
1333 4213 1362 4262 et
1379 4207 1455 4262 ludei
1473 4221 1527 4261 non
1543 4206 1687 4262 iudeorum
1706 4211 1814 4262 tutores
1831 4211 1920 4276 erunt,
1939 4207 2007 4260 sicut
2023 4207 2050 4258 et

618 4280 723 4348 reliqua
746 4278 997 4333 amministrabunt:
1020 4278 1229 4332 constitutiones
1252 4281 1324 4334 enim
1347 4278 1390 4344 (in
1409 4287 1455 4333 tus.
1470 4279 1507 4345 O)
1531 4279 1597 4334 solis
1619 4279 1671 4334 illis
1695 4279 1754 4333 sine
1777 4279 1906 4334 molestia
1928 4292 1976 4332 eos
1992 4290 2049 4331 esse

586 4359 600 4406 1
619 4350 722 4421 iubent,
740 4367 790 4420 per
807 4367 860 4419 que
879 4355 972 4419 (quem
987 4352 1023 4416 C)
1042 4350 1131 4404 cultus
1149 4350 1285 4419 inquinari
1300 4349 1417 4405 uidetur.
1445 4351 1627 4406 Ratiocinatio
1639 4350 1758 4406 ciuitatis
1770 4363 1861 4420 neque
1873 4351 1902 4404 in
1913 4363 2049 4404 numerum

586 4423 699 4478 eunius
722 4424 806 4476 tutele
830 4422 962 4492 procedit.
1000 4420 1104 4476 Liberti
1126 4436 1242 4477 uxorum
1265 4427 1420 4477 senatorum
1445 4422 1496 4476 etsi
1521 4421 1668 4492 disponant
1690 4437 1735 4476 res
1757 4436 1869 4490 eorum,
1894 4435 1949 4476 non
1966 4419 2049 4475 absol·

619 4498 721 4548 uuntur
739 4494 929 4560 (absoluantur
941 4495 970 4560 Ι)
989 4509 1006 4548 a
1024 4495 1131 4549 tutelis:
1149 4493 1201 4548 hoc
1219 4495 1291 4549 euim
1310 4498 1349 4560 (st
1361 4503 1408 4548 ins.
1421 4494 1450 4560 l)
1469 4495 1651 4549 masculorum
1669 4498 1826 4548 senatorum
1844 4491 1950 4548 libertis
1967 4493 2049 4547 solum

468 4621 474 4642 ,
586 4573 780 4620 econeessum
799 4571 850 4620 est.
881 4565 910 4620 Si
929 4566 1048 4621 ciuitatis
1065 4567 1206 4635 princeps,
1225 4565 1253 4620 id
1271 4570 1315 4621 eet
1333 4565 1518 4633 magistratus,
1539 4565 1675 4621 incidente
1694 4566 1842 4634 (magister
1860 4564 1999 4619 recidente
2017 4563 2050 4628 0)

619 4637 644 4692 ei
664 4641 708 4700 (ea
720 4638 781 4704 l’L)
800 4639 937 4693 creatione
956 4641 1060 4703 (eorum
1073 4637 1205 4692 bonorum
1219 4646 1266 4692 ise.
1282 4637 1319 4704 O)
1334 4635 1469 4692 obnoxius
1486 4634 1569 4692 luerit
1585 4637 1705 4708 periculo
1716 4638 1813 4706 tutele,
1830 4636 1903 4691 banc
1920 4651 1975 4690 non
1991 4649 2050 4689 oon·

619 4709 774 4764 numerabit
792 4710 851 4764 aliis
865 4710 967 4778 tutelis,
985 4709 1214 4777 quemadmodum
1226 4723 1316 4778 neque
1327 4707 1516 4764 fideiussorem
1528 4707 1714 4774 (fideiussores
1727 4710 1781 4775 10)
1793 4709 1893 4762 tutele:
1912 4711 1957 4762 set
1967 4719 2052 4774 neque

572 4785 602 4832 ιο
619 4781 666 4849 qui
684 4782 833 4835 secundum
853 4780 903 4848 (ob
923 4781 952 4844 1)
972 4779 1100 4836 honorem
1118 4787 1223 4836 tutores
1240 4781 1335 4852 scripti
1352 4780 1510 4850 (conscripti
1527 4781 1563 4847 L)
1580 4785 1653 4836 sunt.
1688 4779 1742 4846 Qui
1759 4779 1910 4850 uectigalia
1925 4777 2053 4834 conduxit

572 4861 599 4906 11
620 4867 638 4905 a
656 4851 813 4906 ciuitatibus
832 4850 1026 4922 (municipibus
1038 4853 1080 4920 L),
1099 4868 1153 4908 nen
1172 4857 1319 4908 excusatur
1337 4855 1516 4917 (excusantur
1529 4853 1568 4917 0)
1586 4869 1604 4908 a
1620 4867 1694 4906 cura
1725 4850 1778 4917 Qui
1797 4851 1885 4906 multa
1898 4851 1960 4906 iura
1973 4849 2053 4905 habet

620 4921 720 4993 dicere,
739 4938 854 4992 quorum
874 4923 1088 4994 unumquodque
1104 4939 1154 4996 per
1165 4939 1195 4982 se
1213 4925 1304 4997 ipsum
1322 4938 1377 4980 non
1395 4929 1439 4980 est
1455 4923 1585 4995 uatium,
1604 4924 1628 4980 si
1645 4924 1748 4996 poterit
1764 4923 1903 4992 excusari,
1920 4923 2053 4994 quesitum
