3698 5364
186 185 289 253 Xlllll
309 187 332 251 4
350 191 449 246 3-10
863 176 951 258 754
1161 201 1208 249 ua
1229 199 1403 249 nuorunus
1425 197 1634 248 uuuosmus

154 349 168 395 8
187 341 222 397 ad
240 345 376 411 nepotem.
413 339 512 406 Quaeri
530 343 636 410 potest,
660 340 683 394 si
700 341 809 410 patroni
826 337 898 394 filius
917 341 954 394 sit
973 343 1094 394 remotus
1117 341 1162 395 uel
1186 345 1348 408 excusatus,
1371 355 1406 394 an
1423 339 1522 408 nepoti
1541 337 1636 392 tutela

186 429 333 486 deseratur.
361 434 390 484 et
407 429 550 484 Marcellus
572 429 600 483 in
624 443 658 483 es
680 429 816 484 sententia
838 433 893 497 est,
918 433 950 482 ut
973 427 1084 483 succedi
1107 441 1162 483 ιιοιι
1184 443 1267 499 posse
1291 427 1405 483 scribat:
1428 428 1537 483 idcirco
1555 427 1634 482 euim

153 526 167 572 9
187 519 313 574 abierunt
328 519 422 588 tutela,
443 522 474 572 ut
493 517 538 572 alii
556 517 584 572 in
602 517 691 572 locum
710 531 803 571 eorum
823 517 930 587 dentur,
949 531 1004 572 uon
1024 522 1056 572 ut
1073 518 1212 572 successio
1230 517 1398 572 admittatur.
1434 517 1498 572 Nou
1517 521 1634 571 tautum

187 615 279 664 autem
299 613 512 676 morte„uerum
531 608 614 668 etiam
633 606 730 675 capitis
748 605 935 662 deminutione
953 607 1091 662 successio
1109 605 1192 662 debet
1209 607 1237 661 in
1255 607 1378 684 legitime
1395 607 1482 661 tutela
1502 605 1633 660 admitti:

187 713 271 768 quare
289 699 312 752 si
330 697 478 767 proximior
496 696 587 766 capite
605 695 761 750 deminutus
780 699 830 766 est,
850 697 896 765 qui
914 700 978 766 post
994 711 1057 751 eum
1077 699 1120 748 est
1137 695 1260 750 succedit
1278 697 1305 750 iu
1322 696 1426 751 tutelae
1448 695 1634 749 administra·
1652 704 1666 746 s

139 793 168 840 ιο
187 787 269 842 tione.
306 785 336 841 Si
353 801 452 856 parens
469 784 554 840 tilium
572 785 616 840 uel
633 782 716 839 tiliam
735 783 780 838 uel
798 789 926 854 nepotem
950 785 994 840 uel
1012 789 1121 854 neptem
1146 785 1190 839 uel
1209 783 1340 855 deinceps
1356 783 1531 855 impuberes,
1557 797 1634 852 quos

187 876 215 930 iu
232 881 370 946 potestate
389 875 497 944 babeat,
516 875 678 944 emancipet,
696 875 785 928 uicem
803 874 917 943 legitimi
935 874 1034 929 tutoris
1053 873 1182 930 sustinet:

148 959 173 1020 4·
240 965 432 1020 Monusuuuus
456 963 524 1019 libro
548 967 645 1033 quarto
669 963 892 1018 differentiarum.
934 977 989 1032 quo
1019 961 1148 1017 defuncto
1176 962 1200 1016 si
1223 961 1300 1018 liberi
1323 960 1463 1032 perfectae
1496 954 1634 1027 ᾗῇ]
1652 966 1694 1020 Ἐ

187 1054 286 1108 aetatis
304 1054 447 1122 exsistant,
465 1051 599 1108 fiduciarii
618 1057 723 1108 tutores
740 1051 831 1108 fratris
850 1051 893 1106 uel
912 1053 1012 1107 sororis
1031 1050 1194 1106 efficiuntur.
1414 1055 1416 1060 ’
1652 1061 1666 1100 a

149 1140 168 1200 5
241 1141 390 1198 Uurrsuus
412 1141 480 1197 libro
504 1142 644 1210 trigesimo
667 1143 762 1212 quinta
787 1141 822 1198 ad
846 1141 975 1196 edictum.
1011 1141 1162 1210 Legitimos
1185 1144 1290 1195 tutores
1308 1154 1388 1194 nemo
1406 1139 1462 1208 dat,
1482 1133 1634 1224 Q
1666 1143 1687 1199 S

153 1229 234 1286 teed
259 1232 303 1286 lcx
326 1231 469 1286 duodecim
493 1231 647 1286 tabularum
672 1229 738 1286 iecit
761 1235 874 1286 tutores.
912 1229 967 1285 Sed
989 1230 1070 1285 etiam
1089 1229 1219 1299 boscogi
1238 1229 1371 1300 satisdare
1389 1235 1494 1284 certum
1515 1237 1575 1299 est,
1601 1230 1633 1284 in

185 1325 293 1375 tantum
310 1326 342 1375 ut
360 1321 442 1376 etiam
461 1326 606 1390 patronum
625 1324 653 1375 et
670 1319 779 1389 patroni
797 1318 882 1374 tilium
901 1327 1062 1389 ceterosque
1085 1317 1185 1374 liberos
1203 1319 1263 1373 eiua
1281 1327 1420 1388 cogerem
1438 1319 1547 1372 salitam
1567 1317 1632 1373 fore

186 1409 320 1464 satisdare
338 1409 475 1480 plerisque
494 1410 628 1465 uideatur.
656 1408 706 1463 sed
725 1407 776 1463 boc
794 1424 879 1464 causa
896 1409 1007 1478 cognita
1023 1415 1176 1478 praetorem
1195 1413 1316 1463 statuere
1335 1406 1436 1462 debere
1454 1407 1554 1462 melius
1576 1411 1632 1475 est,

185 1503 276 1553 utrum
296 1497 396 1553 debeat
413 1498 547 1554 satisdare
565 1505 696 1569 patronus
714 1498 846 1566 liberique
864 1497 923 1552 eius
942 1513 977 1552 an
995 1513 1064 1567 nou,
1083 1503 1127 1566 ut,
1147 1498 1170 1552 ri
1187 1512 1305 1567 persona
1322 1495 1439 1552 bonesta
1456 1497 1506 1564 sit,
1532 1498 1632 1551 remit·

185 1591 260 1642 tatur
278 1588 304 1642 ei
322 1587 465 1642 satisdatio
484 1592 513 1642 et
529 1589 657 1658 maxime,
676 1588 699 1642 si
718 1585 873 1644 substantia
891 1585 999 1642 modica
1017 1587 1065 1641 sit:
1084 1587 1108 1641 si
1125 1591 1218 1642 autem
1237 1586 1345 1656 patroni
1363 1599 1481 1655 persona
1500 1587 1633 1655 uulgaris
1652 1599 1680 1640 rt

185 1677 230 1730 u'el
248 1678 339 1732 minus
357 1676 473 1732 honesta
490 1678 534 1747 eit,
552 1677 591 1733 ibi
609 1675 755 1732 dicendum
775 1681 818 1730 cet
836 1675 1042 1730 satisdationem
1060 1677 1150 1730 locum
1168 1675 1283 1730 haber‘e:
1302 1679 1333 1729 ut
1347 1679 1395 1728 aut
1407 1675 1507 1730 modus
1520 1659 1633 1730 tutelae

152 1777 167 1822 a
186 1769 235 1819 aut
252 1781 370 1835 persona
387 1771 436 1820 aut
453 1781 538 1821 causa
555 1761 684 1821 admittat
702 1765 917 1821 satisdationem.
953 1765 986 1819 Iu
1003 1765 1133 1834 legitimis
1152 1765 1225 1819 etin
1244 1763 1294 1833 bis,
1314 1763 1361 1833 qui
1379 1779 1396 1818 a
1414 1763 1633 1832 magistratibus

186 1853 294 1924 dautur,
315 1856 469 1924 quaesitum
487 1861 538 1923 est,
557 1871 592 1910 an
611 1856 658 1910 uni
676 1854 785 1910 decerni
803 1856 891 1910 tutela
907 1855 1004 1923 possit.
1033 1861 1062 1909 et
1079 1855 1118 1910 ait
1130 1853 1222 1909 Labeo
1241 1859 1271 1908 et
1283 1853 1331 1907 uni
1348 1856 1423 1907 recte
1440 1854 1559 1907 tutelam
1581 1853 1633 1909 de·

186 1944 276 1998 cerni:
298 1958 381 2012 posse
400 1945 471 1999 euim
490 1945 613 2014 aliquos¹
633 1943 677 1998 uel
696 1943 825 2000 absentes
843 1944 888 1998 uel
905 1943 1024 2000 furiosos
1047 1958 1123 1998 esse:
1146 1957 1217 2013 quae
1235 1943 1372 1998 sententia
1390 1942 1516 1996 utilitatis
1534 1943 1634 2011 gratia

154 2046 168 2091 u
186 2031 357 2088 admittenda
374 2039 429 2103 est,
453 2038 484 2088 ut
501 2034 548 2088 uni
567 2033 730 2088 decernatur
747 2031 954 2088 administratio.
981 2033 1026 2087 Αιι
1044 2047 1110 2102 ergo
1128 2038 1157 2087 et
1173 2046 1323 2102 prouocare
1342 2046 1372 2086 se
1389 2031 1508 2086 inuicem
1527 2045 1633 2086 seeun-
1652 2045 1680 2086 aa

186 2121 253 2177 dum
272 2123 438 2192 superiorem
458 2123 608 2178 clausulam
627 2122 752 2192 possint?
779 2129 808 2177 et
825 2124 914 2192 magis
932 2127 989 2193 est,
1013 2128 1058 2192 ut,
1079 2122 1103 2176 si
1120 2135 1216 2176 omues
1234 2121 1301 2176 satis
1320 2135 1374 2176 non
1393 2120 1520 2176 dederint
1537 2122 1587 2176 uel
1606 2121 1633 2176 si

186 2207 264 2266 finita
282 2217 326 2266 est
344 2211 488 2267 satisdatio
507 2216 721 2282 (nonnumquam
738 2213 809 2266 euim
822 2212 965 2268 satisdatio
984 2211 1019 2266 ab
1037 2212 1077 2266 eis
1096 2226 1150 2266 non
1168 2211 1278 2281 petitur,
1297 2217 1345 2265 aut
1363 2210 1429 2264 satis
1441 2209 1545 2264 desinit
1564 2225 1632 2265 esee

187 2307 312 2370 ειιιιιιιιι,
338 2307 387 2356 aut
411 2302 588 2372 magistratus
607 2301 785 2372 municipales
803 2301 839 2357 ab
856 2301 899 2356 bis
923 2317 992 2371 quos
1010 2301 1136 2356 dederint
1158 2305 1207 2356 aut
1224 2315 1278 2354 nou
1295 2303 1444 2368 potuerunt
1461 2305 1512 2353 aut
1529 2300 1632 2354 nolue-

186 2395 250 2444 runt
267 2391 334 2444 satis
353 2391 488 2461 erigere),
507 2407 589 2461 posse
607 2392 661 2446 diei
680 2393 762 2447 etiam
780 2391 809 2446 iu
827 2391 882 2460 bia,
905 2407 959 2461 quo
978 2406 1043 2445 casu
1062 2393 1172 2446 cautum
1191 2393 1320 2459 nonest,
1344 2387 1543 2444 admittendam
1565 2403 1632 2458 pro

153 2479 368 2537 runcationem.
396 2479 440 2534 Αιι
459 2495 524 2550 ergo
543 2487 572 2536 et
589 2481 618 2536 in
635 2482 757 2551 patronis
775 2480 848 2535 idem
866 2481 903 2536 sit
920 2479 1074 2549 dicendum,
1094 2479 1212 2534 maxime
1230 2477 1277 2533 ubi
1296 2483 1386 2534 cessat
1403 2476 1573 2556 satisdatio?
1602 2483 1632 2533 et
1650 2491 1680 2534 se

185 2573 253 2638 puto
271 2569 300 2622 in
317 2571 441 2639 patronis
459 2585 513 2626 non
531 2575 657 2641 oportere
676 2570 784 2626 admitti
802 2570 1024 2640 prouocationem
1048 2569 1101 2623 uisi
1120 2583 1155 2623 ex
1173 2583 1274 2638 magna
1291 2583 1388 2636 causa,
1409 2569 1526 2636 nequis
1545 2583 1631 2656 spem

186 2658 367 2713 successionis
390 2659 543 2714 deminuat:
570 2675 632 2715 nam
659 2660 682 2714 si
703 2664 818 2730 patrono
840 2659 928 2714 tutela
947 2674 1002 2713 nou
1023 2656 1106 2712 suerit
1126 2658 1286 2727 commissa,
1314 2657 1415 2727 poterit
1436 2672 1488 2727 per
1512 2671 1631 2728 compa·

153 2759 167 2807 o
185 2751 295 2802 tronum
313 2747 413 2803 damno
437 2747 531 2819 adfici,
555 2750 602 2819 qui
624 2749 699 2804 solus
723 2763 780 2804 rem
797 2749 892 2819 pupilli
916 2749 986 2804 male
1004 2747 1185 2802 administrat,
1221 2745 1251 2802 Si
1268 2747 1406 2816 legdtimus
1423 2752 1502 2801 tutor
1518 2747 1631 2818 calpite
1649 2756 1720 2803 tttt
1797 2767 1798 2770 ¹

186 2837 307 2892 minutus
325 2838 374 2907 sit,
399 2836 544 2893 dicendum
563 2843 606 2894 est
624 2838 749 2894 desinere
767 2851 831 2893 eum
849 2852 911 2894 esse
929 2842 1047 2893 tutorem
1071 2837 1206 2893 stlocum
1224 2851 1286 2892 esse
1304 2836 1405 2892 iudicio
1422 2836 1528 2908 tutelae
1546 2834 1633 2892 finita

185 2925 279 2980 tutela.
774 2919 787 2944 '
1651 2939 1681 2980 ιο

150 3015 168 3074 6
239 3015 359 3070 Psunus
377 3013 446 3070 libro
464 3015 606 3084 trigesimo
624 3020 723 3072 octauo
736 3015 771 3071 ad
784 3015 912 3071 edictum.
943 3015 1201 3086 Intestatopareute
1215 3019 1323 3070 mortuo
1336 3015 1463 3084 adgnatis
1482 3001 1630 3098 [W
1664 3023 1686 3078 8

141 3133 142 3136 =
187 3099 308 3157 defertur
326 3104 420 3158 tutela.
448 3104 595 3160 intestatus
613 3113 705 3162 autem
724 3106 834 3161 uidetur
851 3120 905 3160 nou
923 3109 1029 3160 tantum
1052 3106 1076 3160 is
1100 3105 1147 3174 qui
1169 3109 1364 3160 testamentum
1390 3119 1444 3160 non
1468 3093 1630 3174 iecitsffid

187 3193 256 3247 etis
274 3192 321 3262 qui
339 3198 504 3249 testamento
522 3195 614 3250 liberis
632 3195 689 3250 suis
708 3200 812 3250 tutores
831 3209 885 3250 uon
904 3194 993 3250 dedit:
1011 3199 1143 3264 quantum
1161 3194 1233 3248 euim
1251 3193 1288 3248 ad
1304 3195 1417 3248 tutelam
1435 3196 1567 3266 pertinet,
1588 3197 1631 3253 in·

185 3285 303 3336 testatus
322 3287 373 3336 est,
399 3282 472 3336 idem
491 3281 628 3355 dicemus,
652 3285 675 3339 si
693 3289 768 3340 tutor
785 3288 951 3339 testamento
969 3283 1050 3338 datus
1074 3282 1162 3338 adbuc
1183 3280 1239 3338 filio
1263 3283 1404 3354 impubere
1427 3291 1559 3340 manente
1580 3286 1631 3342 de-

187 3370 315 3426 cesserit:
334 3387 397 3425 nam
415 3372 502 3426 tutela
520 3372 632 3446 eiusad
651 3372 800 3442 adgnatum
819 3374 973 3428 reuertitur.
1651 3387 1680 3427 ss

149 3457 168 3520 'l
241 3458 334 3514 Gerus
352 3459 421 3515 libro
440 3461 527 3530 primo
545 3463 755 3518 institutionum.
792 3461 863 3518 Sunt
879 3468 971 3517 autem
990 3460 1110 3531 adgnati,
1129 3461 1254 3530 qui¹per
1264 3461 1350 3516 uirilis
1362 3475 1444 3516 aeuus
1462 3457 1631 3546 W
1664 3470 1699 3524 s·

186 3562 318 3617 personae
338 3551 500 3618 cognatione
519 3551 604 3606 iuncti
622 3553 712 3622 sunt¹,
737 3552 816 3621 quasi
834 3557 946 3622 epatre
965 3551 1087 3620 cognati,
1111 3551 1197 3605 ueluti
1215 3548 1298 3606 irater
1316 3551 1412 3606 eodem
1430 3557 1512 3621 patre
1529 3540 1630 3626 istus,

118 3663 120 3665 ·
186 3635 278 3691 fratris
296 3635 367 3692 filius
385 3653 506 3708 neporus
524 3655 559 3694 ex
578 3655 619 3710 eo,
638 3641 703 3696 item
721 3645 836 3711 patruus
854 3647 883 3695 et
899 3640 990 3710 patrui
1008 3639 1078 3696 filius
1096 3655 1219 3710 neposue
1238 3655 1272 3696 ex
1292 3656 1332 3697 eo.

149 3729 168 3789 8
239 3726 358 3781 Pronus
375 3726 444 3783 libro
462 3729 603 3798 trigesimo
622 3735 722 3786 octauo
740 3729 776 3785 ad
795 3729 923 3786 edictum.
961 3729 989 3785 Si
1007 3731 1142 3799 reliquero
1165 3727 1250 3784 lilium
1268 3729 1437 3799 impuberem
1461 3733 1492 3784 et
1509 3729 1630 3788 fratrem
1666 3729 1688 3785 S

186 3818 215 3869 et
232 3821 359 3884 nepotem
383 3831 417 3872 ex
440 3815 493 3872 alio
516 3815 584 3889 tilio,
608 3823 717 3874 mustat
740 3823 870 3890 utrosque
895 3835 956 3876 esee
980 3825 1098 3890 tutores,
1124 3819 1149 3874 si
1171 3819 1310 3889 perfectae
1333 3820 1432 3876 aetatis
1454 3825 1532 3889 suut,
1559 3823 1632 3892 quis
1651 3835 1681 3876 so

186 3903 283 3959 eodem
301 3904 389 3973 gradu
407 3911 479 3962 sunt.

150 3999 169 4058 9
240 3991 334 4048 Gerus
352 3993 420 4050 libro
439 3995 601 4051 duodecimo
619 3995 655 4051 ad
674 3995 797 4052 edictum
813 3997 989 4068 prouinciale.
1026 3995 1055 4052 Si
1072 3997 1164 4067 plures
1183 4003 1247 4052 sunt
1269 3997 1395 4068 adgnati,
1418 3997 1565 4067 proximus
1584 4005 1631 4056 tu·
1665 3999 1705 4074 Ss

186 4082 269 4137 telam
288 4084 454 4138 nanciscitur
471 4089 507 4154 et,
527 4085 550 4140 si
568 4085 666 4141 eodem
684 4086 773 4156 gradu
790 4087 883 4157 plures
902 4088 964 4158 sint,
984 4101 1079 4142 omnes
1098 4087 1211 4142 tutelam
1230 4088 1432 4143 nanciscuntur.

131 4177 169 4236 10
239 4171 497 4229 Hnuuoourusrrue
515 4173 584 4230 libro
603 4175 724 4230 secundo
742 4175 809 4231 iuris
827 4177 1016 4246 epitomarum.
1053 4175 1183 4246 Adgnato
1201 4187 1312 4246 proptor
1329 4175 1439 4245 femina,
1456 4191 1513 4246 quo
1531 4178 1631 4236 minus
1663 4177 1691 4233 P

185 4259 223 4314 sit
239 4259 389 4331 impuberis
407 4262 521 4332 adgnati
537 4269 619 4335 tutor,
638 4280 693 4321 non
711 4264 837 4336 obicitur,
856 4265 972 4336 ideoque
990 4269 1106 4337 patruus
1117 4281 1239 4322 sororem
1252 4265 1481 4334 consanguineam
1495 4265 1632 4325 habentis
1650 4281 1681 4323 as

185 4366 232 4436 F(
235 4365 383 4437 WDEIO)

187 4527 197 4564 ¹
215 4527 354 4598 reliquos?
424 4529 436 4564 ¹
453 4530 502 4600 qui
519 4539 543 4586 et
559 4535 625 4588 sunt
642 4551 690 4588 aaa
705 4531 789 4588 Galus
806 4553 862 4589 cam
879 4533 1064 4600 Iart1,15,1

186 4687 203 4741 3
221 4693 252 4742 ut
269 4687 323 4758 alii]
344 4687 389 4753 ΡΙ,
414 4693 442 4744 ει
459 4689 505 4745 alii
523 4690 636 4757 F’DE‘,
659 4697 691 4746 ut
713 4696 743 4746 et
765 4692 810 4747 alii
828 4693 874 4758 10,
928 4694 1003 4748 tione
1020 4693 1047 4745 F
1094 4694 1129 4748 38
1151 4697 1266 4762 patruus
1289 4697 1318 4748 et
1340 4693 1379 4747 tte
1402 4691 1439 4746 F¹
1461 4693 1466 4760 l
1488 4699 1632 4769 neposne]

186 4757 280 4812 aliilt¹
333 4761 495 4830 laustinet]
510 4761 625 4828 Ddtlo,
644 4764 780 4818 sustinent
789 4762 877 4818 FWE
920 4769 1032 4838 firmant
1054 4763 1117 4819 Ina.
1141 4765 1183 4820 lle
1208 4784 1239 4818 aa
1265 4772 1271 4784 ·
1301 4764 1419 4828 auaro,
1443 4783 1496 4819 noa
1521 4786 1553 4820 ea
1573 4771 1631 4843 cleg.

187 4829 220 4883 11
239 4832 344 4916 tutores
356 4829 443 4886 ‘nemo
458 4832 507 4887 dat
518 4833 568 4888 sed
579 4834 624 4889 lex
641 4835 784 4890 duodecim
796 4833 875 4889 tabu·
927 4837 1075 4908 pendentes,
1095 4835 1141 4905 [et]
1154 4783 1356 4904 ulelploei‘edd.
1371 4834 1435 4890 Gaii
1489 4837 1527 4892 39
1545 4841 1632 4898 relin-

185 4899 273 4954 larum
292 4901 435 4958 sedetiam
446 4903 484 4956 F*
522 4905 555 4959 12
567 4905 638 4974 cogi]
653 4907 725 4972 EIO,
739 4908 814 4976 cogit
825 4907 874 4960 ΓΙ)
929 4921 1014 4976 quero
1033 4907 1059 4960 F
1105 4908 1141 4962 44
1159 4907 1282 4976 proprior
1299 4905 1368 4960 mi

185 4971 377 5028 dtadbuncF
406 4975 704 5043 eonamlr'1,nomu²
738 4977 875 5048 itlcogni·
