3668 5356
262 199 338 268 XXI
358 201 379 267 2
400 205 515 261 64-69
936 188 1023 270 630
1381 215 1427 262 os
1448 210 1694 262 rememoramus

262 357 331 427 buit,
350 355 470 424 tradidit,
489 355 638 411 secundum
657 354 777 410 omnium
796 352 945 408 sentemias
958 367 1012 407 uon
1024 355 1111 406 totum
1130 350 1277 408 dominium
1295 353 1443 422 transtulit,
1461 351 1511 406 sed
1528 356 1633 421 partem
1652 348 1692 404 di·

263 447 375 502 midiam
393 445 488 514 iugeri,
506 443 736 514 quemadmodum
754 444 777 498 si
795 443 884 498 locum
902 445 1006 496 certum
1025 445 1073 496 aut
1090 439 1203 496 fundum
1221 442 1344 496 similiter
1360 441 1526 497 tradidisset.

208 537 246 596 65
316 535 394 590 insu
404 533 473 589 libro
485 537 583 589 octauo
595 532 793 601 quaestionum.
822 529 1092 585 Remhereditariam
1103 529 1211 600 pignori
1223 529 1371 600 obligatam
1383 529 1498 586 heredes
1516 521 1693 612 Q
1711 535 1739 589 P

264 623 447 679 uendiderunt
463 626 492 677 et
509 621 652 677 euiotiouis
668 621 777 678 nomine
793 635 844 690 pro
860 618 985 690 partibus
1002 618 1171 674 hereditariis
1189 619 1406 689 spoponderunt:
1425 634 1487 673 eum
1505 620 1575 673 alter
1591 620 1693 688 pignus

264 728 313 782 pro
337 717 414 782 parte
438 709 489 766 sua
511 710 664 780 liberasset,
689 725 745 766 rem
767 709 885 766 creditor
902 708 998 763 euicit:
1023 707 1203 777 quaerebatur
1220 724 1256 763 an
1273 713 1387 778 uterque
1404 706 1534 763 heredum
1553 708 1725 762 conuenirit

264 801 372 872 possit?
403 800 485 869 idque
508 797 634 869 placebat
654 804 765 869 propter
781 798 927 854 indiuisam
945 796 1067 867 pignoris
1085 811 1205 852 causum.
1236 811 1288 852 nec
1305 796 1425 852 remedio
1442 798 1518 851 locus
1536 811 1598 852 csse
1616 795 1692 851 uide-

264 889 352 960 batur,
371 895 402 944 ut
419 905 468 960 per
486 888 541 943 dcli
558 887 743 958 exceptionem
763 887 884 943 artiones
902 885 992 954 siqui
1009 884 1153 954 pecuniam
1171 885 1298 941 creditori
1310 885 1387 940 dedit
1397 888 1609 956 praestarentur,
1628 886 1693 953 quia

264 993 320 1034 uon
342 978 397 1033 duo
415 978 455 1032 rci
472 975 537 1032 iacti
555 979 777 1047 proponerentur.
809 974 859 1036 sed
876 973 994 1030 familiae
1012 973 1207 1029 herciscundae
1224 974 1353 1029 iudicium
1372 988 1405 1028 eo
1423 973 1532 1029 nomine
1549 974 1616 1028 utile
1635 979 1691 1028 est:

264 1083 328 1122 nam
351 1067 416 1136 quid
440 1065 564 1134 interest,
587 1079 659 1120 unus
682 1080 716 1120 ex
739 1063 885 1120 heredibus
901 1065 929 1119 in
947 1069 1034 1119 totum
1053 1057 1209 1118 liberauerit
1226 1063 1325 1133 pignus
1344 1079 1378 1117 en
1396 1077 1462 1118 uero
1480 1077 1530 1132 pro
1548 1077 1599 1118 sua
1615 1061 1692 1117 dum·

264 1157 343 1210 taxat
360 1154 502 1224 portione?
527 1168 589 1208 cum
608 1153 749 1208 coheredis
767 1151 942 1222 neglegentia
959 1151 1091 1206 damnosa
1107 1167 1162 1206 nou
1180 1150 1263 1206 debet
1280 1165 1341 1207 esse
1359 1151 1445 1206 alten.
1637 1179 1640 1186 ·
1692 1159 1737 1198 ·1o

210 1246 247 1306 66
317 1244 394 1298 ineu
417 1241 486 1298 libro
510 1242 640 1297 uicesimo
662 1247 761 1297 octauo
784 1242 982 1311 quaestionum.
1020 1238 1063 1308 Si,
1086 1254 1149 1294 cum
1171 1239 1298 1295 uenditor
1315 1239 1502 1295 admonuisset
1518 1233 1693 1322 Q
1709 1241 1735 1295 P

265 1335 424 1402 emptorem,
442 1336 474 1386 ut
491 1329 650 1385 Publiciana
665 1330 757 1400 potius
775 1331 819 1384 uel
837 1343 871 1385 ea
887 1329 993 1384 achone
1011 1341 1082 1398 quae
1100 1327 1135 1382 de
1152 1325 1238 1383 firndo
1255 1328 1383 1397 uectigali
1401 1327 1541 1398 proposita
1555 1333 1599 1382 est
1610 1344 1692 1399 expe·

265 1420 370 1490 rirctur,
389 1423 495 1489 emptor
512 1417 540 1472 id
558 1415 648 1474 iacere
666 1417 827 1488 supersedit,
846 1417 1002 1474 omnimodo
1020 1414 1130 1472 nocebit
1146 1416 1172 1470 ei
1186 1415 1265 1472 dolus
1277 1432 1343 1472 suus
1356 1431 1407 1472 nec
1419 1417 1596 1498 committitur
1608 1417 1692 1487 stipu-

265 1509 339 1564 latio.
372 1523 427 1563 non
451 1506 523 1562 idern
545 1507 574 1561 iu
598 1505 730 1562 Seruiana
747 1522 855 1577 quoquc
873 1507 980 1562 actione
997 1505 1107 1576 probari
1124 1508 1230 1574 potest:
1254 1503 1322 1560 haec
1339 1505 1411 1560 enim
1430 1506 1482 1560 etsi
1499 1505 1527 1560 in
1544 1520 1602 1560 rem
1621 1506 1692 1568 aetio

265 1602 316 1668 est,
335 1597 436 1652 nudam
453 1598 546 1650 tamen
564 1596 764 1665 possessiouem
783 1600 883 1651 auocat
900 1600 928 1650 st
945 1595 1035 1650 solute
1051 1595 1169 1664 pecunia
1185 1593 1320 1649 uenditori
1332 1593 1501 1649 dissoluitur:
1520 1593 1593 1648 unde
1604 1591 1644 1662 fit,
1663 1599 1694 1648 ut
1711 1601 1738 1642 1⁵

234 1697 246 1743 1
265 1686 380 1756 emptori
399 1699 449 1739 suo
467 1685 575 1740 nomine
592 1699 647 1740 non
665 1687 810 1752 competat.
843 1681 872 1738 Si
889 1684 913 1738 is
931 1683 979 1753 qui
995 1684 1036 1738 rei
1053 1681 1179 1753 publicae
1197 1697 1282 1738 eausa
1298 1681 1368 1737 aluit
1384 1681 1498 1738 fundum
1515 1687 1600 1751 petat,
1619 1682 1693 1736 utilia

264 1773 416 1844 possessori
433 1788 483 1842 pro
501 1773 635 1828 cuictions
653 1773 784 1842 competit
801 1772 881 1828 actio.
909 1772 974 1827 item
993 1771 1017 1826 si
1034 1773 1156 1841 priuatus
1174 1786 1191 1825 a
1207 1771 1290 1826 milite
1303 1775 1387 1840 petat,
1406 1771 1502 1826 eadem
1514 1771 1638 1840 aequitas
1651 1775 1694 1825 est

232 1863 381 1942 temptari
404 1861 588 1916 restituendae
611 1876 660 1931 pro
684 1861 818 1916 euictioue
841 1861 964 1916 actionis.
1001 1859 1030 1915 Si
1053 1859 1190 1915 secundus
1211 1863 1317 1929 emptor
1333 1859 1503 1914 uenditorem
1522 1858 1693 1928 eundemque

265 1955 416 2021 emptorem
440 1950 475 2004 ad
497 1951 573 2005 litem
596 1949 712 2005 hominia
735 1949 842 2004 dederit
860 1953 1064 2019 procuratorem
1082 1953 1110 2003 et
1127 1963 1181 2004 non
1199 1949 1325 2003 restituto
1343 1962 1376 2004 eo
1394 1947 1533 2003 damnatio
1550 1946 1633 2002 fuerit
1651 1961 1692 2018 se

265 2045 338 2108 outa,
356 2039 546 2108 quodcumque
564 2053 599 2094 ex
616 2054 700 2094 eausa
716 2037 828 2093 iudicati
845 2037 1012 2108 praestiterit
1028 2043 1188 2108 procurator
1205 2037 1280 2091 utin
1299 2051 1356 2092 rem
1373 2051 1450 2092 suam
1470 2035 1550 2091 datus
1558 2039 1575 2105 ¹,
1593 2051 1629 2090 ex
1646 2037 1692 2090 sti·
1710 2045 1738 2086 ro

264 2129 360 2199 pulatu
378 2127 507 2198 consequi
525 2142 579 2182 non
596 2127 709 2198 poterit:
728 2126 777 2182 sed
794 2126 859 2196 quia
876 2125 1005 2180 damnum
1024 2125 1167 2181 suictionis
1184 2125 1220 2180 ad
1241 2140 1386 2194 personam
1403 2118 1534 2196 pertinuit
1553 2125 1692 2194 emptoris,
1736 2131 1739 2140 ¹

265 2217 312 2287 qui
335 2215 457 2271 mandati
472 2215 571 2271 iudicio
589 2215 655 2271 nihil
672 2219 850 2284 percepturus
869 2217 912 2268 est
921 2218 938 2284 ¹,
962 2229 1016 2270 non
1034 2214 1164 2269 inutiliter
1181 2213 1217 2268 ad
1234 2213 1435 2285 percipiendam
1453 2213 1509 2268 litis
1526 2213 1693 2269 aesbmatio·

233 2318 247 2362 ο
265 2319 328 2360 nem
346 2309 444 2374 agetur
461 2319 495 2359 ex
512 2304 632 2360 uendite.
668 2303 810 2359 Diuisione
827 2303 898 2358 iuter
914 2301 1063 2359 coheredes
1079 2301 1154 2358 iacta
1171 2303 1195 2358 si
1211 2287 1374 2374 procurator'
1386 2301 1507 2358 absentis
1524 2300 1649 2358 interfuit
1665 2305 1695 2356 et

265 2393 391 2449 dominus
409 2397 496 2448 ratam
513 2391 617 2462 habuit,
635 2393 732 2448 euictis
749 2391 868 2461 praediis
885 2391 914 2447 in
932 2391 1071 2448 dominum
1089 2392 1162 2447 actio
1179 2390 1296 2461 dabitur,
1314 2403 1386 2460 quae
1403 2391 1515 2446 daretur
1531 2391 1559 2446 in
1571 2406 1635 2446 eum
1647 2391 1694 2461 qui
1712 2400 1741 2441 u

265 2482 406 2552 negotium
429 2481 550 2537 absentia
573 2481 672 2552 gessit,
696 2485 727 2535 ut
750 2480 846 2550 quanti
869 2495 920 2536 sua
936 2481 1050 2536 interest
1066 2486 1143 2536 actor
1160 2483 1355 2550 consequatur,
1377 2480 1387 2551 ll
1405 2479 1510 2534 scilicet
1525 2484 1557 2535 ut
1574 2480 1694 2536 melioris
1711 2481 1784 2534 telo

266 2576 314 2628 aut
332 2571 473 2626 deterioris
491 2571 551 2640 agri
567 2568 633 2626 iacti
650 2585 734 2626 causa
751 2567 834 2626 tinem
851 2569 945 2640 pretii,
968 2583 1024 2640 quo
1041 2567 1132 2626 iuerat
1148 2573 1270 2640 tempore
1287 2568 1430 2624 deisonis
1447 2568 1622 2639 aestimatus,
1647 2568 1693 2624 de

266 2661 371 2716 minuat
389 2661 433 2715 uel
451 2658 574 2714 excedat

209 2751 248 2814 67
318 2749 396 2804 lours
417 2747 486 2804 libro
508 2748 614 2803 decimo
632 2761 832 2818 responsorum.
868 2747 992 2818 Emptori
1009 2751 1072 2818 post
1088 2746 1252 2802 euictiouem
1270 2747 1343 2802 serui
1361 2739 1694 2833 Q
1712 2753 1739 2806 P

266 2851 348 2908 quem
366 2836 491 2892 deminus
509 2835 624 2892 abduxit
640 2836 766 2892 uenditor
783 2834 901 2892 eundem
919 2850 1028 2890 seruum
1045 2841 1109 2906 post
1119 2841 1227 2906 tempus
1240 2835 1388 2906 offerendo,
1406 2851 1460 2906 quo
1472 2837 1562 2892 minus
1572 2843 1696 2907 praestet

266 2926 340 2996 quod
357 2926 487 2996 emptoris
504 2925 626 2995 interest,
644 2940 699 2981 non
716 2930 790 2982 recte
807 2923 971 2980 defenditur.
1714 2937 1742 2978 ao

210 3018 248 3079 68
319 3015 396 3070 lusu
412 3015 482 3070 libro
499 3014 643 3070 undecimo
660 3029 860 3085 responsorum.
888 3011 958 3068 (lum
975 3027 1009 3068 ea
1026 3012 1185 3070 condicione
1203 3007 1695 3101 Q
1714 3021 1739 3076 P

266 3104 366 3174 pignus
383 3102 549 3172 disuahitur,
568 3119 602 3158 ne
620 3103 685 3172 quid
703 3103 838 3159 euictione
856 3106 952 3158 secuta
969 3101 1087 3158 creditor
1102 3106 1236 3172 praestet:
1255 3103 1382 3172 quamuis
1393 3103 1509 3172 pretium
1522 3108 1629 3174 emptor
1639 3121 1695 3162 non

267 3193 391 3262 soluerit,
414 3193 464 3248 sed
487 3192 622 3248 uenditori
640 3193 755 3263 cauerit,
779 3192 913 3248 euietione
931 3196 1027 3246 secuta
1043 3191 1144 3246 nubam
1162 3195 1269 3261 emptor
1286 3191 1473 3261 exceptionem
1492 3191 1615 3262 babebit,
1639 3209 1695 3264 quo

235 3297 247 3343 1
267 3282 356 3336 minus
377 3283 494 3352 pretium
512 3282 610 3338 soluat
647 3281 783 3351 (traditor,
806 3281 853 3351 qui
870 3293 919 3350 pro
937 3279 1054 3349 pecunia
1071 3293 1170 3336 nomen
1187 3279 1318 3336 debitoris
1335 3294 1384 3349 per
1401 3279 1601 3350 delegationem
1619 3285 1696 3352 sequi

266 3370 370 3440 maluit,
388 3371 486 3426 euictis
503 3369 661 3441 pignoribus
679 3385 749 3440 quae
767 3370 840 3440 prior
856 3368 975 3424 creditor
992 3368 1099 3438 accepit
1115 3369 1216 3424 nullam
1233 3369 1368 3424 actionem
1385 3383 1447 3424 cum
1460 3383 1494 3424 eo
1505 3369 1552 3439 qui
1563 3369 1696 3426 liberatus
1715 3381 1743 3423 ae

266 3464 310 3515 est
327 3458 446 3514 babebit.

210 3551 249 3612 69
321 3547 479 3604 Soanuoua
501 3547 570 3603 libro
593 3546 713 3602 secundo
736 3546 935 3617 quaestionum.
972 3545 1024 3613 Qui
1047 3545 1180 3602 libertatis
1204 3561 1316 3604 causam
1339 3546 1448 3617 excepit
1469 3547 1498 3602 in
1520 3541 1696 3632 [Qu-iffi
1714 3553 1741 3609 Ρ

267 3637 432 3708 uenditione,
452 3638 511 3692 siue
529 3637 583 3691 iarn
600 3642 666 3691 tunc
683 3652 745 3692 eum
759 3635 913 3691 traderetur
924 3635 992 3691 liber
1003 3635 1085 3691 homo
1097 3633 1186 3704 luerit,
1205 3635 1263 3691 siue
1277 3635 1436 3692 condicione
1447 3651 1518 3707 quae
1528 3623 1696 3694 caemento

235 3741 248 3786 1
267 3727 409 3797 proposita
431 3724 512 3780 buerit
535 3724 647 3795 impleta
669 3725 705 3779 ad
726 3723 880 3780 libertatem
903 3725 1069 3794 peruenerit,
1093 3738 1149 3779 non
1170 3723 1307 3780 mirabitur
1327 3725 1470 3781 enictionis
1488 3724 1606 3781 nomine.
1644 3727 1698 3792 Qui

268 3819 359 3870 autem
382 3815 411 3869 in
434 3814 568 3870 medendo
590 3813 778 3870 statuliberum
796 3813 875 3882 dicit,
899 3813 1072 3883 intellegetur
1089 3811 1159 3868 hane
1177 3813 1296 3882 speciem
1314 3813 1458 3869 dumtaxat
1473 3812 1605 3869 libertatis
1623 3816 1697 3871 exal·
1717 3829 1746 3869 ao

267 3918 341 3975 pere,
360 3919 431 3974 quae
450 3917 485 3957 ex
501 3907 666 3958 testamento
684 3903 795 3972 impleta
812 3901 971 3957 condicione
989 3917 1023 3958 ex
1036 3901 1184 3972 praeterito
1196 3903 1283 3972 possit
1295 3903 1449 3974 optingere:
1468 3906 1497 3958 et
1508 3903 1570 3958 ideo
1583 3903 1606 3958 si
1617 3919 1698 3974 prae·

268 4008 332 4048 sens
350 3995 514 4046 testamento
532 3991 644 4046 libertas
662 3991 727 4045 data
744 3989 826 4045 fuerit
842 3994 871 4045 et
884 3991 1010 4046 uenditor
1021 3989 1209 4046 statuliberum
1220 3992 1413 4062 pronuntiauit,
1432 3993 1574 4050 euictionis
1586 3995 1698 4052 nomine

236 4084 385 4142 uteretur.
421 4081 526 4135 Rursus
548 4081 596 4149 qui
618 4079 807 4136 statuliberum
829 4079 926 4148 tradit,
950 4079 973 4134 si
994 4083 1096 4134 certam
1114 4079 1300 4136 condicionem
1318 4082 1547 4153 pronuntiauorit,
1572 4082 1624 4138 sub
1641 4100 1699 4154 qua

268 4169 335 4225 dicit
358 4170 384 4224 ei
404 4167 559 4224 libertatem
581 4168 687 4240 datam,
711 4167 872 4224 deteriorem
895 4167 1082 4224 condicionem
1105 4182 1183 4224 auam
1206 4167 1306 4226 iecisse
1324 4170 1536 4242 existimabitur,
1558 4173 1624 4243 quia
1641 4188 1699 4230 non
1718 4185 1750 4226 aa

267 4284 433 4356 F[P(VU)]

269 4457 287 4581 ἓ
299 4455 385 4581 ιοὲἑνᾶἰο
411 4459 443 4510 ut
464 4455 492 4510 iu
515 4467 573 4509 rem
594 4470 672 4509 suam
696 4453 778 4510 datus
799 4461 845 4509 aut
866 4455 1056 4526 transponmdu
1079 4461 1139 4526 poet
1163 4459 1341 4526 percepturus
1367 4458 1411 4512 eet
1436 4477 1461 4512 a.
1479 4456 1515 4512 22
1540 4466 1586 4512 orat
1609 4466 1700 4530 potius

287 4546 299 4581 e

269 4683 484 4750 3librouiiiiP,
502 4682 621 4739 librouii
638 4685 664 4738 V
707 4683 801 4754 daed]
814 4684 953 4748 etP⁶V⁰l
1009 4685 1158 4753 om.P·Vt
1174 4700 1285 4740 eausam
1302 4687 1402 4742 wo·
1450 4688 1485 4744 29
1502 4687 1638 4743 sonorem
1652 4689 1699 4754 P‘,

269 4755 464 4824 nomine1nou
487 4755 594 4810 homine
617 4751 694 4810 P⁶U·
752 4755 861 4825 equid]
881 4755 955 4825 quod
1009 4765 1057 4811 sne.
1073 4756 1107 4810 U‘
1122 4758 1127 4822 Ι
1143 4771 1238 4812 seruus
1257 4758 1297 4811 Ρ·
1349 4759 1384 4813 34
1402 4759 1489 4830 sequi]
1507 4759 1554 4823 Pt,
1578 4760 1698 4844 siquid:

269 4827 331 4880 PP⁰
385 4827 418 4881 ll
437 4826 615 4882 adminuisset
638 4827 683 4892 ΓΙ,
706 4827 902 4882 ammonuisset
923 4827 957 4881 U·
1009 4826 1098 4896 siquid
1111 4827 1151 4882 P·
1194 4828 1229 4882 35
1245 4827 1442 4884 cuietusP·V⁰
1485 4831 1521 4886 40
1536 4831 1700 4902 intelligitur

271 4897 305 4950 13
322 4897 382 4966 occ]
401 4911 435 4952 ne
454 4897 495 4950 P⁶
538 4899 574 4952 24
590 4903 678 4952 ratum
692 4899 731 4952 P·
745 4901 750 4962 1
765 4897 844 4966 quae]
858 4896 905 4966 qui
917 4897 957 4950 P·
1009 4897 1092 4953 PVU
1139 4898 1176 4954 44
1193 4899 1392 4955 existimauitur
1409 4902 1446 4954 Fi

270 4968 305 5022 25
324 4967 435 5037 seilicet]
455 4973 484 5022 at
500 4968 605 5023 scilicet
621 4969 660 5022 P·
704 4969 738 5023 26
756 4971 805 5023 aut
816 4967 957 5024 deterioris
