3510 5332
802 153 843 218 V.

129 335 145 370 a
170 323 204 379 R
231 324 258 380 Si
274 325 336 394 quis
355 325 529 381 cautionibus
549 327 575 382 in
595 326 696 384 indicio
715 328 830 384 sistendi
849 345 934 386 causa
952 331 1032 389 iactis
1050 349 1105 390 uon
1123 333 1334 406 obtemperabit.

120 416 138 460 a
163 412 203 467 R*
230 413 270 469 De
287 413 363 470 seriis
380 419 410 468 et
428 413 604 471 dilationibus
623 419 652 470 et
670 416 787 473 diuersis
806 419 984 490 temporibus.
1082 483 1085 489 ,

112 515 129 559 t
156 501 201 556 st.
229 501 269 558 Dc
286 501 404 556 edendo.

104 593 120 638 ri
150 591 204 644 R
228 591 268 645 De
285 591 385 660 pactis.

63 681 112 726 aa
147 678 206 732 st·
229 679 269 734 De
287 678 550 748 [blansactionibus.

534 785 742 874 Ex[plic]itus
767 795 815 856 est
837 789 917 859 liber
939 794 1104 861 secundus.

630 1017 775 1106 [lncip]it
795 1020 876 1089 liber
899 1024 1020 1092 tertius.

74 1122 85 1154 r
128 1105 202 1159 R
227 1105 267 1160 De
284 1105 461 1175 postulando.

71 1201 81 1245 s
130 1195 201 1248 R
224 1194 265 1249 Do
282 1193 325 1248 bia
344 1193 392 1262 qui
411 1197 540 1249 notantur
558 1191 680 1249 infamia.

16 1299 41 1338 rr
68 1300 78 1344 r
134 1283 202 1337 ‘R
226 1283 267 1338 De
284 1281 511 1352 procuratoribus
530 1287 559 1336 et
576 1281 775 1338 defensoribus.

65 1377 78 1420 t
135 1371 202 1423 R
226 1369 301 1435 Quod
321 1371 521 1441 cuiuscumque
538 1371 726 1426 uniuersitatis
745 1372 855 1427 nomine
873 1374 918 1429 uel
937 1380 1034 1431 contra
1051 1391 1112 1432 eam
1132 1379 1238 1447 agatur.

64 1475 74 1508 ε
138 1459 201 1512 -Ε
225 1459 265 1513 Dc
283 1459 405 1528 negotiis
423 1460 519 1528 gestis.

62 1564 75 1606 s
137 1546 202 1601 {a
225 1548 264 1602 De
281 1546 535 1604 calumniatoribus.

626 1638 768 1726 Explicit
789 1639 870 1708 liber
893 1641 1015 1709 tertius.

1 1881 28 1922 ιε
674 1869 736 1936 luo.
754 1869 808 1938 lib.
826 1849 966 1956 quartus.

57 1999 71 2032 s
159 1989 203 2044 ὅθ
225 1990 265 2046 Dc
283 1989 312 2046 in
331 1989 470 2059 integrum
489 1989 717 2046 restitutionibus.

57 2079 70 2120 Β
162 2077 203 2133 Et
224 2079 301 2146 Quod
320 2082 413 2134 metus
432 2093 516 2134 causa
534 2083 643 2148 gestum
661 2080 721 2134 erit.

58 2173 70 2216 t
170 2167 203 2221 {ll
224 2169 264 2224 De
281 2168 348 2222 dolo
367 2167 448 2222 malo.

59 2251 75 2292 i
176 2256 205 2310 ll
225 2257 265 2312 De
285 2255 439 2312 minoribns
456 2255 555 2325 uiginti
573 2255 694 2326 quinque
712 2256 800 2312 annis.

15 2351 29 2390 ⁰
62 2346 75 2378 ί
180 2343 264 2401 ltDe
282 2346 377 2417 capite
394 2345 516 2400 minutis.

66 2433 81 2475 ς
184 2433 205 2488 lt
225 2435 266 2489 De
284 2433 390 2505 quibus
408 2433 499 2489 causis
518 2433 635 2490 maiores
655 2433 752 2504 uiginti
771 2433 891 2504 quinque
909 2433 988 2490 annis
1006 2434 1035 2490 in
1053 2435 1190 2506 integrum
1209 2435 1397 2492 restituantur.

183 2521 205 2575 tr
226 2523 266 2578 De
285 2523 453 2578 alienatione
471 2523 565 2578 iudicii
583 2523 705 2578 mutandi
725 2538 810 2578 cansa
827 2521 910 2579 lacta.

183 2610 204 2666 s
227 2613 267 2668 De
285 2611 408 2682 receptis
427 2612 473 2682 qui
492 2611 633 2668 arbitrium
652 2610 813 2682 receperint,
832 2617 864 2667 ut
881 2612 1045 2668 sententiam
1065 2603 1166 2669 dicam.

69 2514 84 2549 Ζ

75 2601 98 2634 rs

79 2677 109 2721 Β

182 2700 204 2754 lt
226 2703 334 2758 Nactae
353 2715 494 2771 caupones
511 2699 644 2756 stabulari
663 2705 694 2755 nt
711 2703 824 2770 recepta
841 2701 995 2757 restituant.

23 2809 50 2854 ⁸⁵
512 2808 521 2876 ΙΙ
550 2808 703 2896 [Explicit
724 2809 804 2877 liber
827 2809 972 2895 q]uartus
994 2810 1136 2878 feliciter.

621 3021 750 3110 [Incipit
771 3023 864 3109 liber]
888 3024 1026 3110 quintus.

87 3107 139 3184 i*
176 3145 202 3200 n
226 3145 268 3201 ue
287 3144 418 3214 truteno,
437 3143 486 3200 uu
504 3145 620 3216 quisquc
639 3161 722 3216 agere
741 3146 794 3216 [uer
813 3145 965 3218 metuente
983 3143 1091 3202 ueneat.

90 3200 139 3277 (Β
174 3235 202 3289 te
225 3235 268 3290 Dc
286 3230 455 3303 inossdcioso
474 3237 648 3290 testamento.

97 3295 138 3373 ir
174 3324 201 3378 a
227 3324 270 3379 oe
289 3321 461 3392 terrenam
479 3323 621 3392 petitione.

41 3384 63 3424 ⁸⁰
94 3384 140 3462 [ὰ
172 3413 201 3467 ts
226 3411 265 3481 Si]
285 3427 352 3482 pars
370 3410 530 3467 hereditatis
548 3393 678 3482 pctatnr.¹

84 3493 151 3570 lt'1³

81 3591 1543 3629 N——ffl———fflffl

84 3645 110 3704 l
136 3661 254 3716 sistendi
276 3676 362 3716 cansa
385 3681 433 3714 om.
448 3661 495 3728 ΡΙ
516 3659 726 3729 obtemperabit]
752 3658 798 3715 ob·
853 3658 1028 3714 stabulariius
1046 3659 1084 3713 F¹
1138 3658 1174 3713 25
1192 3657 1338 3727 explitiunt
1355 3659 1427 3714 tituli
1444 3658 1491 3713 lib.
1504 3659 1544 3714 iiii

83 3721 300 3802 imperauerit
317 3747 367 3802 per
385 3733 504 3802 aliquam
518 3747 630 3786 causam
643 3732 669 3785 P
723 3731 797 3786 2di·
853 3731 908 3800 dig.
923 3746 972 3786 seu
989 3729 1073 3800 paud.
1087 3734 1137 3784 art.
1153 3731 1211 3796 (stc)
1231 3730 1240 3783 i
1258 3729 1391 3798 incipiunt
1408 3731 1450 3785 tit.
1464 3729 1542 3784 lib.u

83 3785 268 3860 lectioribus
288 3804 332 3870 ΡΙ
348 3809 376 3858 et
393 3803 429 3858 de
447 3804 564 3858 diuersis
583 3801 752 3872 temporibus
771 3807 800 3857 et
853 3803 887 3858 de
905 3802 1009 3857 inditiis
1026 3802 1131 3870 primns
1149 3806 1200 3854 art.
1217 3803 1276 3866 (sic)
1294 3801 1314 3855 ii
1332 3801 1358 3854 P
1375 3807 1398 3856 ct
1415 3810 1453 3855 cic
1470 3801 1542 3854 detn-

85 3875 204 3940 quibus
235 3876 328 3930 causis
359 3874 442 3929 leriae
472 3891 528 3930 non
558 3873 742 3944 impediantur
776 3875 802 3927 P
852 3893 918 3944 cepa,
931 3880 958 3927 ut
969 3881 1056 3944 partes
1069 3873 1187 3926 dicantur
1200 3875 1302 3926 articuli
1346 3873 1380 3926 tt
1394 3909 1461 3926 .....
1469 3887 1483 3925 s
1496 3870 1543 3926 ubi

91 3941 135 4002 11
156 3961 220 4000 eam
234 3965 282 4000 om.
298 3945 324 3998 P
369 3945 622 4014 rtdeeoquodP
667 3946 699 3998 21
715 3945 798 4000 maio·
852 3946 968 4014 quisque
987 3943 1078 4013 agatii
1098 3981 1165 3997 .....
1184 3941 1281 3996 nutriri
1300 3940 1402 3997 debeat
1420 3943 1544 3996 Poterant

90 4023 146 4072 ω
159 4017 260 4086 uiginti
273 4017 393 4086 quinquo
406 4017 495 4086 anuis]
508 4017 626 4070 minores
639 4017 664 4069 P
710 4017 798 4070 23re·
852 4016 1030 4086 apoprcptom
1042 4013 1197 4067 Monoecus
1215 4015 1280 4076 (cod.
1295 4014 1352 4068 Lot.
1365 4015 1437 4084 755),
1456 4013 1490 4067 de
1503 4013 1542 4068 iu·

91 4095 238 4160 ceperunt
249 4089 276 4142 Ρ
316 4090 350 4142 24
363 4103 488 4158 caupone
499 4089 542 4155 ΡΙ
558 4086 690 4142 stabulari
702 4087 742 4155 ut]
755 4089 798 4149 F²,
852 4087 931 4140 diciie
950 4087 1009 4152 (om.
1023 4084 1070 4139 ubi
1145 4083 1256 4150 debeat)
1275 4085 1301 4137 P

92 4201 231 4216 Ἇ--η

1384 4183 1543 4192 ...ι-.-

96 4258 163 4304 nale
181 4253 196 4302 l.
211 4211 259 4302 Ili
274 4247 389 4303 feliciter
414 4251 452 4308 (in
469 4256 556 4316 priore
573 4254 672 4317 popina
683 4248 750 4318 solii
767 4244 821 4309 54',
846 4265 911 4316 quac
927 4252 1062 4316 praetereo
1080 4249 1167 4307 rrocot)
1189 4241 1198 4308 ll
1217 4242 1314 4312 incipit
1335 4240 1404 4296 liber
1426 4241 1543 4296 tertius

161 4322 229 4392 Fls.
239 4318 305 4384 Μ’).
325 4319 437 4389 explicit
457 4319 526 4373 liber
538 4317 676 4372 sccundus
694 4317 775 4387 incip.
789 4331 823 4370 cx
836 4315 923 4370 ordin.
937 4315 1029 4384 digeg.
1042 4317 1101 4381 (rte)
1114 4329 1163 4368 seu
1176 4313 1302 4382 pandect.
1315 4313 1384 4367 liber
1395 4312 1424 4366 iii
1438 4310 1448 4380 ΙΙ
1460 4313 1543 4383 incip.

158 4389 204 4446 lib.
218 4391 246 4446 iii
266 4391 296 4454 P,
315 4391 427 4474 explicit
444 4390 490 4444 lib.
504 4390 522 4444 ii
541 4389 637 4458 incipit
653 4389 756 4443 tercius
780 4387 831 4441 vd
1156 4463 1159 4470 1

107 4497 165 4543 cate
181 4491 197 4542 t
211 4488 276 4542 tm
289 4487 401 4558 explicit
419 4487 487 4542 liber
505 4487 533 4540 iii
551 4487 647 4556 incipit
665 4485 710 4539 lib.
725 4485 764 4540 iiii
777 4485 850 4548 (doec
865 4483 1017 4548 atramento)
1036 4480 1151 4536 feliciter
1169 4483 1228 4549 (loc
1246 4484 1335 4547 minio)
1354 4481 1459 4551 incipit
1476 4479 1545 4536 libor

160 4563 282 4630 ansrtus⁴
297 4559 334 4612 F’
346 4562 354 4622 (
357 4563 384 4630 f.
394 4559 454 4623 70).
477 4573 540 4628 exp.
558 4557 605 4612 lib.
619 4557 648 4611 iii
661 4557 757 4625 incipit
768 4555 836 4610 liber
848 4555 887 4610 iiii
900 4553 947 4608 PL
953 4551 982 4618 U,
1002 4553 1114 4624 explicit
1131 4552 1200 4608 liber
1216 4553 1319 4608 tercius
1337 4552 1544 4623 pandectarum,

158 4631 254 4702 incipit
270 4635 386 4700 numus
408 4629 434 4680 V

115 4733 166 4798 peti
181 4727 271 4784 titii
290 4728 461 4797 aabamiptam
470 4729 498 4798 s.
512 4727 546 4780 95
565 4723 680 4779 feliciter
698 4727 796 4795 reliqua
817 4731 916 4796 popina
933 4729 1035 4794 totoque
1053 4729 1169 4793 sequente
1186 4729 1277 4776 nocuis
1294 4724 1403 4776 relictio:
1421 4721 1544 4776 librarius

193 4805 204 4852 i
218 4805 342 4854 enecante
360 4817 377 4851 a
386 4799 414 4870 s.
427 4797 462 4852 96
485 4803 543 4851 onie
560 4799 576 4850 l.
591 4795 618 4848 V
634 4801 823 4866 inscriptionem
842 4795 936 4847 nnllam
952 4800 1040 4864 posuit
1057 4793 1085 4846 F.
1109 4793 1206 4862 explic.
1223 4791 1270 4848 lib.
1283 4792 1321 4846 iiii
1338 4791 1420 4861 incip.
1433 4791 1544 4860 quintus

159 4867 381 5010 affligite&
391 4867 566 4994 ¹imituerbplic.
577 4865 624 4922 lib.
638 4867 676 4921 iiii
695 4867 775 4936 incip.
790 4881 808 4920 u
826 4865 862 4920 de
880 4863 988 4919 iudiciis
1006 4864 1111 4935 primus
1129 4865 1243 4933 (primus
1262 4882 1310 4917 om.
1324 4863 1359 4930 V)
1371 4864 1427 4928 vt,
1446 4863 1543 4933 explic.
