4320 5340
977 747 1045 844 lll.
1114 737 1119 743 ’

379 975 556 1054 uleus
590 975 853 1056 unctiones
886 977 1129 1056 nusoeuu
1162 977 1306 1056 uren
1341 975 1640 1057 sonorosus

857 1111 1167 1190 DETERIORUM

741 1259 805 1327 (sn
823 1259 897 1316 nro.
915 1261 984 1316 un.
997 1261 1025 1318 v
1042 1259 1113 1316 sur.
1126 1260 1152 1315 e.
1164 1259 1191 1315 4.
1204 1259 1230 1315 5.
1244 1261 1281 1327 e).

329 1411 354 1466 F
407 1409 496 1462 borum
513 1409 632 1464 librorum
649 1411 783 1464 lectionem
801 1430 878 1480 supra
896 1411 998 1464 slletam
1016 1411 1058 1464 bic
1075 1411 1111 1464 ibi
1127 1412 1305 1479 repetiuimus,
1326 1411 1370 1464 ubi
1388 1427 1444 1463 curn
1462 1411 1590 1480 scripturis
1609 1412 1650 1464 bic
1668 1429 1750 1474 eno-2

328 1481 356 1536 P
442 1483 502 1533 tatis
521 1499 616 1536 conexa
634 1493 709 1536 esset.
737 1483 795 1535 libri
813 1483 840 1538 P
854 1501 956 1536 manum
974 1484 1111 1536 secundam
1128 1483 1169 1534 bie
1188 1483 1288 1535 demum
1305 1481 1380 1550 plene
1400 1483 1535 1535 attulimus.

328 1569 356 1623 V
407 1569 496 1623 borum
513 1569 633 1624 librorum
651 1590 706 1624 cum
731 1574 867 1640 primarum
887 1591 1005 1624 manuum
1028 1582 1080 1624 tum
1098 1573 1265 1640 posteriorum
1282 1571 1415 1624 lectionem
1440 1589 1495 1624 oum
1520 1567 1597 1639 supra
1615 1573 1730 1626 attuleri-

322 1634 351 1693 Ζ
443 1659 498 1694 mus
517 1643 643 1706 selectam,
662 1645 703 1696 hic
722 1645 836 1704 dedimus
854 1645 987 1712 integrum,
1006 1644 1054 1696 nisi
1072 1644 1139 1710 quod
1158 1644 1279 1711 quasdem
1297 1661 1329 1696 ex
1344 1641 1423 1710 suprs'
1437 1645 1573 1712 propositis
1592 1644 1634 1698 bie
1648 1645 1732 1697 denno

330 1711 355 1765 U
444 1713 534 1765 afferre
553 1733 735 1781 superuacuum
753 1717 835 1767 uisum
854 1725 900 1767 est.

328 1799 393 1854 I'=
404 1799 566 1854 'laurinensis
584 1805 613 1856 F.
626 1805 659 1856 Π.
674 1805 707 1856 14
726 1803 796 1870 (olim
808 1804 861 1856 333
875 1804 911 1872 Β)
927 1820 994 1858 saec.
1006 1802 1065 1856 XII.
1090 1803 1183 1856 desinit
1200 1821 1250 1855 non
1267 1804 1311 1855 nbi
1330 1804 1456 1870 digestum
1473 1813 1547 1856 ustus
1566 1803 1631 1857 solet
1647 1805 1730 1868 linire,

443 1873 490 1924 scd
507 1873 539 1924 D.
552 1874 596 1936 25,
608 1876 634 1936 3,
647 1877 673 1938 5,
688 1875 720 1926 13
739 1877 805 1927 med.
818 1876 902 1928 uerbis
925 1875 1019 1930 dixerit
1034 1880 1134 1945 petrem
1155 1875 1259 1926 finiente
1279 1875 1315 1928 ibi
1330 1875 1502 1942 quaternione,
1521 1893 1596 1941 quem
1613 1876 1672 1929 olim
1687 1875 1731 1928 elii

440 1955 574 2010 praeterea
591 1947 709 1998 uidentur
727 1947 865 2014 excepisse.
889 1946 1064 2014 inscriptiones
1082 1947 1161 1998 babet
1177 1947 1231 1999 fere
1249 1947 1348 2014 plenss.

327 2030 394 2097 Q:
404 2031 534 2084 Parisinus
552 2033 622 2085 4465
641 2051 707 2086 saec.
720 2035 791 2088 XIII.
818 2035 994 2103 inscriptiones
1012 2035 1091 2086 babet
1108 2035 1255 2102 plerumque
1273 2035 1371 2103 plenas.

328 2119 393 2176 0:
404 2119 463 2174 olirn
478 2121 599 2174 Germani
616 2121 763 2186 colladonii,
781 2124 874 2176 deinde
885 2124 1052 2187 Mesrrnnnni,
1070 2133 1161 2190 postes
1172 2124 1278 2187 Kelleri,
1295 2125 1346 2176 iam
1363 2124 1431 2190 apud
1445 2141 1495 2188 me,
1513 2141 1599 2177 omnes
1615 2123 1728 2194 digesto·

433 2199 495 2244 'rum
513 2193 590 2245 libros
609 2195 833 2262 comprehendens,
852 2213 919 2247 saec.
932 2195 1003 2248 XIII.
1030 2195 1206 2262 inscriptiones
1225 2196 1304 2248 hebet
1321 2195 1448 2248 interdum
1465 2195 1563 2264 plenas.

325 2281 394 2336 D:
404 2281 575 2336 Berolinensis
594 2282 650 2334 bet.
669 2283 713 2338 fol.
728 2283 761 2336 14
779 2301 845 2337 saec.
858 2284 929 2336 XIV.
956 2285 1035 2336 behet
1052 2283 1163 2351 glossam
1180 2284 1333 2338 ordinariam
1350 2285 1538 2338 Accersiansm.

325 2370 576 2425 E=Berolinensis
594 2372 650 2424 Iret.
669 2371 759 2424 16115
779 2391 844 2426 esee.
857 2373 927 2424 XIV.
955 2373 1034 2424 babet
1051 2371 1162 2439 glossam
1179 2373 1294 2426 eandem.
1322 2374 1389 2426 buno
1403 2373 1495 2426 librum
1506 2391 1557 2426 non
1570 2371 1728 2427 adhibuimus

439 2444 488 2528 nisi
506 2452 535 2494 ut
552 2443 643 2496 certius
661 2452 789 2530 constaret
806 2445 838 2497 de
856 2444 963 2497 lectione
981 2443 1177 2497 Bononiensium
1201 2443 1346 2512 posterioris
1364 2447 1455 2498 notatis
1478 2445 1587 2512 ideoque
1604 2444 1729 2498 solitarios

441 2532 495 2566 esus
514 2532 611 2567 errores
630 2533 823 2582 suppresssmns.

359 2603 536 2670 :Digesturn
553 2612 627 2656 uetus
646 2605 740 2656 editum
758 2621 805 2670 per
822 2603 961 2656 Antonium
978 2603 1113 2670 Xoburger
1131 2603 1314 2672 Nnreubergae
1335 2604 1412 2658 1482.
1515 2625 1520 2636 ·

324 2691 394 2746 H:
403 2691 511 2759 Digesta
529 2691 599 2744 edita
617 2693 649 2744 ab
662 2691 808 2746 Halosndro
820 2693 845 2744 N
847 2693 1010 2760 erembergae
1025 2692 1101 2744 1529.
1129 2693 1262 2746 Lectiones
1280 2695 1306 2746 in
1323 2695 1437 2762 margine
1450 2693 1540 2748 ellstes
1552 2701 1671 2746 notentur
1682 2691 1730 2748 Εὖ.

288 2779 328 2832 le
345 2781 385 2833 bis
403 2781 473 2834 libris
493 2781 553 2834 dum
570 2781 634 2834 baec
653 2781 734 2834 scribo
752 2791 854 2850 praesto
872 2781 934 2833 mibi
951 2791 1010 2833 sunt
1027 2782 1076 2849 ipsi
1088 2781 1287 2838 PLODEKH:
1306 2783 1410 2836 collatos
1428 2782 1506 2834 bsbui
1520 2781 1573 2838 Vs
1585 2783 1684 2836 Blumio
1704 2792 1730 2835 et

288 2851 420 2916 Xelruleo,
443 2851 467 2906 U
484 2872 500 2905 a
517 2853 663 2920 Xruegero,
683 2853 755 2906 Tab
774 2853 863 2905 eodem
881 2862 909 2904 et
926 2853 1081 2917 Schradero,
1107 2851 1132 2918 Q
1149 2872 1165 2906 s
1180 2853 1321 2917 Kanelate,
1339 2872 1444 2922 quorum
1462 2863 1565 2922 propter
1583 2855 1729 2908 collntornm

290 2923 417 2975 silentium
435 2925 560 2976 interdum
578 2924 664 2976 deficit
681 2925 829 2976 auotoritas:
848 2933 960 2976 ceterum
977 2925 1003 2976 in
1020 2925 1177 2992 grauioribus
1191 2942 1239 2992 ego
1252 2925 1346 2988 cursui,
1364 2934 1393 2977 ut
1404 2925 1437 2978 de
1450 2925 1555 2993 singulis
1568 2925 1647 2988 libris,
1666 2943 1728 2993 quos

289 2995 345 3061 ipse
367 3013 518 3058 uersassem,
541 3005 669 3048 constaret
686 2995 828 3048 testimonio
851 2996 953 3048 diserto.
980 2996 1114 3048 lectionem
1138 2995 1225 3048 demus
1248 2997 1284 3049 its
1304 2997 1463 3064 dispositam,
1488 3007 1517 3050 ut
1540 2997 1615 3050 facile
1637 2997 1727 3049 distin-

289 3075 399 3132 guantur
418 3067 538 3118 lectiones
557 3067 683 3120 solitariae
702 3075 729 3120 et
745 3067 840 3120 librarii
863 3067 1056 3134 uniuscuiusque
1079 3085 1176 3120 errores
1199 3069 1232 3120 eb
1255 3069 1365 3135 receptis
1383 3086 1429 3135 per
1448 3067 1557 3134 sliquam
1575 3077 1685 3120 aetatem
1703 3077 1730 3120 et

270 3137 473 3204 'quodnmmodo
491 3139 632 3200 ordinariis,
651 3156 726 3206 porro
740 3147 768 3190 ut
780 3147 868 3205 psteat
879 3139 985 3205 primum
999 3139 1058 3206 quid
1071 3140 1161 3190 aetatis
1179 3140 1325 3191 Irnerisnae
1343 3149 1369 3191 et
1387 3148 1504 3206 quattuor
1522 3139 1650 3192 doetomtn
1668 3140 1728 3192 iuris

288 3209 402 3275 magistri
420 3211 446 3262 in
465 3209 516 3261 suis
533 3209 603 3262 libris
621 3210 768 3262 habuerint:
788 3209 880 3261 deinde
899 3211 1022 3276 quomodo
1041 3210 1133 3276 partim
1150 3209 1214 3262 libro
1231 3210 1377 3263 Florentino
1395 3211 1495 3262 interim
1513 3210 1596 3262 denuo
1614 3228 1728 3274 excusso,

288 3281 381 3347 partim
404 3281 547 3332 coniectura
570 3297 662 3333 casuue
687 3297 733 3348 per
750 3283 845 3348 gradus
863 3281 937 3334 lectio
956 3281 1016 3332 inde
1034 3281 1123 3332 effecta
1142 3281 1175 3332 sit
1192 3281 1318 3333 ordinaria
1336 3281 1502 3334 Bononiensis
1522 3282 1611 3334 sentis
1631 3283 1727 3334 decur-

288 3351 376 3403 sisnse
395 3361 421 3403 et
439 3351 574 3418 deinceps,
593 3370 668 3419 quam
685 3362 747 3420 puts
762 3363 849 3404 tenere
867 3361 894 3403 te
913 3352 947 3403 ibi
965 3353 1008 3403 ubi
1027 3352 1186 3405 consentiunt
1203 3353 1261 3404 libri
1278 3352 1374 3418 DEK,
1397 3370 1453 3404 eum
1470 3353 1554 3404 multis
1572 3353 1634 3405 locis
1652 3355 1729 3406 etism

288 3422 337 3474 bec
354 3431 439 3476 estete
456 3424 532 3475 binee
550 3422 667 3490 pluresue
685 3423 806 3476 lectiones
821 3424 1051 3476 ebmmserrentur:
1071 3423 1179 3490 denique
1198 3423 1345 3476 Hnlosnder
1363 3424 1424 3489 quid
1441 3425 1572 3476 retinuerit
1590 3441 1621 3476 ex
1638 3423 1726 3477 lectio·

288 3493 362 3545 nibus
380 3493 588 3560 Xoburgerianis,
607 3495 668 3561 quid
685 3495 820 3546 adeeiuerit
838 3511 893 3546 cunr
912 3511 943 3546 ex
960 3495 1030 3546 libris
1049 3511 1080 3546 ex
1099 3511 1193 3561 genere
1211 3496 1291 3548 nostri
1306 3493 1329 3560 Q
1348 3495 1452 3561 aliisque
1471 3505 1524 3546 tum
1542 3513 1574 3547 cx
1592 3495 1648 3562 ipsa
1665 3495 1726 3547 Illo-

288 3565 387 3616 rentins
405 3565 551 3632 imperfecte
570 3567 685 3632 quidem,
707 3565 753 3618 sed
770 3575 854 3618 tamen
874 3566 1031 3632 aliquatenus
1050 3566 1097 3617 sibi
1116 3567 1229 3632 cognite,
1254 3567 1314 3632 quid
1337 3583 1398 3618 uero
1419 3576 1552 3632 praetereo
1576 3576 1607 3618 ex
1625 3567 1728 3633 ingenio

288 3637 436 3688 emendarit.
464 3637 548 3702 itaque
573 3638 616 3703 qui
639 3638 687 3688 hoo
710 3638 837 3703 specimen
862 3637 1009 3688 examinarit
1033 3655 1084 3688 non
1108 3637 1243 3688 destitutus
1264 3637 1364 3688 criticae
1383 3639 1444 3689 artis
1463 3655 1538 3688 sensu
1557 3637 1639 3704 aliquo
1659 3639 1728 3704 (nam

287 3705 421 3758 hebetibus
439 3707 481 3758 uel
499 3709 585 3774 inepte
604 3708 683 3760 acutis
701 3709 762 3759 talia
778 3709 833 3775 quis
846 3709 1040 3775 demonstretl),
1058 3708 1127 3758 illum
1145 3709 1213 3760 nullo
1231 3709 1334 3774 negotio
1348 3709 1451 3760 conlido
1470 3707 1653 3760 intellecturum
1671 3726 1728 3760 esse

288 3777 315 3828 id
333 3777 400 3844 quod
418 3778 493 3830 hodie
511 3779 624 3845 plerique
642 3779 774 3844 ignorant,
793 3777 873 3845 qualis
891 3797 1041 3846 unoquoque
1059 3779 1159 3830 saeculo
1178 3797 1194 3830 a
1213 3779 1359 3831 duodecimo
1378 3779 1411 3830 ad
1430 3779 1553 3831 decimum
1571 3789 1668 3830 sextum
1687 3779 1726 3831 di-

274 3841 416 3916 'gestorum
434 3849 508 3902 lectio
526 3849 653 3902 ordinaris
670 3850 754 3913 berit,
773 3851 950 3906 accedentibus
967 3851 1105 3902 identidem
1124 3867 1179 3901 curn
1198 3851 1269 3902 nouis
1288 3850 1505 3902 emendationibus
1522 3850 1607 3916 petitis
1621 3869 1652 3902 ex
1663 3851 1727 3903 libro

287 3919 433 3972 Florentino
450 3929 504 3972 tum
522 3929 625 3988 propter
643 3921 800 3974 librariorum
818 3921 1005 3988 neglegentiam
1028 3921 1070 3972 uel
1087 3921 1248 3988 prudentium
1265 3921 1355 3973 melem
1374 3921 1534 3973 sedulitatem
1552 3920 1726 3988 interpolatio-

287 3991 361 4042 nibus
380 3992 577 4059 corruptelisqne
596 3993 676 4044 nouis.
704 3993 810 4044 maxime
829 4003 913 4044 sutem
931 3993 1000 4044 bisce
1018 3991 1144 4044 latereulis
1163 3993 1279 4045 sordibus
1298 3993 1377 4046 omnis
1396 3993 1496 4060 generis
1509 3993 1607 4044 refertis
1620 3994 1668 4044 hnc
1680 3993 1726 4044 de-

287 4073 426 4114 monstrsre
444 4063 568 4116 noluimus
585 4063 688 4130 propria
705 4064 773 4114 bons
789 4064 859 4116 nulls
876 4065 960 4116 inesse
978 4064 1003 4115 in
1023 4063 1188 4116 deterioribus
1207 4073 1233 4114 et
1251 4064 1345 4116 bomini
1362 4082 1412 4118 non
1431 4063 1549 4131 prudenti
1567 4063 1661 4126 solum,
1681 4063 1728 4115 sed

287 4133 363 4186 etiam
381 4133 437 4186 seni
460 4134 545 4186 indicii
563 4135 663 4186 omnino
685 4135 897 4202 adquiescendum
920 4152 977 4188 esse
995 4135 1022 4187 in
1039 4134 1104 4186 libro
1122 4135 1267 4188 Florentino
1286 4145 1313 4188 et
1329 4135 1531 4188 Bononiensibus
1550 4135 1727 4202 antiquissimis

288 4205 437 4272 quibusque,
454 4207 561 4258 monime
579 4205 703 4258 Parisino.

927 4307 1087 4316 ..u-...u—

467 4505 496 4565 p·
513 4489 575 4548 ¹32,
848 4455 883 4580 107
884 4455 943 4582 (1)ἑὸ
947 4455 1164 4582 662651ὼὲ911ἕῖ
1172 4455 1242 4582 “iai''
1268 4455 1302 4510 16
1317 4468 1370 4580 ιιιιιο
1380 4453 1606 4580 ‘fflinelrnoetw
1617 4455 1727 4512 nomine

288 4597 323 4652 12
340 4595 375 4652 ι16
387 4595 444 4652 her.
456 4599 512 4668 pet.
543 4595 621 4660 FPU,
642 4613 690 4649 om.
706 4595 749 4660 γ’,
847 4566 1058 4667 6116601131(
1160 4565 1170 4592 ³
1232 4548 1241 4580 ι
1319 4540 1494 4667 sinbeperesse
1511 4596 1605 4652 om.H

357 4667 392 4723 de
410 4685 437 4738 p.
455 4667 481 4723 b.
539 4665 754 4732 LTQODEKH
829 4668 918 4738 sexto]
939 4665 1025 4724 niiU
1318 4669 1378 4723 siue
1395 4683 1445 4738 per
1456 4668 1535 4736 alios]
1554 4668 1578 4722 si
1595 4685 1622 4739 p.
1636 4683 1661 4724 a.
1681 4669 1725 4736 Τῇ

286 4737 322 4794 13
339 4739 429 4809 gaius]
447 4737 549 4808 elno
829 4739 865 4792 sd
883 4743 980 4797 onulfi
1336 4739 1395 4794 siue
1432 4755 1462 4794 er
1478 4739 1590 4796 seelios
1607 4741 1648 4807 V·,
1667 4741 1726 4796 siue

336 4817 442 4884 praeter
459 4818 563 4864 nomino
581 4815 747 4864 turtraucto·
776 4809 810 4864 14
828 4809 855 4879 e]
874 4811 902 4876 E
924 4827 958 4869 ex
976 4809 1243 4869 PVLUI'GDEKH
1355 4825 1385 4864 cr
1428 4811 1484 4865 ium
1503 4809 1535 4864 H

357 4899 415 4937 nen
436 4888 614 4954 mutones
630 4886 749 4935 omsttaat
776 4881 810 4936 15
828 4879 882 4951 est]
901 4883 939 4941 sit
958 4885 1009 4944 GE
1265 4881 1299 4938 17
1317 4827 1418 4952 electi]
1436 4880 1503 4937 secti
1519 4881 1549 4936 D
