3608 5302
908 159 1068 228 LXXVIII

276 337 493 407 interpunctione
516 340 621 393 mutata
644 338 686 405 (ut
704 336 724 407 l,
743 335 803 405 889,
818 336 862 392 ut.
885 335 920 406 ll,
932 337 993 406 807,
1005 336 1032 391 4.
1051 335 1112 405 907,
1124 336 1158 391 21
1177 336 1237 402 al.):
1265 335 1314 391 sed
1337 335 1364 391 iu
1387 339 1520 407 apparatu
1542 336 1704 408 plerumque

277 443 351 499 tacrd
368 443 403 500 de
421 442 555 500 eiusmodi
573 443 731 514 mutatione,
753 457 823 513 quae
841 457 859 497 a
875 443 983 498 traditis
1001 457 1066 498 uere
1084 456 1139 498 nou
1157 441 1281 501 discedit.

115 551 261 598 Coniecturae
330 550 454 622 Denique
471 548 601 607 subsidiis
618 547 806 606 deficientibus
824 549 982 608 coniectura
998 526 1068 620 opus
1086 554 1142 620 est,
1165 553 1196 604 ut
1215 547 1280 604 ulibi
1296 553 1442 621 perpetuo,
1466 549 1506 605 ita
1523 549 1567 604 uel
1586 549 1705 604 maxime

278 657 306 712 in
323 656 446 727 digestis.
472 673 536 713 uam
553 657 618 712 licet
634 672 730 713 uerum
748 656 784 712 sit
801 655 903 712 codicis
920 656 1069 712 Florentini
1087 670 1139 726 ope
1158 654 1266 726 digesta
1283 655 1423 712 iustiniani
1441 656 1522 727 louge
1539 656 1630 711 miuus
1646 670 1705 711 cor·

278 768 358 833 rupta
375 779 425 820 uos
442 762 544 820 habere
561 779 642 834 quum
661 763 759 818 Lutiua
776 762 914 834 pleraque,
932 778 1003 834 quae
1021 761 1096 818 libris
1114 761 1222 832 scriptis
1239 761 1341 818 tredita
1359 762 1522 834 aoceptmus,
1539 767 1632 818 tamen
1647 766 1708 820 tam

277 870 385 926 collatio
402 869 550 927 Florentini
572 869 632 926 libri
651 885 714 926 cum
731 869 918 940 Neapolitanis
935 867 1096 940 fragmentis
1113 868 1380 940 gromaticorumqus
1397 870 1533 940 excerptis
1550 885 1634 941 quum
1653 869 1706 924 Ba·

277 977 413 1033 silicorum
432 976 599 1048 comparatio
616 977 683 1033 sutis
701 975 822 1033 ostendit
839 976 1025 1047 coniecturae,
1048 975 1130 1032 modo
1151 974 1186 1030 ad
1205 976 1272 1032 artis
1289 977 1365 1046 leges
1382 980 1412 1032 et
1429 991 1491 1032 cum
1509 976 1609 1032 iudicio
1628 991 1706 1032 exer·

278 1087 380 1155 ceatur,
398 1084 451 1140 etsi
469 1083 496 1139 in
514 1083 629 1154 digestis
644 1098 699 1140 nou
710 1083 871 1154 respicisuus
887 1083 940 1138 nisi
952 1098 1013 1138 eum
1026 1083 1116 1154 operis
1127 1081 1250 1154 sormam,
1269 1098 1351 1152 quam
1370 1083 1414 1139 edi
1432 1083 1512 1139 iussit
1528 1083 1707 1152 lastinianus,

277 1191 322 1246 uel
339 1191 380 1248 sic
398 1191 514 1262 aliquem
532 1191 621 1252 locum
640 1205 710 1246 esse.
736 1189 787 1247 md
804 1190 870 1246 urtis
887 1188 963 1246 hisce
980 1187 1080 1246 fludrus
1098 1190 1270 1246 coniecturae
1286 1205 1352 1246 usus
1364 1189 1392 1245 iu
1404 1188 1519 1259 digestis
1531 1204 1706 1261 nequaquam

278 1298 440 1354 continetur.
472 1314 536 1354 uum
559 1297 729 1354 conditorum
753 1311 815 1354 cum
838 1297 941 1354 menna
964 1297 1081 1352 maxime
1098 1297 1127 1352 iu
1144 1297 1241 1353 litterIs
1259 1295 1442 1368 singularibus
1459 1297 1628 1368 explicandis
1646 1301 1707 1352 tum

278 1405 458 1476 interpolatio,
476 1405 550 1461 licita
566 1403 677 1474 quidem
695 1405 729 1460 iis
746 1408 775 1460 et
792 1419 875 1476 saepe
893 1403 1055 1475 necmmda,
1075 1403 1123 1460 sed
1136 1403 1215 1460 nobis
1227 1405 1350 1475 molesta,
1368 1402 1434 1460 t‘eeit
1445 1408 1477 1460 ut
1487 1404 1610 1460 recensio
1622 1418 1706 1475 quam

279 1511 298 1566 ii
315 1514 515 1582 proposuerunt
531 1527 549 1566 a
565 1511 694 1582 primarie
711 1516 853 1568 auctorum
871 1511 1006 1582 scriptura
1022 1515 1164 1582 rrumpere
1182 1510 1301 1582 recedat,
1319 1511 1415 1582 utqui
1433 1511 1500 1568 haec
1513 1511 1577 1568 edm
1590 1510 1708 1580 scripse·

279 1623 343 1674 runt
360 1617 384 1674 si
400 1618 522 1689 legerent
539 1617 621 1674 hodie
638 1618 667 1673 iu
684 1617 799 1688 digestis
817 1622 930 1689 accepte
948 1616 1001 1674 sibi
1018 1618 1112 1690 relatu,
1130 1599 1259 1674 credibile
1276 1619 1314 1676 sit
1330 1633 1414 1690 sucps
1432 1615 1490 1675 fore
1502 1623 1532 1674 ut
1543 1617 1596 1688 ipsi
1608 1631 1639 1672 se
1651 1631 1709 1672 uon

279 1730 467 1796 agnoscerent
500 1725 598 1796 prioris
621 1725 730 1795 generis
752 1740 856 1781 errores
879 1727 911 1780 ut
928 1723 1114 1796 deprehendat
1130 1729 1160 1781 ct
1177 1724 1317 1796 emendet,
1340 1725 1399 1781 iure
1416 1725 1538 1796 poscitur
1555 1723 1590 1780 ub
1607 1738 1642 1780 eo
1660 1723 1710 1794 qui

280 1831 388 1902 digesta
411 1831 593 1902 recognoscit:
620 1836 716 1888 contra
736 1832 765 1887 in
788 1831 899 1888 alterius
922 1832 1030 1902 generis
1054 1831 1309 1902 interpolationibus
1331 1830 1528 1903 inumtgandis
1551 1836 1581 1888 et
1603 1831 1709 1900 aliqua·

280 1943 360 1995 tenus
378 1937 414 1994 ud
432 1937 611 2010 antiquiorem
629 1942 731 1994 statum
749 1937 911 1994 reuocandis
928 1953 990 1993 oum
1009 1943 1118 1994 nostrae
1136 1939 1235 2006 aetads
1246 1938 1458 2009 iurisprudeutia
1469 1953 1569 2009 magna
1581 1942 1709 2008 exparte

280 2049 411 2116 demur,
428 2044 596 2116 digestorum
615 2044 727 2102 editoris
744 2044 773 2100 in
790 2059 824 2101 ea
841 2059 871 2101 re
888 2050 981 2116 partes
999 2049 1048 2101 aut
1064 2045 1154 2101 nullae
1171 2049 1236 2101 suut
1251 2051 1302 2102 aut
1315 2049 1389 2102 certe
1400 2045 1586 2102 secuuduriac.
1613 2058 1668 2115 ego
1679 2043 1710 2098 iu

280 2150 333 2208 hac
349 2151 468 2208 editione
485 2151 643 2208 adornanda
660 2167 723 2209 curu
740 2151 792 2208 hoc
809 2151 980 2223 potissimum
999 2151 1064 2208 mihi
1081 2153 1292 2224 proposuissem,
1311 2157 1342 2208 ut
1353 2153 1561 2209 instrumentum
1574 2150 1609 2207 cd
1621 2148 1710 2207 uerba

281 2258 449 2330 digestorum
472 2262 547 2315 recte
569 2263 598 2314 et
615 2264 680 2330 apte
697 2257 887 2316 constituenda
904 2265 1046 2330 pararetur
1063 2264 1167 2316 certum
1186 2265 1215 2316 et
1230 2261 1355 2332 plenum,
1378 2259 1599 2318 constitutionem
1616 2259 1709 2331 ipsum

281 2381 336 2422 uon
354 2365 462 2436 neglexi
479 2364 590 2437 quidem
608 2367 708 2436 (neque
726 2365 798 2422 euim
816 2366 886 2422 inter
904 2381 952 2422 eos
970 2381 1070 2422 nomen
1087 2365 1164 2438 dedi,
1186 2368 1233 2438 qui
1254 2383 1315 2423 cum
1334 2366 1436 2424 codicis
1454 2367 1596 2424 cuiusdam
1615 2381 1708 2422 exeus-

281 2473 356 2546 plum
372 2473 448 2545 typis
465 2471 584 2530 exscribi
600 2473 751 2544 irrsseruut,
774 2475 913 2528 auctorem
937 2470 989 2529 sibi
1013 2473 1142 2530 uidentur
1161 2473 1305 2545 edidisse),
1327 2474 1377 2530 sed
1394 2473 1553 2531 subitarium
1572 2473 1661 2544 megs
1678 2477 1710 2528 et

281 2583 363 2652 prout
379 2595 423 2636 res
440 2579 536 2636 incidit
552 2594 663 2651 operam
681 2579 708 2636 ei
724 2579 859 2650 impendi:
877 2579 960 2651 idque
977 2585 1045 2650 puto
1062 2580 1109 2650 qui
1127 2579 1179 2636 hac
1196 2580 1315 2637 editiom
1332 2585 1444 2638 utentur
1458 2597 1513 2638 uon
1523 2585 1581 2637 tam
1593 2595 1708 2637 excusa·

283 2686 352 2744 bunt
373 2701 455 2758 quam
477 2685 636 2743 laudabunt
668 2701 732 2742 uam
755 2686 802 2757 qui
825 2687 916 2743 sciunt
936 2686 1003 2758 quid
1019 2687 1172 2758 requiratur
1190 2687 1225 2743 ad
1243 2687 1411 2758 digestorum
1429 2688 1642 2759 recognitionem
1661 2685 1708 2743 ab

282 2793 442 2850 soluendam
459 2797 489 2850 et
505 2793 571 2849 luris
588 2797 730 2850 auctorum
747 2793 775 2848 iu
794 2792 989 2850 uocabulorum
1006 2809 1059 2850 usu
1076 2799 1106 2850 et
1122 2799 1259 2851 structura
1276 2800 1305 2851 et
1322 2797 1432 2852 omuino
1446 2796 1475 2851 in
1486 2810 1516 2851 re
1527 2794 1709 2866 grammatica

283 2901 476 2974 proprietatem
499 2899 706 2972 perdiscendam
730 2913 874 2971 rerumque
898 2901 1079 2972 coguitionem
1103 2917 1174 2992 quae
1198 2902 1311 2973 siugulis
1329 2903 1396 2958 locis
1414 2901 1533 2958 sufficiat
1549 2917 1708 2973 comparau-

284 3007 356 3080 dam,
374 3007 393 3064 ii
411 3007 483 3064 ultro
500 3003 701 3064 confitebuntur
718 3006 852 3063 eiusmodi
870 3007 1008 3077 negotium
1028 3007 1063 3064 ab
1081 3024 1135 3065 uuo
1153 3008 1261 3066 homine
1278 3007 1372 3080 perfici
1389 3025 1443 3067 uon
1461 3024 1551 3081 posse,
1570 3009 1620 3065 sed
1632 3008 1708 3079 flagi·

283 3119 343 3170 tare
361 3115 433 3171 uires
451 3115 542 3170 unitas
559 3128 643 3185 opera
660 3113 757 3170 diuisa
787 3118 861 3170 certe
879 3115 903 3170 si
921 3114 982 3184 quis
1000 3115 1100 3172 existet
1117 3117 1261 3186 aliquando
1279 3117 1325 3187 qni
1344 3115 1422 3173 uobis
1439 3117 1571 3188 depingat
1588 3115 1708 3187 digesto·

284 3237 344 3278 rum
367 3220 499 3278 editorem
521 3221 609 3292 qualis
631 3235 693 3276 esse
716 3219 830 3291 debeat,
857 3225 886 3277 et
908 3221 1039 3292 optimum
1063 3224 1269 3293 grammaticum
1292 3229 1321 3278 et
1342 3223 1409 3278 iuris
1431 3221 1532 3293 publici
1554 3222 1709 3293 priustique

283 3327 524 3400 prudentissimum
547 3332 698 3399 pergatque
720 3326 784 3383 iude
807 3343 870 3383 cum
892 3328 1027 3384 eiusmodi
1049 3329 1137 3400 operis
1156 3329 1243 3386 torma
1259 3327 1381 3400 perfecta
1397 3328 1468 3386 hanc
1485 3344 1573 3386 meam
1591 3329 1708 3398 opellam

284 3448 455 3505 componere,
474 3433 600 3503 equidem
618 3449 685 3490 saue
703 3431 811 3491 fatebor
829 3449 873 3491 me
891 3449 945 3490 uon
963 3449 1024 3491 esse
1042 3435 1094 3492 uisi
1112 3451 1196 3491 uuum
1214 3450 1248 3490 ex
1266 3436 1358 3492 miultis
1375 3451 1464 3506 usque
1481 3435 1645 3506 philologius
1663 3450 1715 3492 uc··

150 3555 262 3604 britonis
284 3555 338 3612 que
354 3541 421 3598 iuris
438 3541 569 3598 scientius
585 3541 667 3613 plens
684 3545 832 3613 expertem,
851 3541 901 3598 scd
919 3541 1092 3598 nihilominus
1110 3542 1245 3599 bominem
1263 3541 1366 3598 ridebo.
1393 3557 1445 3613 ego
1463 3539 1516 3598 ieci
1531 3542 1607 3612 quod
1618 3543 1709 3613 potul:

150 3619 266 3667 ²⁶⁰¹⁰²fi⁰
284 3647 422 3719 quomodo
439 3661 506 3705 uero
523 3647 670 3705 editionem
687 3647 850 3720 edomarim,
867 3649 962 3718 paucis
980 3649 1153 3720 complectar.
1180 3664 1368 3742 quaecumque
1384 3649 1412 3705 iu
1424 3649 1568 3705 uerborum
1587 3648 1711 3704 ordinem

284 3755 375 3826 recepi
393 3770 448 3811 nou
465 3752 625 3812 confirmata
642 3759 691 3810 aut
708 3756 796 3826 priore
814 3755 963 3811 Florentini
984 3754 1046 3811 libri
1069 3755 1203 3827 scriptura
1225 3761 1274 3812 cut
1296 3756 1459 3828 posteriore,
1482 3755 1595 3812 distiurd
1612 3755 1711 3812 litteris

285 3859 410 3934 obliquis,
428 3867 460 3918 ut
477 3862 525 3932 qui
541 3861 594 3918 buc
611 3861 731 3918 editione
749 3863 835 3918 utitur
852 3862 919 3933 ipsis
937 3862 1012 3934 typis
1024 3863 1117 3918 statim
1130 3867 1285 3920 moneretur
1296 3865 1374 3920 aliter
1385 3864 1440 3934 legi
1452 3865 1480 3920 iu
1492 3863 1586 3920 codice
1599 3863 1711 3920 Floren-

285 3969 351 4026 tiuu.
381 3969 519 4026 rarissime
535 3973 628 4026 tamen
645 3969 675 4026 iu
692 3968 785 4026 uerbIs
802 3985 820 4025 a
836 3969 992 4025 FloreutIno
1010 3969 1079 4026 libro
1097 3971 1197 4026 recessi
1214 3985 1266 4026 uec
1283 3968 1341 4027 fere
1358 3971 1386 4026 iu
1403 3969 1574 4042 grumodbus
1592 3970 1645 4026 uisi
1663 3969 1712 4026 ubi

285 4076 366 4133 lectio
388 4075 498 4132 diuersa
520 4091 576 4132 uon
598 4077 685 4133 solum
708 4091 759 4132 sua
781 4075 867 4146 ipsius
889 4075 1081 4146 probabilitate
1105 4077 1353 4148 commendaretur,
1377 4077 1530 4132 sedetiam
1553 4077 1711 4134 testimonio

286 4183 378 4254 aliquo
395 4183 502 4254 idoneo,
521 4183 639 4239 maxime
656 4184 833 4254 interpretum
847 4181 1025 4239 Graecorum:
1044 4200 1107 4239 uam
1122 4189 1264 4254 praeterea
1276 4199 1440 4255 quamquam
1453 4183 1614 4253 saepissime
1626 4183 1712 4254 liquet

286 4289 322 4346 de
334 4291 495 4361 corruptela,
507 4305 591 4362 saepe
603 4290 685 4346 etiam
697 4289 851 4346 emendatio
864 4291 986 4360 suppetit
1001 4291 1046 4347 uel
1062 4295 1138 4346 certa
1155 4291 1199 4346 uel
1215 4289 1372 4360 probabilis,
1390 4297 1482 4346 tamen
1499 4290 1659 4361 plerumque
1671 4289 1712 4344 iu·

287 4401 391 4452 certum
410 4399 467 4468 est,
489 4397 590 4454 menda
606 4401 697 4454 uuum
720 4397 854 4454 recentior
876 4397 914 4454 sit
931 4397 1080 4454 Iustiniauo
1101 4413 1136 4453 su
1154 4397 1260 4467 inipso
1278 4396 1446 4467 digestorum
1464 4396 1613 4469 archetypo
1630 4395 1713 4452 tuerit

287 4508 432 4574 propterea
449 4501 484 4560 ab
502 4519 596 4560 eorum
614 4503 718 4562 editore
730 4519 785 4560 nou
797 4502 925 4561 tollenda.
948 4504 1041 4574 itaque
1053 4503 1124 4560 bunc
1135 4504 1208 4560 uiam
1220 4504 1305 4574 tenui,
1324 4509 1354 4559 ut
1365 4519 1436 4575 quae
1448 4509 1591 4574 praetores
1600 4507 1711 4574 praesto

288 4615 381 4666 essem
398 4610 618 4668 emendationum
635 4611 756 4681 pericula
773 4609 956 4680 probabiliora
973 4611 1017 4666 uel
1035 4609 1071 4666 ab
1081 4611 1149 4666 sliis
1167 4611 1279 4666 inuenta
1296 4610 1340 4666 uel
1359 4625 1376 4666 a
1394 4624 1437 4666 me
1455 4610 1618 4680 excogitate,
1636 4624 1670 4665 ea
1683 4608 1711 4665 iu

287 4717 343 4773 ima
360 4717 483 4788 margine
499 4717 539 4773 ita
556 4717 752 4789 adscriberem,
773 4723 804 4774 ut
821 4732 909 4788 neque
927 4717 1063 4773 uariarum
1082 4717 1226 4773 lectionum
1245 4715 1472 4772 immundiciebus
1490 4716 1711 4786 demergerentur

287 4840 339 4880 uec
356 4823 435 4880 facile
453 4824 604 4894 effugerent
621 4839 669 4880 eos
686 4825 733 4896 qui
751 4829 856 4880 textum
875 4823 977 4893 legunt.
1004 4828 1099 4879 contra
1112 4824 1335 4894 interpolationes
1348 4829 1488 4879 cucurum
1501 4823 1709 4878 Iustiniauorum

271 4931 442 4998 plerumque
463 4946 520 4987 noo
539 4931 677 4988 indicaui:
700 4944 734 4988 ea
752 4930 823 4987 enim
842 4944 940 5002 opera,
964 4935 995 4985 ut
1011 4928 1082 5000 diri,
1105 4945 1159 4986 nou
1177 4936 1233 4986 tam
1251 4930 1419 5000 digestorum
1438 4929 1550 4986 editoris
1567 4935 1611 4986 est
1628 4943 1709 5000 quam
