3652 5362
261 189 395 258 XXVIII
415 191 435 256 8
455 195 551 251 7-11
936 179 1024 263 866
1293 203 1339 251 nu
1361 201 1449 252 ruse
1474 199 1732 252 premensem

262 347 343 402 'mino
360 341 544 417 postulabitur
561 347 671 413 tempus
689 343 725 398 sd
743 341 957 412 deliberandum,
977 357 1013 398 an
1031 341 1161 413 expediat
1178 355 1242 397 snm
1259 339 1445 398 hereditatem
1464 341 1609 411 retinere,
1629 343 1663 394 ot
1678 337 1729 394 hes

263 435 364 490 'datum
384 435 434 490 sIt:
453 434 477 490 si
494 433 568 489 iusta
586 447 670 488 neusa
688 447 750 488 esse
768 431 914 501 uidebitur,
932 430 1007 488 bona
1023 431 1129 486 interea
1147 429 1268 486 deminui
1284 431 1338 486 nisi
1355 431 1394 487 eil
1408 445 1500 486 oense
1521 429 1648 499 oogmta
1665 425 1728 483 boni

230 531 244 576 1
264 523 323 580 ‘uiri
340 521 473 579 arbitratu
491 521 608 578 uetsbo'.
644 521 742 577 Iterito
759 525 870 592 praetor
886 519 1003 590 Impedit
1018 519 1126 575 interim
1145 518 1367 590 deminutionem,
1385 519 1527 590 quamdin
1547 519 1669 574 nomine
1679 532 1727 588 pu·

230 618 245 664 e
262 613 320 684 pilli
336 613 440 682 petitur
456 615 566 682 tempus
580 610 616 666 ed
628 608 843 666 deliberandum.
880 608 952 675 Quid
969 609 1006 665 sit
1018 613 1110 664 antem
1122 606 1249 664 'demInni
1261 605 1370 664 notabo*
1381 607 1547 664 uideamus.
1573 606 1621 662 hin
1634 604 1726 662 uerbis

262 705 374 772 praetor
390 715 446 757 non
463 703 570 756 tantum
589 699 781 754 alienationem
799 697 926 768 impedit,
949 713 1046 754 uerum
1069 697 1152 752 etium
1171 697 1292 752 aetionee
1310 697 1432 754 exeroeri
1450 711 1510 754 nou
1530 696 1661 766 patitur:
1684 700 1752 750 estl

262 791 335 845 enlm
363 789 511 845 absurdum
539 789 578 858 el,
605 788 650 843 oui
677 788 805 843 alienatio
827 785 1011 858 Interdieitnr,
1037 785 1158 856 permitti
1181 784 1305 841 semones
1328 799 1470 856 ormnem,
1501 789 1536 840 et
1560 785 1605 840 ita
1629 782 1724 839 Labeo

230 877 365 934 seodbit.
402 878 434 932 In
458 891 557 932 neusse
580 880 673 931 antem
696 875 852 945 neguitione
869 875 923 931 boo
939 879 1075 944 uertetur,
1099 889 1135 930 sn
1153 873 1227 929 insta
1244 889 1329 929 osnes
1346 875 1396 945 sit,
1419 877 1453 930 ut
1475 873 1655 930 domiuuere
1674 865 1724 956 [(Ῑ)

263 971 373 1037 prester
390 965 540 1036 permittet
568 979 634 1034 orgo
653 969 682 1020 et
699 961 802 1020 funeris
821 979 906 1020 neusa
924 963 1045 1020 domiuui
1062 962 1211 1034 permittet,
1232 963 1298 1018 item
1316 978 1410 1019 eornm
1429 977 1506 1032 quae
1527 963 1593 1018 sine
1613 961 1724 1032 pisonlo

263 1069 318 1110 non
341 1057 458 1124 possunt
478 1055 630 1125 praeteriri.
657 1051 787 1108 neeoeudi
809 1053 900 1124 gratis
923 1067 1010 1123 seque
1033 1051 1155 1107 deminui
1176 1051 1324 1121 permittet
1351 1051 1401 1107 sed
1422 1057 1452 1106 et
1469 1050 1524 1106 nbi
1542 1054 1667 1120 urguet,
1691 1064 1724 1106 ex

263 1143 324 1198 aliis
341 1157 450 1212 quoque
469 1143 560 1198 nausis
578 1142 735 1213 permittere
753 1155 815 1197 enm
834 1147 951 1212 oportet,
969 1145 1001 1197 ut
1018 1139 1145 1197 aedilitia
1162 1141 1326 1211 sarciantur,
1349 1155 1383 1196 ne
1401 1139 1462 1209 agri
1479 1139 1589 1194 inonlti
1609 1139 1684 1208 sint,
1702 1139 1724 1192 si
1739 1144 1761 1185 ¹⁰

263 1245 318 1301 qne
339 1231 458 1300 psounis
481 1231 534 1287 snb
556 1245 647 1302 poena
669 1229 786 1286 debetur
808 1235 840 1286 nt
857 1231 1030 1301 restituatur,
1054 1243 1089 1286 ne
1106 1230 1223 1300 pignore
1239 1227 1434 1286 dbbahantur.
1465 1243 1505 1282 ex
1526 1228 1593 1283 allis
1611 1241 1725 1298 quoqm

262 1320 342 1376 irretio
361 1320 452 1375 oensis
469 1323 580 1390 praetor
598 1319 690 1376 edituo
707 1319 922 1376 deminutionem
939 1319 1093 1389 permittet:
1117 1334 1208 1390 neque
1225 1318 1297 1375 enlm
1315 1317 1375 1373 sine
1390 1316 1537 1388 permissu
1556 1317 1623 1373 eius
1643 1315 1725 1372 debet

262 1407 413 1464 deminutio
430 1407 498 1465 fieri.

226 1491 245 1550 8
317 1497 396 1551 Iners
418 1495 487 1552 llbro
505 1495 678 1566 sexagesimo
696 1495 785 1566 pulmo
802 1494 838 1550 ad
857 1494 985 1552 edietum.
1023 1495 1052 1551 Si
1070 1495 1132 1566 quis
1149 1509 1216 1551 suus
1233 1493 1326 1565 heres,
1347 1497 1538 1565 posteaquam
1558 1488 1761 1580 QZ

263 1599 294 1640 ee
312 1583 483 1656 abstinuerit,
502 1589 568 1640 tuno
585 1589 664 1656 petat
681 1589 792 1654 tempus
809 1583 845 1640 ad
863 1583 1078 1655 deliberandum,
1096 1583 1249 1654 uideamus,
1268 1583 1461 1654 anImpetrare
1472 1581 1602 1639 debeat:
1622 1585 1724 1654 mugit
1741 1589 1761 1630 ¹¹

263 1687 318 1743 qne
336 1677 386 1743 est,
405 1678 438 1729 ut
455 1688 490 1728 ex
508 1688 592 1729 osnes
610 1671 712 1728 debeat
728 1673 883 1743 Impetrare,
902 1688 964 1728 eum
983 1673 1105 1729 nondum
1122 1671 1197 1728 bona
1213 1671 1356 1727 uenierInt

226 1756 245 1814 9
317 1760 437 1818 Prende
454 1760 523 1817 libro
541 1761 769 1832 quinquagesimo
787 1765 888 1817 nemun
906 1761 942 1817 ad
960 1761 1090 1818 edietum.
1125 1760 1211 1816 lilim
1229 1759 1295 1815 dum
1313 1758 1462 1830 deliberet,
1483 1760 1537 1816 ali-
1558 1755 1760 1848 ΜΒ

264 1853 357 1904 ments
374 1849 475 1906 babere
493 1849 577 1906 debet
594 1865 629 1906 ex
647 1848 807 1906 beredune.

207 1932 246 1991 10
316 1938 497 1994 Menedemus
508 1937 577 1994 libro
590 1938 721 1994 nioesImo
734 1942 833 1994 ontauo
847 1938 1025 2008 digestorum.
1054 1935 1083 1993 Si
1095 1937 1186 2007 piures
1199 1935 1302 2007 gradus
1313 1937 1369 1992 siut
1380 1936 1520 1993 heredum
1541 1933 1760 2026 ΜΒ

263 2024 464 2096 institutorum,
488 2041 538 2096 per
555 2027 679 2096 singulos
697 2025 906 2084 obseruatnrum
924 2041 955 2083 se
974 2027 1013 2082 ait
1029 2031 1140 2096 praetor
1156 2023 1186 2080 id
1203 2025 1296 2094 qnod¹
1312 2023 1504 2096 praefiniendo
1523 2031 1663 2100 tompore
1680 2029 1724 2086 de
1739 2034 1761 2076 Ν

262 2113 431 2170 liberationis
454 2115 552 2186 sdioit,
575 2115 706 2171 uidelioet
727 2120 760 2171 nt
782 2131 801 2171 s
822 2116 911 2186 primo
933 2129 1043 2185 qnoque
1064 2114 1101 2170 sd
1122 2117 1283 2184 menonem
1300 2115 1435 2170 trsnslata
1452 2113 1624 2174 hereditate
1642 2134 1724 2190 qnam

263 2204 380 2273 primum
398 2204 521 2260 iuueniat
538 2219 735 2276 subsessorem,
754 2205 800 2276 qni
819 2204 907 2274 possit
924 2202 1047 2258 tamnen
1064 2201 1245 2258 oreditoribus
1262 2202 1437 2272 respondere.

207 2287 244 2346 11
316 2291 487 2349 Iauouenue
509 2291 578 2348 libro
601 2297 700 2363 quarto
723 2306 759 2348 ex
781 2291 978 2362 posterioribus
995 2290 1140 2348 Labeonis.
1177 2290 1229 2358 Qui
1250 2289 1335 2346 fillum
1355 2291 1519 2348 llbertlnum
1540 2290 1754 2380 ΜΕ

263 2379 391 2451 babebat,
410 2380 538 2436 heredem
557 2396 620 2437 eum
638 2380 803 2452 institueret,
821 2379 921 2437 deiude
939 2381 979 2435 its
995 2379 1156 2449 seripserat:
1175 2381 1185 2449 11
1203 2379 1234 2436 'si
1252 2379 1316 2436 mibi
1333 2379 1405 2446 filine
1423 2381 1523 2438 nullus
1543 2385 1610 2455 erIt,
1630 2387 1680 2456 qui
1696 2387 1722 2441 in
1735 2385 1783 2432 till
1825 2432 1826 2443 ,

264 2467 351 2524 'suam
369 2471 483 2525 tutelam
500 2471 604 2540 ueniat,
622 2473 682 2525 tum
693 2469 784 2526 Dama
802 2483 899 2525 seruus
915 2467 985 2524 luber
1002 2467 1085 2523 esto’:
1102 2468 1145 2524 ⁸is
1162 2466 1234 2524 iilius
1246 2468 1365 2539 pupillus
1374 2467 1528 2527 libertinus
1541 2479 1622 2529 erat:
1642 2491 1723 2546 quse
1737 2477 1759 2520 ¹⁶
1824 2482 1826 2529 t

263 2557 384 2628 robatur,
403 2559 427 2614 si
438 2559 528 2614 Dema
545 2557 614 2614 liber
631 2561 715 2614 meet.
742 2557 889 2614 Trebatius
906 2561 998 2628 negat,
1017 2557 1082 2626 qnia
1098 2554 1147 2613 tilii
1166 2559 1348 2629 appellatione
1364 2556 1515 2615 libertinus
1528 2575 1651 2633 qnoque
1662 2579 1723 2620 eon·
1824 2548 1826 2631 ξ

263 2646 410 2702 tiseretnr:
428 2647 522 2703 Labeo
534 2651 638 2717 oontrs,
655 2647 721 2716 qnia
732 2661 766 2702 eo
777 2647 838 2703 loeo
850 2659 946 2702 uemm
958 2643 1044 2701 fllium
1057 2646 1145 2717 aooipi
1155 2649 1272 2718 oportet
1296 2643 1420 2702 Trebatii
1433 2650 1615 2708 sententiam
1628 2653 1723 2724 probo,

265 2734 289 2788 si
305 2739 400 2814 tamen
416 2739 578 2791 testatorem
595 2735 631 2791 ds
648 2734 701 2791 boo
717 2733 774 2790 lilio
790 2736 912 2790 loentum
929 2749 991 2791 esse
1009 2740 1133 2806 eppnret

265 2839 490 2911 umorem)

265 2939 1725 3116 Rom

267 3199 533 3270 lpostulunitnrl'¹
549 3202 555 3268 1
570 3201 615 3270 an]
635 3201 671 3257 ad
685 3201 722 3255 ΡΙ
738 3202 742 3270 Ι
758 3201 897 3272 expediet]
910 3217 956 3258 ex·
1010 3201 1118 3271 bantur]
1143 3201 1357 3258 dhuetralnantnr
1374 3203 1412 3256 μ
1477 3207 1518 3262 12
1538 3224 1650 3269 seusu
1668 3213 1725 3285 ml

265 3272 359 3341 peniet
375 3273 413 3324 1⁷·
448 3272 671 3328 2uideniturF¹
707 3272 958 3344 bim‘Im’peditF’
1009 3275 1151 3342 permittat
1169 3276 1206 3329 F·
1250 3275 1285 3329 14
1301 3279 1513 3346 postemquarn
1531 3281 1574 3334 1²²
1620 3287 1656 3341 17
1675 3286 1729 3341 stli-

264 3343 401 3398 anenno
420 3345 456 3398 ΡΙ
472 3345 477 3412 Ι
493 3344 586 3400 nernIs
603 3344 630 3397 F
678 3345 823 3415 Iunone]
841 3346 964 3400 oausaF
1010 3349 1112 3400 menta*
1125 3343 1162 3400 F*
1216 3347 1250 3400 21
1267 3347 1433 3403 trmdatam
1452 3347 1677 3414 huted'rtatetml
1695 3358 1729 3412 Ρ

265 3413 389 3483 bedae
407 3415 444 3468 Ρ)
498 3415 532 3471 11
553 3413 606 3472 sub
622 3429 714 3486 poena
730 3416 770 3472 tte
787 3418 824 3470 F*
839 3417 844 3486 Ι
860 3415 957 3472 distre
1010 3416 1047 3472 24
1063 3417 1093 3472 iu
1109 3413 1198 3487 enum]
1215 3417 1332 3474 insulam
1349 3419 1377 3472 F
