3698 5364
173 184 262 251 XXV
283 187 304 250 4
324 193 338 244 1
359 219 392 230 -
411 185 432 250 5
451 192 468 245 2
847 177 933 255 742
1101 200 1131 248 er
1145 199 1293 248 usurars
1309 199 1443 248 romnus
1459 199 1621 248 nutriens

174 341 236 396 dam
256 344 348 396 tamen
367 341 440 395 circa
456 345 564 409 partum
584 338 793 394 custodiendum
812 337 924 392 arbitrio
942 339 1076 408 praetoris
1100 353 1161 394 esse
1186 338 1370 394 concedenda.
1397 354 1479 408 quam
1505 343 1620 394 senten·

174 430 239 484 dem
252 435 320 500 puto
334 444 440 484 ueram:
459 428 568 498 publice
581 429 652 483 enim
665 425 780 482 interest
792 432 888 496 partus
902 442 956 482 uon
970 427 1065 496 subici,
1083 433 1115 482 ut
1127 429 1250 482 ordinum
1264 427 1384 496 dignitas
1396 425 1620 497 familiarumque

175 519 253 574 salua
271 519 319 572 sit:
342 518 458 587 ideoque
478 518 560 572 etiam
580 531 676 572 seruus
694 517 760 585 iste,
785 531 847 570 cum
866 517 948 570 sitin
967 531 1016 585 spe
1034 517 1200 572 constitutus
1218 516 1413 586 successionis,
1436 517 1620 586 qualisqualis

128 615 157 660 14
175 609 223 676 sit,
248 607 331 662 debet
355 606 442 661 audiri
466 621 522 660 rem
546 611 574 660 et
597 605 734 675 publicam
759 610 788 658 et
809 620 886 658 suam
911 619 1018 674 gerens.
1055 605 1217 660 Denuntiari
1239 611 1331 660 antem
1349 609 1458 674 oporiet
1476 602 1620 688 [W

175 696 225 764 hir,
245 711 313 766 quos
332 695 457 763 proxima
475 710 538 764 spes
557 693 739 750 successionis
758 693 905 762 contingit,
931 699 962 748 ut
978 697 1047 764 puta
1066 693 1155 763 primo
1173 695 1261 763 gradu
1284 694 1378 748 heredi
1401 695 1527 750 instituto
1551 699 1620 762 (non
1641 703 1657 744 ὅ

175 785 257 839 ctiam
276 783 436 850 substituto)
454 785 491 852 et,
511 783 534 838 ei
552 784 698 837 intestatus
717 787 795 852 pater
807 781 924 838 familiae
937 784 981 851 sit,
1001 791 1024 838 ei
1036 785 1083 852 qui
1095 784 1211 852 primum
1224 785 1314 838 locum
1328 783 1363 838 ab
1378 783 1508 840 intestato
1526 789 1620 840 tenet:

128 879 157 925 15
175 874 199 928 si
217 888 283 928 uero
301 873 392 941 plures
411 873 466 926 sint
484 872 564 926 simul
582 871 750 940 successuri,
770 869 896 926 omnibus
915 870 1131 928 denuntiandum
1150 877 1202 927 est.
1238 872 1318 937 Quod
1336 877 1428 927 autem
1447 879 1561 942 praetor
1580 875 1622 929 ait

175 977 259 1016 causa
277 963 388 1029 cognita
406 976 435 1015 se
454 961 655 1031 possessionem
674 975 728 1015 non
747 959 874 1014 daturum
893 961 937 1014 uel
956 961 1077 1015 actiones
1097 961 1310 1030 denegaturum,
1329 975 1362 1016 eo
1380 962 1511 1030 pertinet,
1533 966 1576 1031 ut,
1597 963 1622 1018 si

175 1065 224 1119 per
247 1051 426 1112 rusticitatem
451 1049 553 1118 aliquid
576 1047 658 1103 fuerit
681 1049 813 1104 omissum
833 1047 842 1117 ll
863 1061 897 1102 ex
922 1047 963 1102 iris
986 1065 1058 1117 quae
1081 1055 1191 1119 praetor
1214 1050 1317 1104 seruari
1339 1051 1439 1118 uoluit,
1463 1066 1517 1105 non
1543 1050 1622 1106 obsit
1642 1053 1726 1103 tese'

174 1139 273 1210 partui.
301 1139 382 1207 quale
400 1143 443 1192 cst
461 1139 547 1206 enim,
571 1138 595 1192 si
613 1137 695 1206 quid¹
715 1151 749 1190 ex
767 1135 822 1206 his,
848 1152 918 1206 quae
935 1138 1034 1192 leuiter
1051 1137 1224 1194 obseruanda
1241 1145 1351 1208 praetor
1368 1138 1465 1208 edixit,
1489 1154 1545 1194 non
1566 1135 1620 1222 [(Ῑ)
1645 1149 1675 1187 1⁰

176 1228 213 1282 sit
230 1226 347 1296 facturn,
371 1227 461 1296 partui
480 1226 610 1294 denegari
628 1225 760 1280 bonorum
779 1226 994 1294 possessionem:
1019 1226 1068 1281 sed
1087 1242 1146 1282 mos
1170 1227 1289 1295 regionis
1308 1227 1494 1296 inspiciendus
1512 1232 1571 1298 est,
1593 1235 1623 1282 et

175 1315 326 1370 secundum
345 1330 408 1369 eum
427 1321 455 1369 et
472 1314 613 1370 obseruari
630 1319 755 1368 uentrem
774 1319 803 1368 et
818 1317 927 1382 partum
946 1320 975 1368 et
991 1313 1122 1370 infantem
1142 1318 1259 1384 oportet.

139 1400 157 1457 2
228 1405 370 1460 fucramus
394 1403 463 1458 libro
487 1403 618 1458 uicesimo
639 1407 737 1471 quarto
761 1401 939 1471 digestorum.
982 1403 1109 1458 Edictum
1133 1403 1168 1458 de
1191 1404 1371 1460 custodiendo
1394 1409 1475 1473 partu
1499 1403 1622 1473 deroga·
1645 1400 1667 1453 S

144 1500 156 1544 1
176 1493 275 1548 lorium
294 1496 337 1546 est
355 1492 422 1560 eius,
441 1491 516 1560 quod
534 1491 570 1546 ad
584 1489 748 1545 Carboniani
761 1491 865 1546 decreti
877 1491 1031 1561 exemplum
1047 1497 1233 1561 comparatum
1253 1497 1304 1548 est.
1332 1492 1387 1548 Sed
1405 1493 1457 1548 hoc
1475 1489 1623 1576 [Q

176 1581 322 1650 aliquando
340 1581 479 1636 remittere
497 1584 608 1650 praetor
625 1579 716 1648 debet,
735 1579 759 1633 si
777 1594 832 1634 non
850 1579 966 1650 malitia,
988 1579 1038 1634 sed
1056 1580 1191 1650 imperitia
1210 1581 1330 1636 mulieris
1348 1579 1451 1636 factum
1469 1579 1565 1652 fuerit,
1585 1597 1624 1638 ne
1649 1594 1677 1634 re

153 1653 156 1662 Δ
175 1673 272 1722 uenter
290 1669 471 1739 inspiceretur
489 1671 649 1737 autpertus
668 1667 859 1724 custodiretur.

139 1755 157 1812 3
229 1757 348 1812 Pronus
365 1758 434 1812 libro
453 1763 549 1827 quarto
568 1757 674 1812 decimo
694 1756 729 1810 ad
746 1757 892 1811 Plautium.
929 1755 982 1821 Qui
1001 1757 1090 1812 uentri
1104 1756 1271 1813 substitutus
1289 1763 1333 1814 est
1346 1758 1457 1814 nel¹in·
1491 1769 1625 1828 aenae
1648 1764 1677 1817 E

176 1845 297 1914 stitutus,
317 1846 340 1900 si
358 1851 482 1902 uentrem
501 1861 612 1901 seruare
631 1847 705 1915 uelit,
723 1845 876 1900 audiendus
895 1851 946 1900 est.

118 1933 157 1989 ’4
230 1933 389 1989 Scardona
413 1935 482 1990 libro
506 1935 637 1989 uicesimo
661 1935 839 2004 digestorum.
870 1934 903 1988 ·ls
922 1951 939 1987 a
957 1948 1024 2002 quo,
1049 1934 1072 1988 si
1095 1934 1154 1989 sine
1175 1934 1267 1990 liberis
1285 1935 1457 2005 decessisset,
1477 1931 1626 2019 [Q
1650 1943 1677 1997 A

176 2021 310 2090 quidquid
328 2022 363 2078 ad
382 2038 444 2077 eum
463 2037 498 2078 ex
516 2023 595 2078 bonis
613 2023 798 2092 peruenisset,
823 2023 910 2077 sorori
933 2020 1172 2078 fideicommissum
1193 2025 1315 2078 relictum
1335 2029 1407 2092 erat,
1430 2023 1554 2079 decessit
1573 2041 1625 2095 po-
1649 2038 1679 2077 ao

176 2116 268 2165 stume
286 2111 386 2166 herede
403 2111 530 2166 instituta
548 2117 576 2166 et
593 2111 748 2166 substitutis
768 2111 840 2166 aliis:
864 2112 1018 2181 quaesitum
1042 2115 1098 2180 est,
1123 2127 1185 2166 cum
1208 2127 1277 2167 uxor
1298 2111 1420 2168 defuncti
1438 2121 1626 2182 praegustem

176 2213 207 2254 se
225 2199 308 2268 dicet,
328 2215 362 2254 an
381 2200 468 2254 sorori
485 2201 689 2270 procuratoriue
708 2201 767 2254 eius
785 2201 936 2256 secundum
955 2199 1071 2255 formam
1089 2199 1172 2255 edicti
1185 2207 1308 2256 rientrem
1321 2201 1455 2271 inspicere
1467 2206 1496 2256 et
1508 2211 1626 2270 parturn

177 2287 316 2343 custodire
335 2288 547 2357 permittendum
566 2289 610 2343 sit.
639 2289 768 2358 respondi
785 2289 813 2344 in
831 2288 966 2344 eiusmodi
984 2289 1084 2358 specie,
1103 2288 1138 2342 de
1156 2305 1212 2358 qua
1229 2295 1413 2360 quaereretur,
1432 2304 1514 2359 posse
1531 2292 1627 2347 uideri

177 2376 213 2430 ad
231 2376 298 2446 eius,
318 2377 363 2432 cui
380 2375 620 2432 fideicommissum
634 2377 727 2432 datum
740 2383 822 2447 esset,
841 2377 1051 2433 sollicitudinem
1063 2377 1302 2447 perspiciendum¹
1314 2379 1396 2448 idque
1410 2393 1494 2434 causa
1506 2381 1629 2448 cognita

176 2463 361 2520 statuendum.
1044 2487 1046 2492 ·
1650 2479 1679 2518 as

873 2627 912 2711 V

177 2761 214 2839 R
255 2761 296 2838 SI
330 2760 534 2838 UENTRIS
567 2761 747 2838 ΝΟΜΙΝΕ
782 2693 990 2838 MULIERE
1009 2761 1070 2837 ¹IN
1100 2761 1449 2840 POSSESSIONEM
1476 2755 1629 2844 MISSA

177 2885 343 2962 EADEM
390 2886 639 2964 POSSESSIO
689 2887 814 2963 DOLO
860 2887 990 2962 MALO
1032 2887 1098 2962 AD
1140 2885 1288 2964 ALIUM
1330 2888 1625 2969 TRANSLATA

674 3011 790 3088 ESSE
824 3011 1036 3087 DIOATUR
1075 3013 1113 3089 lc

142 3174 156 3228 l
232 3175 382 3230 Ucrrsuus
400 3174 469 3230 libro
488 3175 628 3244 trigesimo
647 3179 744 3246 quarto
763 3176 798 3230 ad
817 3175 946 3230 edictum.
983 3178 1042 3232 Hoc
1061 3177 1151 3233 edicto
1170 3178 1322 3233 rectissime
1340 3183 1449 3247 praetor
1467 3184 1670 3254 prospexit,S
1745 3161 1747 3166 ι

176 3280 226 3333 ne,
245 3264 311 3318 dum
330 3265 358 3318 in
376 3263 499 3319 fauorem
524 3270 618 3332 partus
642 3265 845 3334 possessionem
869 3265 1042 3342 polliceatur,
1067 3267 1127 3321 aliis
1145 3267 1263 3337 praedae
1282 3267 1452 3322 occasionem
1472 3270 1626 3340 praebeat:
1648 3287 1675 3326 er

146 3357 158 3400 l
177 3353 282 3408 Idcirco
301 3353 443 3408 constituit
460 3354 596 3408 actionem
615 3353 643 3407 in
660 3355 816 3423 mulierem,
841 3369 912 3423 quae
936 3355 963 3408 in
987 3356 1070 3409 alium
1090 3355 1160 3410 hanc
1177 3357 1379 3425 possessionem
1398 3357 1460 3412 dolo
1493 3353 1628 3427 Ιῖἑῖῑῑ

177 3442 249 3496 malo
268 3442 414 3498 transtulit.
441 3457 496 3496 non
514 3443 602 3496 solum
621 3443 761 3496 mulierem
778 3447 889 3512 praetor
907 3451 1023 3513 coercet,
1043 3459 1137 3499 uerum
1152 3460 1214 3500 eum
1226 3459 1335 3514 quoque
1348 3446 1377 3499 in
1389 3446 1467 3500 cuiue
1480 3435 1628 3516 potesfaffi

178 3545 212 3584 ea
229 3529 323 3599 fuerit,
348 3531 453 3586 scilicet
470 3531 494 3584 si
512 3530 576 3586 dolo
599 3531 721 3600 ipsorum
740 3531 808 3586 alius
832 3533 860 3586 in
878 3533 1082 3602 possessionem
1101 3531 1184 3589 fuerit
1201 3533 1351 3602 admissus,
1374 3535 1568 3604 actionemque
1595 3539 1627 3593 in

146 3624 160 3666 ‘2
178 3623 284 3674 tantum
303 3619 447 3688 pollicetur
464 3619 493 3673 in
511 3635 572 3687 eos,
591 3620 686 3688 quanti
704 3618 857 3674 interfuerit
874 3621 932 3676 eius
951 3623 998 3690 qui
1017 3623 1164 3692 experitur.
1200 3623 1362 3678 Necessario
1380 3627 1490 3691 praetor
1508 3624 1626 3690 adiecit,
1649 3642 1677 3682 se

178 3711 221 3776 ut,
241 3709 288 3776 qui
306 3722 355 3776 per
373 3708 465 3762 dolum
485 3709 561 3762 rienit
581 3709 610 3762 in
633 3705 848 3777 possessiouem,
868 3714 982 3778 cogatur
1004 3710 1152 3766 decedere:
1177 3716 1259 3779 coget
1281 3715 1373 3765 autem
1396 3725 1458 3765 eum
1482 3711 1627 3770 decedere

178 3813 232 3850 non
250 3783 391 3864 praetoria
405 3800 542 3866 potestate
561 3797 605 3851 nel
624 3811 706 3850 manu
725 3797 924 3865 ministrorum,
948 3799 998 3852 sed
1023 3800 1119 3854 melius
1142 3803 1171 3853 et
1194 3800 1302 3855 ciuilius
1326 3797 1421 3868 faciet,
1445 3800 1468 3854 si
1486 3815 1552 3856 eum
1571 3819 1628 3872 per

145 3890 159 3934 e
177 3885 352 3940 interdictum
371 3885 407 3940 ad
425 3885 468 3940 ius
486 3885 653 3940 ordinarium
672 3885 813 3940 remiserit.
851 3886 969 3941 Interest
987 3893 1079 3943 autem
1099 3888 1158 3943 eius
1176 3889 1223 3957 qui
1242 3889 1380 3958 experitur
1395 3887 1547 3944 admissum
1568 3888 1626 3974 [fis]

178 3973 260 4028 alium
280 3974 308 4028 in
324 3974 527 4042 possessionem
547 3989 601 4029 nou
619 3972 713 4042 fnisse,
732 3990 793 4030 cum
813 3973 883 4030 forte
902 3974 975 4030 bona
992 3974 1047 4031 fide
1066 3975 1171 4033 fructus
1183 3983 1328 4047 perceptos
1341 3979 1552 4048 consumpserit,
1571 3968 1627 4037 aut

178 4063 202 4116 si
220 4062 322 4131 praedo
341 4062 447 4116 uenerit
464 4063 493 4116 in
501 4063 727 4133 ”possessionem
751 4079 840 4132 aquo
858 4059 963 4119 fructus
982 4067 1112 4136 consequi
1131 4081 1185 4122 nou
1203 4066 1305 4137 possit,
1330 4066 1395 4136 quia
1412 4065 1546 4122 soluendo
1565 4085 1627 4126 nou
1648 4085 1677 4126 co

114 4153 129 4198 4
146 4153 159 4199 c
178 4156 229 4204 est.
266 4151 342 4204 Haec
360 4150 432 4206 actio
451 4151 534 4215 etiam
557 4157 621 4220 post
644 4167 744 4206 annum
769 4151 891 4222 dabitur,
914 4154 979 4221 quia
1001 4154 1041 4208 rei
1058 4153 1142 4208 habet
1159 4155 1386 4222 persecutionem.
1424 4155 1460 4209 Et
1477 4151 1625 4238 [defle]

178 4238 202 4292 si
220 4236 276 4292 filia
293 4237 411 4292 familias
428 4240 465 4294 sit
482 4255 554 4309 qnae
572 4239 634 4295 dolo
652 4238 726 4309 fecit,
745 4241 773 4294 in
791 4245 896 4308 patrem
916 4240 1026 4296 dabitur
1043 4243 1124 4311 actio,
1143 4243 1167 4296 si
1185 4243 1252 4310 quid
1270 4244 1305 4298 ad
1325 4259 1387 4298 eum
1405 4233 1624 4314 peruenffiit*

141 4321 159 4377 2
231 4327 351 4384 Pronus
369 4325 438 4382 libro
456 4328 596 4397 trigesimo
615 4329 731 4397 septimo
750 4328 785 4383 ad
804 4329 932 4384 edictum.
970 4331 1040 4385 Dolo
1059 4329 1125 4384 facit
1143 4331 1247 4402 mulier,
1267 4348 1321 4387 non
1339 4347 1410 4402 quae
1428 4333 1456 4387 in
1475 4330 1669 4416 [sesses

177 4433 326 4502 music)
1487 4409 1622 4421 Ἢ

690 4535 850 4544 --.—--—..
853 4537 978 4544 -.---——-
1270 4539 1577 4551 “.“..-,.---
1596 4546 1609 4554 ,-

179 4585 188 4619 ¹
208 4583 288 4652 quale
307 4589 349 4638 est
367 4584 439 4638 enim
458 4583 574 4653 siquid]
594 4583 692 4639 durum
716 4589 759 4638 est
781 4584 853 4640 enim
879 4585 902 4638 si
921 4585 986 4654 quid
1004 4585 1084 4655 quale
1103 4586 1184 4656 quale
1202 4587 1266 4641 est?
1343 4588 1434 4642 ’cum
1453 4595 1553 4645 uentre
1573 4601 1626 4650 ins.

177 4653 206 4722 (ὁ
224 4655 289 4708 uersi
307 4655 355 4710 ricc
374 4655 483 4726 ματρὸς
502 4657 607 4727 [paceio
626 4656 640 4708 fr
660 4655 839 4716 inorarecrac
857 4654 920 4726 aira]
942 4657 1042 4728 Tipuc.)
1115 4657 1345 4727 'respiciendum
1364 4660 1464 4726 (ἄρδω

179 4803 196 4854 2
217 4808 287 4887 puts
309 4805 345 4855 ΡΙ
368 4805 373 4871 Ι
394 4803 644 4873 familiarumqu'a'e
662 4802 709 4859 ΕΗ
756 4807 773 4861 3
796 4806 871 4862 ideo·
924 4805 1238 4876 ilper's’rustic¹'it⁴atem
1246 4808 1283 4862 F‘
1307 4810 1627 4880 lipossessionem⁴F²

178 4887 265 4939 quae
284 4875 322 4926 Γ)
375 4876 580 4944 5conting'u'it
597 4878 635 4930 F²
691 4879 752 4932 eei
769 4879 817 4945 qui
926 4879 960 4932 15
970 4878 1100 4932 militiai*
1128 4882 1161 4934 18
1170 4880 1341 4935 arrdieudrfs
1355 4880 1401 4934 ΕΗ
1435 4882 1626 4956 repostum]

179 4943 263 5012 tenet]
277 4945 873 5016 isqui...tenetFO,isqui...tenentDEl
924 4955 1021 5018 postea
1040 4951 1076 5002 F·
1128 4952 1164 5004 30
1180 4957 1291 5019 proetor
1305 4954 1338 5004 l*
1391 4955 1425 5007 31
1444 4951 1572 5010 fauorem
1586 4959 1626 5010 Ρ
