3584 5326
102 513 170 560 Liber
184 514 235 560 Flo-

88 577 189 632 raptinus
201 591 249 636 quo

113 640 214 698 tempora

117 702 215 761 scriptus

921 113 1041 184 XXXX

262 295 290 350 hi
314 293 361 350 nbi
383 293 469 349 uerba
493 293 608 363 iaciunt,
632 294 781 363 loquuntur
799 290 919 348 tiraces1
937 296 1105 361 utunturque
1123 293 1195 347 notis
1214 291 1397 347 numeralibus
1416 290 1545 347 Graecir²
1562 291 1589 346 in
1608 295 1696 346 traus-

263 401 406 472 positione,
425 401 490 456 item
508 401 582 471 prior
600 401 683 456 etiam
702 401 730 456 iu
748 398 863 455 rubricis
880 398 1055 454 numerandis
1074 401 1112 465 (u.
1125 415 1152 468 p.
1166 398 1238 465 XX).

260 482 262 488 Ι
316 507 376 574 Quo
400 511 523 578 tempore
546 507 614 563 liber
632 507 805 563 Florentinus
823 505 941 577 scriptus
959 506 1008 575 sit,
1027 505 1092 560 item
1110 504 1165 561 duo
1183 505 1229 560 alii
1246 503 1306 559 libri
1324 505 1351 558 in
1370 520 1477 560 summa
1495 519 1524 559 re
1542 507 1617 560 certe
1634 503 1696 558 Flo·

263 616 370 671 rentino
391 629 472 686 pares
494 615 689 686 Neapolitanus
713 619 741 670 et
764 609 1047 682 Pommersleldensis,
1072 612 1177 667 idoneis
1201 611 1368 680 argumentis
1391 609 1497 668 definiri
1518 627 1576 676 non,
1594 615 1696 682 potest,

264 738 327 778 cum
345 721 556 792 palaeographla
568 719 667 776 Latina
684 719 720 775 ad
739 720 900 790 scripturam
920 723 1024 788 septem
1043 719 1163 788 priorum
1181 719 1349 776 sacculorum
1369 717 1498 789 gradibus
1517 723 1546 773 et
1559 717 1696 774 aetatibus

228 845 230 850 ’
263 828 445 885 deliniendam
465 828 554 884 adhuc
574 833 648 882 certe
667 843 721 882 non
738 827 902 898 peruenerit.
932 841 995 881 nam
1014 827 1061 894 qui
1078 826 1138 882 eius
1156 827 1264 896 generis
1282 825 1391 881 codices
1409 825 1489 881 hodie
1508 825 1590 882 modo
1607 827 1696 896 primo

143 2765 249 2840 Subsidia

150 2843 178 2874 aa
198 2842 243 2888 qna

156 2891 243 2950 reliqua

153 3193 214 3241 Libri

116 3257 211 3317 Neapol.
228 3259 251 3303 et

120 3319 246 3366 Pommers-

159 3382 213 3430 feld.

264 936 345 992 modo
363 937 444 992 tertio
462 935 543 991 modo
562 940 641 991 sexto
660 935 769 990 saeculo
786 932 903 989 fidenter
921 932 1087 1002 adiudicant,
1105 934 1124 988 ii
1143 938 1202 989 tuto
1221 932 1330 1003 quidem
1348 937 1447 1002 errant,
1466 948 1528 988 cum
1543 931 1630 988 refelli
1642 949 1698 989 nou

263 1043 383 1114 possint,
407 1042 457 1098 sed
481 1057 546 1098 uere
567 1041 620 1097 hoc
642 1057 725 1096 unum
749 1039 867 1112 probant
890 1054 940 1096 nec
963 1039 1071 1094 subacti
1089 1039 1181 1096 iudicii
1199 1039 1322 1096 homines
1340 1054 1370 1094 se
1389 1054 1451 1094 esse
1469 1054 1520 1095 nec
1537 1040 1619 1096 ualde
1636 1041 1697 1096 reli·

264 1150 365 1220 glesum
395 1149 414 1204 ii
438 1147 591 1218 dequibus
615 1149 723 1218 agimus
745 1147 855 1203 codices
878 1163 940 1202 cum
961 1152 1115 1218 proponant
1142 1146 1239 1202 librum
1264 1147 1439 1217 compilatum
1464 1161 1489 1202 a.
1507 1163 1533 1217 p.
1553 1145 1615 1203 Chr.
1634 1149 1697 1218 533,

264 1261 338 1312 certe
362 1255 413 1312 hoc
435 1256 603 1326 effugerunt,
628 1258 659 1310 ut
679 1259 790 1326 propter
814 1254 933 1311 rationes
956 1235 1198 1325 palaeog'rspbicas
1226 1255 1318 1310 nescio
1344 1269 1414 1324 quas
1443 1254 1610 1324 antiquiores
1637 1269 1697 1310 sas·

264 1365 325 1420 culo
348 1369 427 1418 sexto
449 1362 647 1418 iudicarentur:
672 1362 700 1416 iu
723 1375 756 1416 eo
779 1365 872 1416 autem
896 1365 987 1416 utrum
1010 1361 1212 1417 consistendum
1238 1362 1327 1416 sitan
1345 1361 1455 1416 saeculo
1473 1362 1590 1430 septimo
1608 1362 1698 1432 magis

264 1469 427 1540 adsignandi
445 1470 513 1538 sint,
537 1468 625 1524 adhuc
643 1469 809 1538 ignoramus.
837 1467 1030 1538 orthographia
1048 1467 1158 1538 quidem
1176 1468 1302 1538 puritatis
1320 1469 1378 1524 eius
1402 1475 1457 1538 est,
1476 1483 1547 1538 quae
1565 1468 1699 1524 Prisciani

266 1575 425 1647 aequalibus
452 1576 611 1631 conueniat:
639 1576 693 1646 ita,
724 1577 756 1630 ιιι
782 1590 867 1630 uuum
894 1575 954 1630 eius
980 1575 1089 1644 generis
1115 1579 1305 1645 argumentum
1328 1573 1411 1646 idque
1434 1575 1554 1631 omnium
1578 1576 1698 1632 maxime

265 1681 440 1740 memorabile
462 1698 576 1752 ponam,
600 1683 628 1737 in
652 1686 745 1737 tantae
768 1681 847 1736 molis
871 1681 1009 1736 uolumine
1027 1697 1161 1752 nusquam
1181 1682 1300 1752 reperies
1317 1682 1422 1737 litteras
1440 1702 1454 1737 c
1471 1685 1500 1736 ct
1518 1691 1527 1737 t
1545 1686 1608 1737 ante
1628 1691 1638 1738 ι’
1656 1698 1698 1738 sa·

264 1793 366 1861 quante
384 1791 470 1844 altera
487 1790 575 1846 uocali
593 1789 664 1844 inter
681 1804 711 1844 se
728 1788 923 1859 permutatam.
954 1787 1003 1844 sed
1021 1805 1075 1844 nou
1096 1794 1241 1859 propterea
1258 1789 1443 1857 contenderim
1461 1788 1558 1845 lihruru
1578 1791 1698 1846 maxime

265 1913 284 1952 a
301 1895 414 1954 Graecis
432 1895 587 1952 hominibus
605 1899 747 1952 exaratum
766 1895 920 1950 necessario
938 1893 1069 1966 scriptum
1088 1909 1149 1950 esse
1167 1901 1231 1950 ante
1249 1896 1387 1951 saeculum
1407 1897 1562 1967 septimum.
1593 1911 1609 1952 e
1633 1912 1697 1953 con·

266 2004 348 2060 trario
371 2003 444 2073 quod
468 2003 640 2059 Florentinus
662 2002 730 2058 liber
753 2002 907 2072 descriptus
930 2006 974 2056 est
995 2017 1029 2056 ex
1052 2001 1147 2057 codiee
1169 2001 1328 2072 imperfecto
1347 2018 1436 2073 neque
1455 2019 1509 2059 uno
1526 2004 1587 2060 loco
1603 2003 1698 2060 hiante

265 2115 358 2183 potest
375 2109 484 2180 quidem
505 2125 537 2165 eo
558 2109 673 2180 ducere,
696 2113 728 2165 ut
751 2109 920 2180 aliquantum
942 2109 1073 2180 temporis
1096 2109 1280 2166 intercesserit
1300 2110 1371 2164 inter
1391 2110 1452 2166 eius
1471 2111 1698 2182 perscriptionem

266 2223 295 2275 et
318 2223 438 2275 aetatem
456 2218 647 2273 lastinianum:
671 2216 720 2272 sed
744 2232 806 2272 cum
829 2213 970 2287 probabile
994 2217 1032 2271 sit
1053 2230 1087 2270 ne
1111 2231 1144 2272 aa
1166 2217 1275 2286 quidem
1301 2222 1391 2272 aetate
1414 2217 1583 2288 digestorum
1606 2235 1699 2275 exem·

266 2327 353 2398 plaria
370 2340 470 2395 magno
489 2339 602 2380 numero
620 2323 787 2394 prostitisse,
811 2337 846 2380 ne
863 2323 916 2378 hoc
933 2323 1043 2394 quidem
1062 2324 1177 2378 multum
1195 2323 1308 2393 prohat,
1328 2325 1444 2380 maxime
1462 2326 1485 2380 si
1504 2341 1604 2396 ponas,
1624 2327 1699 2396 qnod

267 2433 411 2504 quominus
428 2447 563 2502 ponamus
581 2430 646 2486 nihil
663 2430 790 2502 impedit,
813 2429 912 2486 librum
933 2430 1063 2500 scriptum
1087 2445 1148 2486 esse
1172 2445 1225 2486 non
1250 2430 1497 2503 Constantinopoli,
1523 2433 1618 2488 sedin
1637 2449 1699 2504 pro·

267 2541 365 2611 uincla,
383 2537 460 2596 uerbi
478 2554 563 2594 eausa
580 2539 722 2594 Messanae
740 2537 785 2594 uel
803 2537 1021 2593 Thessalonicae.

319 2755 431 2810 Praeter
448 2752 570 2810 codicem
589 2751 774 2806 Florentinum
797 2765 867 2821 quae
892 2749 1000 2820 digesta
1017 2751 1222 2821 recognoscenti
1246 2757 1356 2822 praesto
1379 2757 1443 2808 sunt
1465 2751 1602 2824 subsidia,
1627 2768 1699 2824 quae

267 2860 376 2932 quidem
396 2865 499 2916 certum
520 2860 556 2914 sit
572 2874 627 2914 non
645 2873 680 2914 ex
697 2857 743 2913 illo
761 2857 822 2927 ipso
839 2855 907 2912 libro
921 2857 1004 2912 ducta
1015 2873 1076 2912 esse
1088 2858 1180 2928 itaque
1192 2874 1285 2929 parem
1299 2861 1489 2915 auctoritatem
1502 2859 1603 2917 hahere
1615 2867 1699 2932 atque

266 2967 460 3038 Florentinum,
479 2967 579 3035 exigua
597 2969 661 3020 runt
678 2979 765 3035 eoque
788 2965 905 3020 maxime
927 2964 1035 3020 nomine
1053 2965 1144 3035 utilia,
1168 2965 1241 3035 quod
1264 2964 1368 3021 faciunt
1391 2967 1426 3021 ad
1448 2967 1570 3022 codicem
1588 2967 1699 3025 Floren-

267 3076 353 3131 tinum
377 3079 451 3130 recte
474 3072 683 3167 aestimandum.
716 3076 745 3126 et
766 3071 882 3127 duorum
906 3071 1016 3141 quidem
1041 3072 1164 3128 codicum
1188 3073 1262 3143 paris
1285 3074 1445 3146 supparisue
1473 3075 1571 3130 aetatis
1598 3091 1700 3144 paruas

267 3182 410 3252 reliquias,
428 3181 494 3236 solia
511 3181 688 3251 palimpsesta
708 3183 838 3250 quattuor
854 3179 1034 3249 Neapolitana
1052 3179 1122 3250 (Ν),
1141 3195 1212 3250 quae
1230 3185 1335 3250 partem
1354 3182 1494 3236 continent
1511 3181 1572 3237 libri
1590 3183 1700 3256 decimi,

268 3293 297 3346 et
314 3290 342 3344 in
360 3304 465 3362 papyro
483 3288 599 3357 scriptas
616 3287 729 3342 lacinias
746 3284 1033 3358 Pommersfeldcnses,
1051 3301 1121 3357 quae
1139 3288 1277 3357 pertinent
1294 3287 1330 3342 ad
1344 3287 1443 3344 librum
1458 3288 1700 3359 quadragesimum

268 3397 406 3468 quintum,
431 3411 481 3451 nos
505 3395 690 3464 expressimus
712 3393 741 3448 iu
759 3393 905 3449 uoluminis
921 3393 1019 3463 prioris
1038 3393 1232 3450 additamentis
1253 3395 1341 3464 primo
1366 3395 1540 3466 secundoque
1560 3395 1654 3466 ibique
1672 3397 1700 3452 in

279 3685 281 3690 ·
323 3649 332 3684 ¹
359 3643 445 3708 Oibin
464 3644 542 3699 itiner
566 3644 599 3695 ad
621 3644 646 3706 Ι,
665 3644 714 3728 48,
733 3643 776 3696 32.
800 3675 830 3682 -
855 3643 942 3706 'loire
965 3643 997 3698 τὸ
1021 3642 1161 3710 iniremus
1183 3646 1332 3709 τειεγτιῖὀιι
1356 3645 1425 3700 ieris
1449 3646 1497 3709 τοῨ
1520 3647 1701 3718 προΑιΒόιιτοι

269 3737 364 3800 τιτλογ,
385 3734 451 3798 ὃιιογ
469 3733 501 3787 τὸ
520 3733 625 3788 cancico
645 3735 679 3786 ad
696 3735 717 3796 1,
730 3733 790 3796 902,
803 3733 846 3785 42.
862 3764 892 3773 -
907 3731 994 3795 ΟῨτοι
1007 3733 1022 3788 ὁ
1034 3734 1121 3788 τίτλοι
1140 3734 1203 3790 ueri
1221 3735 1268 3789 τὸιι
1281 3736 1341 3790 'ezec
1355 3733 1423 3791 ieris
1439 3738 1471 3788 ad
1489 3738 1522 3800 11,
1536 3737 1597 3800 298,
1611 3739 1654 3791 17.
1669 3769 1700 3776 -

270 3825 344 3880 Zrirer
370 3826 408 3890 (ut
431 3825 541 3891 uidetur)
567 3823 598 3874 ad
621 3822 705 3874 hiatus
728 3824 880 3891 adscriptum
899 3825 932 3876 ad
949 3825 982 3886 11,
1001 3825 1062 3888 856,
1080 3825 1123 3876 25.
1148 3825 1208 3887 861,
1229 3826 1268 3877 13.
1296 3857 1324 3864 -
1351 3827 1436 3888 ‘loire
1455 3825 1487 3880 τὸ
1504 3826 1644 3880 ιιειιτὶιλιοιι
1665 3811 1702 3881 'o‘a

270 3913 338 3969 'acria
358 3915 396 3967 sai
416 3913 521 3984 canptirc
540 3911 659 3983 ῥὲριιιτιι
685 3912 719 3978 (ιι.
738 3913 811 3964 huius
830 3914 909 3980 praef.
928 3931 954 3981 p.
967 3914 1041 3966 XXX
1059 3932 1085 3965 n.
1099 3916 1133 3981 l).
1240 3913 1252 3949 ²
1274 3915 1316 3966 Sic
1334 3916 1359 3966 in
1377 3916 1518 3982 primordiis
1537 3916 1571 3982 (ιι.
1589 3934 1615 3982 p.
1627 3917 1701 3984 111'),

270 4006 329 4057 item
353 4005 385 4056 ad
407 4004 428 4065 I,
444 4004 502 4064 131,
515 4001 557 4054 29.
581 4002 614 4064 Π,
627 4001 688 4064 432,
701 4001 743 4054 28.
764 4003 825 4065 892,
840 4002 881 4054 10.
986 4003 998 4037 ⁸
1023 4003 1097 4066 Quod
1124 4004 1229 4055 dimmus
1250 4004 1282 4055 de
1302 4004 1422 4068 librariis,
1446 4007 1507 4057 item
1529 4007 1646 4073 peruenit
1668 4007 1702 4058 ad

270 4094 445 4146 emendatores
463 4103 531 4143 certe
549 4091 699 4144 ordinarios:
724 4110 783 4144 nam
800 4093 834 4154 11,
851 4091 912 4156 755,
931 4091 948 4142 2
966 4101 1090 4145 corrector
1113 4111 1164 4145 uon
1187 4093 1338 4156 ordinarius,
1363 4095 1479 4161 antiquus
1502 4105 1587 4146 tamen
1605 4095 1648 4160 (cf.
1666 4095 1701 4159 II,

271 4183 331 4245 774,
347 4183 389 4249 12)
414 4199 444 4232 er
467 4189 549 4252 epeies
571 4181 631 4232 fecit
653 4188 745 4249 apelles
767 4181 809 4247 (ci.
829 4183 862 4233 de
884 4182 932 4234 hoc
954 4183 1108 4235 barbarismo
1125 4183 1252 4250 Hauptius
1272 4184 1299 4234 in
1316 4183 1426 4236 Hermae
1444 4183 1493 4236 uoL
1506 4183 1531 4235 11
1549 4203 1574 4252 p.
1590 4185 1642 4252 12).
1667 4215 1701 4232 ψ

270 4274 309 4325 Dc
327 4273 383 4339 ipsa
401 4288 427 4322 re
445 4271 504 4322 uide
523 4288 587 4336 quae
606 4270 706 4337 collegit
724 4271 860 4322 Gerasenos
874 4269 1039 4342 Ausopracbe
1057 4271 1450 4338 deatar.l,52mq.2,1003
1469 4274 1510 4325 ed.
1529 4273 1640 4336 alterius,
1659 4275 1703 4341 qui

271 4379 326 4413 cum
344 4361 452 4427 priorum
471 4377 567 4411 errores
585 4359 676 4412 multos
694 4359 830 4422 sustulerit,
849 4360 910 4413 alios
922 4361 1030 4427 reliquit.
1057 4362 1093 4412 ita
1104 4379 1261 4427 nequaquam
1273 4379 1360 4414 uerum
1372 4371 1410 4414 est
1423 4382 1438 4413 a
1452 4363 1629 4416 commodam
1642 4382 1701 4416 sae-

270 4451 319 4502 culi
337 4449 403 4502 tertii
421 4458 522 4501 auctore
539 4450 565 4499 in
584 4450 800 4516 concupiscentiae
818 4449 939 4502 uocabulo
957 4459 1046 4516 quarto
1064 4470 1079 4502 a
1097 4451 1147 4502 fine
1165 4451 1219 4502 loco
1238 4471 1251 4506 e
1269 4451 1378 4502 litteram
1396 4453 1510 4517 agnosci:
1535 4453 1610 4504 immo
1633 4455 1702 4520 apud

271 4557 328 4592 eum
350 4537 407 4605 (1.2
426 4555 446 4590 c.
460 4538 503 4604 22)
527 4557 572 4604 pro
597 4558 651 4592 earu
670 4539 828 4590 scribendum
846 4547 886 4590 eet
903 4546 943 4605 ta,
967 4549 996 4591 ut
1012 4541 1137 4606 Hauptius
1159 4541 1229 4593 uidit.
1262 4558 1309 4592 uec
1326 4541 1406 4607 magis
1424 4541 1552 4592 fidendum
1570 4550 1609 4593 cat
1628 4543 1702 4596 titulo

271 4629 390 4680 Africano
403 4629 495 4694 scripto
508 4627 646 4694 imperante
659 4627 812 4690 Alexandro,
830 4646 861 4680 ex
877 4647 925 4695 quo
937 4629 998 4682 talia
1011 4630 1178 4696 proferuntur.
1205 4630 1320 4696 equidem
1332 4648 1378 4696 pro
1390 4639 1458 4682 certo
1470 4632 1552 4683 habeo
1570 4631 1625 4682 eius
1643 4648 1700 4683 cor-

271 4717 384 4784 ruptelae
402 4718 589 4784 usurpationem
606 4718 719 4784 coepisse
738 4727 808 4770 sexto
827 4719 926 4770 demum
944 4719 1044 4771 sacculo
1062 4737 1142 4785 eoque
1161 4729 1267 4771 exeunte
1284 4721 1364 4786 magia
1377 4738 1451 4785 quam
1463 4720 1606 4787 incipiente.
1633 4731 1702 4773 certe

270 4807 386 4874 Byzantii
405 4807 541 4873 prudentes
560 4808 649 4859 aetatis
667 4807 821 4860 Iustinianae
839 4807 937 4860 Graece
956 4809 1067 4860 scribunt
1090 4807 1270 4874 soohrurhooc,
1295 4809 1490 4876 urrueparirooc,
1516 4807 1629 4873 ιιιὲκιει,
1654 4829 1702 4863 nec

270 4897 318 4950 nisi
336 4897 361 4950 iu
380 4897 479 4950 scholiis
493 4898 679 4960 recentioribus,
698 4898 723 4948 id
736 4905 775 4948 est
786 4915 836 4949 nou
850 4899 1014 4950 anterioribus
1027 4898 1126 4950 saeculo
1139 4916 1213 4960 nono,
1231 4899 1342 4966 reperies
1356 4899 1539 4955 souhrsrirzroc
1554 4901 1701 4968 similiaque.
