4320 5340
922 713 928 721 '
968 701 1054 800 llll.

554 931 724 1012 uenero
752 919 980 1012 meurs
1006 931 1463 1038 uoonsrurluorurr

759 1079 844 1149 (blo.
863 1081 933 1138 LlB.
951 1081 1047 1138 XXVI
1064 1079 1113 1136 ET
1131 1079 1258 1148 XXVII).
1472 1103 1474 1106 ·

344 1203 471 1300 Codieas
489 1242 659 1312 digestorum
677 1247 813 1313 qoomnot
830 1247 926 1298 exunt
945 1245 1010 1311 post
1026 1239 1205 1302 retrusum
1229 1243 1348 1296 aetutem
1362 1241 1478 1298 exorati
1495 1239 1603 1298 Graeoe
1624 1243 1729 1314 poesim

288 1333 393 1389 inserta
409 1348 427 1387 a
444 1331 668 1401 oompllstorlbns
685 1332 740 1400 elil,
758 1336 788 1387 et
803 1331 823 1388 ii
840 1329 950 1401 quidem
968 1329 1138 1400 eudqoiores
1155 1334 1185 1386 et
1202 1329 1411 1398 emendatiores,
1425 1333 1478 1386 >aut
1495 1329 1598 1388 hebent
1614 1329 1729 1402 Grseoe,

288 1420 339 1478 esd
356 1425 486 1491 eorrepts
501 1437 520 1476 s
535 1419 653 1476 librariis
665 1418 764 1478 (insol
775 1420 908 1476 serrnonIs
920 1418 1061 1490 Imperitis,
1080 1423 1129 1473 snt
1139 1418 1278 1498 omittunt,
1297 1418 1342 1474 elii
1355 1424 1513 1488 proponunt
1523 1421 1620 1480 Latius
1633 1435 1728 1478 uenat

288 1511 335 1580 qni
352 1509 414 1566 lrbri
432 1507 588 1578 ubieunque
605 1508 642 1582 ed
654 1507 704 1566 bos
717 1509 794 1566 looos
805 1507 969 1578 interpretis,
988 1522 1090 1564 nomeu
1101 1505 1270 1576 adsoribunt,
1287 1505 1363 1576 qnod
1374 1504 1479 1564 {uolunt
1490 1523 1575 1578 esepe
1583 1511 1601 1578 ¹,
1619 1523 1730 1580 semper

288 1599 465 1669 iuterpreteur
482 1597 597 1656 lendsut
613 1597 838 1668 Burgundiouem
856 1597 985 1652 Pbeunur
1003 1600 1141 1654 mortuum
1165 1595 1300 1666 lupatria
1317 1609 1410 1652 unum
1429 1596 1552 1666 ellit,
1576 1613 1643 1660 seue
1666 1613 1729 1668 pro·

288 1683 423 1744 bobiliter.
451 1703 515 1742 nem
533 1687 702 1758 eumue,
720 1699 802 1756 qoem
820 1689 931 1742 nonstet
948 1685 1059 1755 aeepius
1078 1683 1315 1754 Contendnopoli
1332 1688 1469 1740 mentum
1486 1698 1557 1754 esse,
1576 1685 1731 1744 celebretur

289 1776 317 1832 ln
333 1776 395 1847 ipso
413 1775 553 1847 epitepblo
571 1780 703 1846 tanquenr
721 1775 849 1845 'optimus
866 1775 1000 1846 interpres
1011 1764 1161 1832 Greodrurn
1180 1769 1256 1830 fonte
1274 1771 1414 1828 referesne·
1432 1777 1582 1844 extantque
1599 1774 1689 1832 edbue
1700 1775 1729 1832 iu
1820 1815 1824 1820 ,

290 1863 462 1922 bibliotbeois
484 1865 626 1935 eomplnra
648 1879 733 1936 opera
755 1861 943 1934 Chrysostnuri
966 1861 1064 1920 Geloni
1077 1863 1256 1932 eliornrnque
1279 1861 1446 1918 Greeooruur
1470 1868 1612 1920 suewrnrn
1635 1862 1671 1919 eb
1695 1879 1728 1920 eo

288 1953 387 2010 hune
408 1951 483 2010 isots
506 1955 544 2022 (a.
557 1951 682 2024 Serigny
702 1952 793 2008 Gsaeb.
812 1953 857 2008 des
874 1959 939 2010 rba.
957 1952 1051 2008 Itsollte
1068 1953 1094 2022 4,
1112 1952 1167 2008 394
1183 1954 1250 2020 eol:
1274 1949 1393 2022 denque
1416 1965 1479 2008 eom
1503 1951 1588 2006 uitem
1606 1953 1729 2022 exegerit

288 2042 373 2112 Pisis,
398 2043 445 2098 uix
462 2040 522 2098 tleri
539 2042 643 2111 potnit,
665 2041 732 2111 quin
750 2039 981 2096 enlmuduerteret
1003 2039 1212 2098 eelebratiesirni
1229 2039 1398 2108 umerum
1416 2038 1683 2110 erobetypillraeoa
1700 2041 1729 2096 ln

288 2145 356 2186 snae
374 2132 473 2186 notetis
485 2129 656 2200 disertorum
668 2127 871 2200 exemplaribus
883 2129 964 2199 plene
975 2129 1134 2186 desiderari.
1162 2132 1192 2182 et
1205 2127 1299 2182 nennio
1311 2141 1366 2196 quo
1378 2126 1461 2184 nrodo
1472 2127 1576 2197 planuit
1588 2126 1728 2200 seniculo,

288 2233 350 2276 enm
367 2217 437 2274 been
454 2219 557 2289 optime
576 2225 604 2274 et
621 2219 803 2274 intellexisset
819 2221 849 2274 et
867 2217 1053 2290 exposuisset,
1071 2217 1197 2287 exeipere
1216 2231 1233 2272 a
1250 2216 1388 2272 oommnnl
1405 2216 1511 2286 origlne
1529 2215 1729 2274 Modestiulene

288 2307 348 2364 libri
366 2308 492 2366 uioedrsi
508 2309 618 2378 septimi
636 2309 702 2374 (lo.
714 2307 745 2377 3,
759 2307 839 2376 181);
864 2307 1019 2377 antianora
1041 2306 1110 2362 been
1126 2320 1202 2376 sese,
1226 2319 1290 2360 oum
1308 2308 1337 2360 et
1355 2303 1504 2360 Aeourdus
1522 2305 1561 2372 (in
1578 2305 1673 2375 glosas
1690 2305 1726 2364 ad

289 2397 465 2466 au,1,1pr.)
483 2412 518 2452 ee
534 2396 639 2454 tribuet
655 2395 709 2467 ipsi
726 2395 881 2452 Modestiae
899 2401 928 2452 et
945 2394 1057 2464 reperiri
1074 2393 1200 2450 uideatur
1218 2393 1255 2448 nd
1272 2408 1357 2449 uuum
1376 2393 1466 2448 loouur
1483 2392 1577 2462 glossa
1596 2392 1727 2450 'lumea'

288 2483 434 2541 Irnerlanu
463 2484 532 2541 baeo
554 2500 638 2555 quern
662 2481 770 2540 infirme
793 2485 856 2540 sint¹
869 2499 920 2554 per
941 2499 972 2539 se
994 2486 1117 2553 epperet.
1144 2488 1173 2538 et
1190 2483 1358 2540 Irnerlananr
1376 2479 1487 2550 quidem
1505 2487 1625 2550 glossam
1644 2499 1727 2553 quum

288 2573 356 2628 uitet
373 2572 520 2644 savignius
538 2574 714 2644 ndaoriptsnr,
733 2577 765 2630 ut
782 2573 834 2642 ait,
853 2571 889 2628 ed
906 2572 954 2628 1.3
973 2573 1018 2638 §5
1035 2571 1062 2627 b.
1075 2577 1096 2628 t.
1114 2585 1176 2627 eum
1195 2586 1248 2640 ego
1272 2569 1374 2626 bostra
1396 2569 1608 2642 quaesiuiesern,
1633 2570 1729 2628 denuit

288 2675 333 2716 rue
345 2661 505 2732 Xruegerns
522 2661 644 2734 intellegi
660 2661 815 2720 ordinaries
827 2659 1014 2718 Aenunlunae
1031 2661 1162 2716 insertam
1182 2659 1218 2716 ed
1235 2660 1253 2716 l.
1265 2661 1283 2716 i
1298 2663 1313 2724 t
1326 2659 1344 2715 b
1355 2659 1417 2716 eod.
1431 2657 1517 2716 uerbo
1527 2662 1588 2725 ello,
1606 2659 1651 2716 eui
1663 2658 1727 2716 sub

287 2752 392 2822 sanpta
413 2753 533 2808 eernitur
554 2753 583 2808 lu
605 2749 772 2834 editionibus
795 2755 863 2806 note
881 2750 916 2804 Is.
947 2755 976 2806 et
999 2749 1134 2806 eiusmodi
1156 2753 1250 2806 notam
1273 2747 1384 2806 sobolils
1401 2762 1467 2804 uere
1484 2747 1631 2804 lrnerienis
1649 2765 1726 2804 nunr-

287 2854 370 2910 qusnr
394 2838 483 2896 subiol
505 2839 564 2912 ipse
582 2838 731 2910 strigulus
753 2837 954 2896 donomnsnlt
970 2837 1134 2908 (4,14sq.):
1158 2843 1302 2908 prseteres
1318 2853 1369 2908 pro
1386 2841 1453 2894 note
1470 2837 1516 2892 ille
1534 2851 1601 2894 sene
1618 2837 1727 2908 glossae

287 2927 440 2984 ordlnerlee
457 2943 554 2999 perunr
567 2929 747 2986 eonuenieute
760 2927 870 2986 eodloes
882 2926 937 2984 duo
949 2924 1085 2986 Intortietl
1096 2941 1158 2982 oum
1170 2929 1306 2996 epperato
1317 2925 1444 2984 bosonii
1456 2926 1618 2997 (Lipsiensis
1629 2941 1688 2982 sen.
1700 2925 1728 2982 ll

287 3015 602 3074 eisthetensis
624 3017 686 3074 Let.
704 3015 751 3074 Iol.
764 3019 810 3085 16)
832 3015 936 3076 hebent
956 3015 1065 3071 solitern
1085 3015 1148 3084 As,
1171 3029 1234 3070 nuru
1256 3015 1355 3070 tertius
1378 3015 1464 3086 (Llps.
1483 3016 1558 3072 unin.
1576 3015 1640 3083 879)
1662 3013 1726 3072 sub
1822 3015 1824 3018 ’

287 3105 464 3176 seriptiouern
481 3104 584 3162 hebent
605 3106 716 3166 urben.
746 3107 842 3175 lteqoe
866 3119 902 3162 ex
924 3103 977 3160 boo
1000 3107 1074 3160 nerle
1097 3101 1200 3158 sobollo
1222 3117 1280 3158 reru
1303 3117 1359 3160 non
1380 3103 1480 3161 eondoi
1501 3118 1583 3160 neruo
1604 3103 1726 3174 negebit.

287 3191 437 3250 Aesonius
455 3197 484 3262 (τ
502 3209 527 3250 u
542 3195 622 3262 11160)
640 3199 732 3250 eutem
750 3195 768 3250 l.
781 3209 807 3250 o.
825 3193 861 3249 sd
878 3191 965 3248 nerbe
976 3190 1137 3248 'Herennius
1153 3189 1324 3248 Modestinus
1340 3191 1448 3262 ignatio
1462 3191 1574 3250 Dextro'
1586 3191 1660 3262 quod
1677 3191 1725 3246 ed-

287 3287 378 3338 uotat:
398 3281 484 3354 'nnte,
506 3282 580 3352 qnod
598 3283 684 3340 nostrl
699 3283 830 3352 dootores
850 3281 1019 3350 intelligunt,
1041 3278 1115 3348 quod
1134 3293 1170 3336 ex
1186 3278 1293 3349 legibus
1310 3281 1417 3336 Latinis
1435 3281 1554 3350 antiquis
1572 3280 1726 3336 Herennius

287 3367 361 3426 'feeit
377 3369 476 3428 librum
493 3370 684 3428 metuendo
701 3372 733 3426 iu
748 3369 876 3441 (irsoum,
894 3375 924 3426 et
939 3369 1005 3440 qnia
1017 3366 1087 3424 bene
1097 3368 1265 3438 oompileuit,
1283 3373 1472 3438 rsmurnptns
1488 3373 1532 3424 est
1547 3369 1576 3424 iu
1588 3368 1724 3438 Lefinrm,

288 3457 327 3516 'ut
342 3459 402 3516 bie:
425 3467 454 3516 et
475 3458 543 3517 lenit
566 3475 617 3531 pro
639 3461 680 3516 ele
703 3459 778 3530 quod
801 3463 846 3516 est
867 3457 938 3514 intra
956 3458 991 3512 ‘in
1010 3454 1160 3514 Groeorm
1184 3456 1269 3512 uooe'.
1295 3456 1346 3514 sed
1369 3461 1444 3512 nerle
1466 3456 1537 3512 bene
1560 3460 1654 3527 potest
1670 3456 1726 3512 diei

287 3545 420 3618 'enontra‚
445 3549 520 3618 quod
543 3565 578 3606 ex
596 3549 686 3606 Greno
708 3548 735 3604 ln
760 3547 888 3604 Latinum
911 3545 1226 3606 momumento·
1249 3547 1278 3602 et
1300 3545 1376 3602 dines
1395 3545 1429 3600 ‘in
1453 3543 1611 3601 Greoorum'
1630 3545 1658 3600 ld
1682 3547 1725 3600 est

287 3633 342 3692 “ex
366 3635 516 3694 (ireoorum
540 3635 638 3707 uooe'',
665 3635 716 3692 boo
740 3635 863 3694 deobret
882 3636 1033 3708 prudentes
1057 3639 1122 3692 onte
1143 3633 1307 3690 Aoonrsiuur
1330 3638 1405 3690 reete
1428 3633 1575 3690 tradidisse
1598 3632 1667 3688 been
1689 3648 1725 3690 ex

286 3723 400 3782 Graeels
411 3725 558 3782 llodestiui
570 3721 756 3794 'wmumpta'
769 3739 831 3782 osse
848 3725 877 3781 in
894 3719 1023 3780 Leunurn
1040 3723 1150 3778 nonnIne
1167 3723 1228 3778 elus
1245 3722 1292 3792 qui
1310 3723 1408 3778 Letiue
1425 3723 1540 3780 uerterit
1557 3737 1611 3778 non
1627 3721 1724 3793 relato,

285 3812 422 3870 Aoeussto
438 3815 490 3884 ipsi
509 3815 598 3884 megia
616 3813 753 3884 pleonisso
770 3812 839 3868 bsso
850 3813 948 3870 Latine
965 3811 1042 3870 ἰωὴ
1058 3826 1121 3868 esse
1132 3809 1168 3868 ab
1179 3811 1240 3881 ipso
1252 3810 1419 3868 Modestino:
1439 3809 1512 3866 unde
1524 3810 1598 3880 qnod
1610 3811 1724 3881 eolliges

286 3902 339 3958 nisi
361 3902 522 3972 inspersere
546 3901 599 3958 boo
622 3915 732 3972 qnoque
754 3902 815 3958 loeo
838 3901 1000 3958 Aeonrsium
1024 3899 1152 3970 equidem
1176 3903 1252 3956 oerte
1274 3915 1330 3956 non
1352 3897 1497 3969 perspitio.
1525 3898 1609 3956 nihilo
1633 3901 1723 3956 minus

285 3987 411 4060 &siguli
431 3989 499 4046 been
521 3990 644 4060 opinntio
665 4005 717 4062 pro
739 3990 908 4060 argumentis
930 3988 1037 4045 idoneis
1059 3985 1174 4044 defense
1199 3987 1292 4058 magni
1317 3987 1435 4046 nominis
1459 3987 1622 4044 austeritate
1645 3991 1723 4044 tanto
1755 4007 1761 4018 ·

284 4093 422 4138 mesenen
445 4083 557 4148 reoepte
580 4083 637 4148 eet,
659 4081 691 4134 ut
713 4079 760 4148 qni
782 4083 881 4148 postee
901 4077 937 4134 de
961 4077 1057 4134 eedem
1081 4091 1111 4132 re
1134 4076 1304 4147 seripserunt
1325 4092 1376 4147 pro
1399 4075 1561 4147 probatione
1579 4076 1724 4134 habuerint

284 4165 448 4237 &signium
473 4166 641 4226 leudmiese.
673 4166 790 4236 primunr
815 4165 945 4222 elbertus
966 4165 1079 4235 Krispel
1103 4165 1132 4220 in
1158 4166 1388 4222 eornmentetione
1414 4164 1574 4222 academius
1599 4167 1723 4235 (auduus

285 4257 377 4314 nertio
394 4256 495 4314 bstlns
510 4253 725 4325 mentorum
743 4269 760 4312 e
777 4255 926 4312 IIodestinI
941 4253 1010 4312 libro
1032 4253 1068 4309 de
1089 4253 1314 4310 exeusetionibne
1337 4255 1365 4310 ln
1383 4253 1551 4324 digererem
1568 4253 1615 4310 lib.
1628 4255 1722 4312 XXVI

284 4349 315 4402 et
330 4343 440 4402 XXVII
457 4343 600 4400 obuiorum
619 4344 647 4400 ln
664 4343 801 4413 lutessrmn
820 4344 956 4400 restituta
978 4343 1089 4413 Lipsius
1108 4343 1186 4400 1830.
1204 4343 1231 4398 t.
1249 4357 1295 4413 pp.
1308 4343 1354 4410 85)
1372 4342 1527 4398 uersionern
1544 4343 1617 4398 illem
1635 4343 1664 4400 in
1682 4344 1722 4400 di·

285 4441 426 4506 gestorum
445 4433 648 4504 exemplarIbns
665 4432 862 4490 reneutioribus
874 4431 931 4490 lere
943 4430 1127 4488 oblitteretnm
1139 4432 1315 4488 resnsoiteuit
1327 4431 1363 4488 ad
1374 4431 1484 4488 eodIoes
1495 4436 1552 4486 tres
1564 4431 1722 4501 Lipsieuses

284 4523 474 4592 editioneeuue
491 4523 597 4592 slhuot
612 4523 716 4578 raseoll
733 4521 795 4592 XV,
819 4522 900 4578 simul
922 4535 978 4578 non
993 4521 1089 4576 'solum
1111 4520 1240 4590 ampleoti
1263 4535 1294 4578 se
1312 4519 1348 4577 de
1366 4525 1457 4578 estete
1480 4521 1540 4578 eius
1557 4522 1722 4578 wnoendsnr

284 4610 480 4681 &virumn
497 4609 648 4681 pmbseus,
665 4610 723 4666 sed*
733 4625 767 4668 eo
784 4625 872 4680 usqne
888 4623 1059 4681 masos,
1077 4613 1109 4664 nt
1126 4607 1282 4686 nersionenr
1292 4623 1353 4672 osu
1365 4607 1467 4666 assem
1479 4608 1614 4666 ludloaret
1630 4615 1722 4668 were

328 4809 349 4844 Ἰ
367 4806 434 4861 utus
452 4813 531 4876 supra
546 4805 580 4860 D.
594 4805 636 4868 ld,
648 4803 730 4868 md,
744 4807 768 4858 l.
788 4803 831 4869 17,
842 4803 887 4868 bo,
898 4803 925 4866 4,
942 4801 987 4856 ubi
1003 4803 1066 4857 telis
1082 4804 1260 4873 edseripelrnnr
1277 4821 1309 4859 ex
1321 4805 1435 4873 mergite
1451 4805 1509 4859 libri
1522 4805 1617 4874 digesti
1628 4806 1723 4858 neuris

283 4877 415 4932 Patauinis
433 4879 508 4947 plere
524 4879 579 4932 e'rrs
596 4877 698 4945 uenerit
714 4877 855 4945 obruposuit
871 4875 983 4943 Sosim
1000 4874 1054 4936 bor
1071 4875 1098 4940 4,
1109 4877 1171 4932 405.
