3540 5340
888 167 1080 242 Lxxxxvl

303 347 327 400 s
372 346 549 402 pauentum
567 347 675 416 orgeio
693 347 795 403 uetera
813 329 972 418 onm'parte
990 347 1125 404 rusorum
1144 349 1182 415 (u.
1194 363 1222 416 p.
1232 348 1440 424 xxxxvnu).

303 435 328 489 Τ
373 434 417 503 (in
441 441 529 491 oonst
547 437 606 492 Deo
629 444 734 493 auctore
757 440 786 492 et
804 435 903 504 Tanta)
926 437 1111 494 Berolinensis
1128 438 1218 494 Latin.
1238 435 1284 493 iol.
1298 439 1351 493 2⁷2
1369 437 1478 493 tiodiois
1497 436 1643 494 iustiniani
1661 439 1702 506 (n.

305 611 331 666 U
371 612 521 668 Pateuinns
539 613 648 684 Digesti
665 615 767 670 ueteris
785 617 823 683 (ιι.
836 631 864 685 p.
874 614 1082 682 xxxxviiii).

305 701 332 755 V
373 701 522 758 Uaticanus
540 719 566 757 n.
581 703 650 759 1406
669 705 777 774 Digesti
795 703 897 760 ueteris
916 708 954 772 (ιι.
963 713 995 775 p.
1005 705 1201 772 XXXXVIII).

301 791 341 845 W
374 791 522 848 Uaticanus
540 809 567 847 n.
581 793 650 848 1407
669 791 805 848 infortiati
823 797 861 860 (u.
873 809 901 863 p.
911 793 1121 860 XXXXVlIll).

300 881 332 936 X
371 881 511 936 Parisinus
528 898 555 936 n.
568 881 639 936 4455
657 882 765 954 Digesti
782 885 847 940 noui
866 887 904 950 (ιι.
918 901 945 954 p.
956 885 1013 946 Ll).

305 970 332 1024 Y
371 969 511 1026 Parisinus
529 986 556 1024 n.
568 970 674 1026 4458A
694 971 802 1042 Digesti
820 973 885 1029 noui
903 975 941 1038 (u.
955 988 983 1042 p.
993 973 1049 1038 LI).

301 1060 327 1114 Ζ
370 1057 520 1115 Uatioanus
537 1059 679 1115 Palatinus
698 1077 724 1116 n.
738 1061 791 1117 754
810 1061 918 1131 Digesti
937 1061 1001 1116 noui
1020 1062 1058 1126 (ιι.
1073 1077 1099 1130 p.
1110 1061 1179 1126 Lll).

300 1148 315 1203 ‘l
372 1149 480 1218 signum
508 1147 730 1218 interrogationis
757 1151 846 1205 maius
870 1150 972 1205 eodiois
995 1154 1077 1204 notoe
1099 1150 1282 1220 postpositum
1308 1149 1365 1216 (sie
1386 1148 1426 1202 F?
1445 1147 1487 1202 P?
1507 1146 1577 1214 pap)
1602 1147 1707 1202 indicat

424 1237 512 1308 ipsam
530 1237 674 1293 lectionem
692 1237 803 1294 dubiam
823 1253 897 1308 esse,
918 1239 1008 1294 minue
1032 1237 1150 1294 dubitari
1175 1239 1210 1293 de
1228 1237 1427 1293 emendationis
1450 1241 1578 1292 auctore:
1602 1237 1643 1292 ita
1660 1236 1707 1292 obi

425 1331 468 1381 est
485 1324 546 1391 ΡΗ,
570 1325 698 1396 intellege
717 1327 805 1383 uideri
824 1328 865 1384 sio
882 1327 1044 1382 emendasse
1065 1328 1156 1398 ipsum
1177 1327 1331 1397 librarium,
1356 1323 1415 1381 fieri
1439 1331 1531 1380 tamen
1554 1341 1653 1396 posse,
1676 1331 1707 1380 nt

424 1413 579 1470 emendatio
598 1413 787 1484 proficiscetur
805 1434 823 1471 a
840 1421 993 1472 eorreetore
1010 1418 1171 1487 posteriore.
1198 1423 1343 1487 praeterea
1366 1414 1515 1470 tenendum
1534 1419 1578 1471 est
1596 1416 1706 1485 signum

425 1503 453 1558 id
472 1519 527 1560 non
545 1501 640 1560 referri
663 1505 715 1560 nisi
739 1505 775 1560 ad
799 1510 891 1561 notam
915 1506 1039 1577 proxime
1063 1504 1288 1576 praecedentem:
1317 1505 1356 1560 ita
1380 1503 1428 1560 ubi
1451 1504 1552 1574 legitur
1576 1503 1708 1568 PV‘tLU,

424 1593 484 1648 solu
501 1591 626 1648 Uatioani
644 1593 706 1648 libri
722 1594 804 1650 lectio
822 1594 907 1649 dubia
924 1593 1052 1650 habenda
1069 1601 1121 1649 est.

301 1681 356 1716 ⁰⁶·
374 1681 410 1738 ed
427 1681 530 1738 oodiois
549 1687 642 1737 notam
661 1682 770 1739 adieota
787 1683 907 1740 litterula
924 1684 1070 1754 distinguit
1082 1684 1227 1740 lectionem
1241 1683 1407 1754 primitiuam
1425 1684 1460 1746 (e.
1470 1683 1555 1750 o.P·)
1568 1681 1604 1738 eb
1617 1697 1707 1737 emen·

425 1770 492 1826 data
509 1770 572 1837 (1³⁴)
593 1778 622 1826 et
639 1773 787 1828 emendata
804 1774 902 1828 iterum
921 1775 981 1842 (p.)
1006 1778 1035 1828 et
1057 1774 1097 1829 sio
1120 1773 1259 1842 deinoeps.
1296 1775 1324 1827 in
1343 1769 1580 1827 emendationibus
1600 1771 1644 1827 bis
1663 1787 1709 1826 ex-

426 1864 507 1930 oepto
525 1860 682 1916 Florentino
699 1860 767 1917 libro
786 1863 949 1932 seriptorum
968 1879 1066 1918 manus
1084 1878 1139 1918 non
1158 1861 1363 1932 distinguuntur
1381 1865 1419 1928 (u.
1435 1879 1462 1932 p.
1475 1862 1546 1927 LII).

302 1951 415 2026 destitit)
427 1955 492 2005 aute
505 1949 607 2005 oodiois
619 1954 712 2006 notam
726 1949 863 2020 signifieat
875 1951 968 2022 uerba,
979 1951 1014 2006 de
1026 1951 1126 2021 quibus
1139 1952 1238 2022 agitur,
1251 1952 1280 2006 in
1293 1967 1326 2008 eo
1339 1951 1435 2008 eodiee
1448 1956 1497 2006 aut
1509 1950 1589 2020 primi
1603 1947 1709 2005 librarii

427 2039 508 2109 eulpa
526 2037 720 2094 membranaue
739 2039 831 2096 hiante
849 2041 1002 2112 intercepta
1019 2057 1081 2096 esse
1099 2046 1148 2096 aut
1170 2046 1282 2112 propter
1301 2041 1431 2097 maiorem
1450 2041 1560 2096 lituram
1579 2040 1636 2096 iam
1655 2053 1709 2094 non

427 2127 552 2196 dignosci
570 2130 609 2192 (ιι.
621 2143 649 2197 p.
660 2129 742 2194 Llll).
1136 2189 1139 2196 ,

304 2227 352 2274 too.
370 2215 507 2288 signifieat
529 2217 661 2272 ineertam
685 2232 747 2272 esse
771 2219 915 2274 lectionem
939 2218 1042 2274 oodiois
1066 2219 1126 2273 eius
1151 2219 1185 2273 de
1210 2235 1264 2288 quo
1284 2221 1374 2290 agitur
1393 2220 1436 2275 uel
1455 2224 1568 2289 propter
1585 2219 1709 2289 reoogni·

427 2307 509 2362 tionis
527 2305 665 2363 defeetum
684 2308 728 2362 uel
747 2307 882 2378 seriptum
899 2309 1029 2379 primaria
1046 2307 1203 2363 oblitterata
1220 2316 1332 2379 propter
1350 2308 1579 2365 emendationem.

304 2399 377 2462 dett,
399 2395 429 2451 id
451 2402 495 2452 eat
517 2398 655 2451 deteriores
677 2396 734 2451 dixi
756 2397 870 2452 seeundi
893 2398 996 2453 ordinis
1019 2396 1103 2453 libros
1127 2397 1186 2452 siue
1205 2413 1301 2454 omnes
1319 2399 1379 2453 siue
1397 2399 1503 2468 aliquot
1521 2404 1640 2468 exeepto
1654 2399 1711 2468 ,pri-

428 2485 514 2541 mario
536 2485 723 2554 primariisue:
747 2486 786 2540 ita
808 2485 836 2541 in
860 2486 951 2556 priore
974 2492 1053 2556 parte
1074 2485 1137 2542 libri
1161 2487 1242 2558 primi
1264 2488 1304 2542 ita
1326 2485 1515 2556 significantur
1532 2487 1594 2544 libri
1613 2487 1711 2557 reliqui

428 2589 559 2630 eorumne
576 2575 688 2644 quidam
708 2579 823 2645 exeepto
843 2575 875 2646 li,
893 2576 921 2630 in
939 2576 1044 2646 reliquo
1063 2575 1172 2646 digesto
1187 2575 1287 2632 Uetere
1305 2575 1367 2632 libri
1386 2577 1482 2646 reliqui
1500 2592 1634 2633 eorumue
1653 2577 1711 2647 qui·

332 2657 348 2686 ⁸
428 2663 491 2718 dam
509 2668 625 2734 excepto
646 2664 676 2734 P,
694 2665 722 2720 in
740 2662 882 2720 lniortiato
901 2669 929 2719 et
948 2665 1027 2721 Nono
1046 2665 1133 2721 oodex
1146 2665 1292 2721 codieesue
1305 2665 1415 2736 quidam
1428 2666 1531 2722 diuersi
1544 2665 1628 2722 abiis
1641 2681 1711 2737 qnos

427 2751 467 2808 ibi
484 2751 606 2808 adhibui.
637 2769 705 2808 usus
724 2759 815 2808 autem
835 2769 895 2809 sum
908 2753 1043 2810 eiusmodi
1055 2761 1122 2810 nota
1133 2755 1325 2812 tantummodo
1337 2755 1366 2810 in
1378 2755 1531 2812 indicandis
1544 2756 1711 2812 eonieetmis

428 2841 476 2912 iis,
501 2857 572 2912 quae
596 2848 678 2898 natae
701 2843 730 2897 in
752 2841 847 2898 sohola
863 2843 1030 2899 Bononiensi
1052 2844 1117 2900 inde
1135 2845 1164 2900 in
1181 2844 1316 2901 editiones
1334 2849 1503 2915 propagatae
1522 2851 1601 2916 sunt,
1626 2851 1656 2901 et
1673 2845 1711 2901 ibi

428 2934 548 3001 tentum,
576 2929 624 2986 nbi
646 2947 742 3002 pmnm
767 2929 863 3002 refert,
891 2932 919 2988 in
945 2948 999 3003 qno
1027 2933 1122 2990 eodiee
1149 2935 1230 2990 leutio
1257 2933 1292 2990 de
1315 2949 1371 3004 qua
1393 2934 1533 3004 quaeritur
1557 2936 1712 3006 reperiatur

429 3021 468 3088 (ιι.
481 3035 509 3089 p.
522 3019 632 3087 LXIII).

305 3111 371 3175 edd,
387 3108 417 3164 id
434 3112 478 3164 eet
495 3109 617 3164 editiones
635 3109 760 3165 similiter
777 3108 834 3165 dixi
852 3109 998 3166 editionem
1019 3111 1189 3183 digestorum
1207 3112 1335 3182 aliquam,
1353 3112 1515 3182 praesertim
1528 3127 1564 3168 ex
1576 3112 1710 3183 antiquio-

429 3197 512 3268 ribus,
531 3198 559 3254 iu
577 3213 632 3269 que
649 3199 794 3255 lectionem
813 3215 875 3256 eam
892 3199 927 3255 de
945 3215 1001 3270 qua
1018 3202 1110 3271 agitur
1128 3201 1286 3258 oonieotuna
1299 3201 1439 3257 inuentam
1452 3217 1505 3272 ego
1518 3203 1639 3273 primum
1651 3217 1711 3272 rep-

428 3287 544 3357 pererim
564 3289 602 3355 (u.
615 3305 642 3358 p.
652 3288 763 3356 LXlll).
1654 3291 1677 3343 Ο

306 3379 335 3446 t)
352 3377 480 3434 eanoellis
504 3376 701 3447 eomprehensa
717 3392 789 3448 quae
806 3378 1016 3447 interponuntur
1034 3379 1159 3434 oodioum
1184 3380 1270 3450 notis,
1293 3395 1328 3435 ea
1347 3381 1485 3450 pertinent
1503 3381 1539 3436 ad
1558 3381 1649 3437 solum
1667 3395 1711 3436 oo

430 3465 518 3522 dieem
542 3465 666 3536 proxime
689 3465 914 3537 praecedentem:
938 3483 965 3522 u.
978 3483 1003 3538 e.
1017 3467 1053 3522 ad
1070 3469 1167 3540 1‚859,
1180 3471 1215 3524 39
1233 3469 1308 3540 quod
1326 3469 1426 3540 leg'tur
1449 3471 1488 3537 (ιίι
1506 3479 1637 3544 margine.-
1660 3469 1711 3526 boe

430 3559 518 3610 totum
536 3554 615 3611 deest
633 3555 743 3626 Pi[sis]),
760 3555 879 3626 pertinet
897 3555 933 3612 ad
952 3555 1073 3612 oodieem
1094 3559 1127 3613 Ε.

305 3647 366 3728 der)
384 3645 503 3715 indiguit).

307 3735 423 3801 om(ieit).

307 3823 480 3889 emtmdaou).

306 3911 440 3979 aequo).

306 4001 464 4073 euppKeuit).
