4410 5334
1009 138 1090 222 45*

336 305 387 357 ost
414 305 483 372 puta
495 301 571 356 Lxx
589 301 700 372 quidem
719 315 851 358 annorum
868 316 924 358 non
942 307 985 357 est
1001 317 1091 372 neque
1109 307 1164 359 tres
1181 302 1265 360 hebet
1276 303 1377 360 tuteiss
1388 303 1443 368 (set
1455 311 1501 358 im.
1511 303 1546 367 Β)
1558 317 1647 374 neque
1658 304 1685 360 V
1696 300 1768 360 filios

335 378 385 429 sut
402 373 476 429 sliud
499 373 610 444 sliquod
627 375 670 429 ius
687 373 871 460 exonsstiouis
889 373 984 444 bsbet,
1008 375 1135 460 nimirum
1158 375 1229 431 duss
1251 375 1353 430 tutelss
1371 379 1400 430 et
1417 374 1487 460 duos
1504 373 1587 462 tilios,
1610 380 1639 430 et
1656 376 1707 430 LX
1724 380 1768 462 est

336 445 545 584 sitiit
560 445 1464 588 turi)iidiiii*,stifftiittbffifiiitti
1478 447 1767 588 terebinti:

335 587 429 644 bentis
446 588 597 658 (prebende
609 589 652 658 L),
670 603 704 644 es
722 603 787 644 uero
805 603 859 658 que
877 587 1030 644 sdinuioem
1049 595 1092 646 est
1109 589 1299 646 oommunione
1317 593 1479 658 (estoomm.
1493 601 1542 644 om.
1554 591 1586 656 L,
1604 595 1648 646 est
1660 609 1708 645 om.
1723 589 1767 657 θ’)

285 671 318 716 12
336 661 391 716 siut
409 663 489 726 (sunt
508 661 545 726 0)
562 661 636 716 iuste
659 661 831 730 apparentia:
856 665 900 715 set
922 661 1011 716 uisum
1036 667 1079 718 est
1100 661 1174 717 buno
1191 661 1258 727 (heo
1278 661 1315 728 0)
1339 676 1393 716 uon
1417 661 1551 716 exoussri.
1588 661 1640 728 Qui
1661 661 1769 732 seoepit

336 733 453 802 (sooipit
470 732 501 798 Ι)
524 733 569 787 uei
593 731 677 788 hebet
698 731 898 788 immunitatem
923 733 1042 788 oiuilium
1065 734 1110 788 nel
1133 732 1302 803 publicorum
1326 748 1483 802 munerum,
1507 732 1552 787 bin
1574 733 1696 788 stuteis
1713 733 1770 798 (uel

286 811 318 858 le
336 820 403 860 oure
422 813 468 858 im.
481 803 516 868 Β)
534 819 590 858 ιιοιι
608 803 792 860 excusabitur.
830 803 882 869 Qui
900 803 1042 860 absolutus
1060 809 1103 860 est
1120 821 1137 859 e
1154 806 1241 860 tutele
1259 805 1304 859 uei
1321 820 1395 874 oure,
1414 819 1470 860 non
1487 804 1597 860 omnino
1614 805 1769 860 submemo·

335 873 487 932 rationibus
505 875 650 938 (submem.
667 874 884 945 depositionibus
904 876 924 940 1,
943 875 1159 946 depositionibus
1178 877 1210 940 L,
1229 874 1453 946 dispositionibus
1474 877 1510 944 0)
1528 875 1564 930 sd
1582 877 1769 932 remissionom

337 947 449 1002 alterins
467 947 613 1002 creationis
632 951 724 1002 utetur
742 951 880 1014 (uteretur
898 947 915 1002 1
918 953 943 1017 )‚
961 949 984 1002 si
1004 963 1058 1003 non
1076 947 1215 1002 extiterint
1233 948 1391 1010 (extiterunt
1409 947 1443 1014 L)
1467 947 1493 1002 ei
1516 947 1576 1003 iure
1592 947 1769 1004 remissionis.

287 1026 319 1072 14
336 1019 388 1085 Qui
406 1018 506 1072 dixerit
529 1034 559 1074 se
582 1020 672 1088 ipsum
694 1019 819 1088 ignotum
843 1033 905 1074 esse
927 1020 998 1090 patri
1021 1019 1066 1074 uel
1084 1019 1164 1074 metri
1181 1020 1291 1088 pupilli,
1314 1035 1369 1075 non
1387 1024 1498 1089 propter
1515 1017 1567 1074 boe
1585 1018 1769 1074 excusabitur.

288 1097 318 1144 lo
336 1091 388 1146 Est
405 1094 497 1144 eutem
517 1093 624 1156 (sutem
643 1109 691 1144 om.
705 1091 780 1158 ΡΟ),
798 1090 909 1160 quando
927 1096 955 1146 et
973 1091 1012 1155 (st
1028 1091 1053 1146 is
1071 1091 1109 1154 Β,
1127 1089 1292 1161 quandoque
1312 1091 1605 1160 morinensem
1622 1091 1707 1146 hebet
1724 1091 1770 1146 uei

336 1177 429 1246 nurse,
444 1177 500 1216 non
514 1161 602 1248 ,hebet
618 1162 661 1216 ius
674 1161 849 1232 remissionis,
868 1168 936 1246 puts
949 1162 1047 1248 siquis
1060 1162 1230 1248 sffeotsuerit
1241 1163 1381 1232 suscipere
1393 1162 1524 1232 (recipere
1538 1163 1585 1229 0).
1610 1163 1664 1218 ism
1677 1168 1769 1218 sutem

287 1311 317 1358 lt
336 1239 366 1290 et
383 1232 654 1361 qfflffiglsfbcbtrbs
661 1238 886 1374 εἳιῖἒςιξὶῗὲοἷεξιῖῐ
888 1249 989 1372 1²1an
1007 1233 1289 1360 dffegffletffiffl
1300 1301 1537 1368 (eoousstionibus
1557 1303 1594 1368 0)
1615 1304 1656 1359 its
1677 1301 1771 1360 sosibit

336 1375 416 1441 (libro
492 1375 587 1434 soribit
604 1377 715 1441 umbi:
734 1375 763 1432 Si
781 1377 842 1446 quie
856 1381 917 1431 ¹tres
933 1377 1005 1432 iuter
1022 1377 1124 1432 tutelas
1141 1377 1306 1448 emsueipsti
1322 1375 1371 1432 iiiii
1388 1376 1431 1432 sui
1450 1376 1504 1441 (sui
1522 1394 1571 1430 om.
1584 1375 1639 1442 10>
1655 1375 1770 1430 tuteism

336 1448 517 1503 smministret
534 1449 727 1514 (smministrat
742 1450 786 1518 0),
806 1464 841 1504 sn
859 1449 885 1502 ei
902 1447 954 1502 beo
970 1449 999 1503 in
1016 1464 1159 1504 numerum
1172 1448 1296 1518 prooedit
1307 1447 1450 1520 (procedet
1461 1447 1506 1517 L),
1524 1447 1582 1502 seio
1600 1445 1770 1504 dubitatum:

335 1519 445 1575 inuenio
464 1525 555 1574 temen
568 1521 728 1590 resoriptum
741 1520 912 1590 emsneipste
924 1518 978 1574 filie
990 1521 1104 1576 tutelam
1117 1520 1253 1576 numerari
1265 1521 1336 1575 inter
1347 1517 1449 1574 honere
1460 1523 1586 1590 oportere
1598 1517 1718 1586 (inuenio

286 1595 318 1642 17
336 1597 463 1662 oportere
481 1610 530 1644 om.
542 1591 586 1658 L).
616 1590 646 1646 Si
664 1591 726 1660 quis
744 1591 881 1648 oreebitur
898 1596 973 1646 tutor
990 1592 1111 1648 existens
1129 1593 1158 1647 in
1175 1591 1261 1662 patris
1279 1595 1424 1662 potestate,
1443 1589 1542 1645 deinde
1560 1590 1772 1659 psternoiuertt

337 1662 470 1750 (uoluerit
481 1663 499 1717 1
502 1666 511 1730 )
529 1678 579 1734 pro
597 1677 631 1718 eo
643 1677 750 1747 nouere,
769 1663 909 1747 iusserunt
925 1663 1001 1748 leges
1020 1669 1048 1718 et
1065 1664 1155 1748 ipsum
1173 1669 1279 1748 patrem
1298 1663 1385 1718 oreeri
1402 1667 1529 1732 tutorem,
1548 1666 1580 1748 ut
1597 1661 1671 1716 nuilo
1689 1661 1771 1748 modo

336 1735 607 1875 seirenes
620 1732 1771 1876 ιιιιιιιιιιιιιιιιιιιιιειιιιιιιιιιιιιιιιιιι

335 1879 490 1948 ligdonensi
508 1877 532 1933 si
550 1877 649 1932 dodius
667 1893 772 1932 marnes
792 1879 843 1946 0),
866 1877 992 1946 quemuis
1015 1876 1086 1933 filius
1109 1876 1225 1934 familias
1248 1873 1297 1946 sit,
1321 1877 1436 1932 idoneus
1454 1882 1529 1932 tutor
1546 1891 1607 1931 esse
1625 1875 1771 1946 uidebitur,

335 1956 415 2022 pster
433 1953 525 2004 eutem
544 1950 603 2004 eius
622 1948 724 2004 ideireo
743 1964 841 2004 cauere
859 1964 914 2006 uon
932 1949 1005 2016 uult,
1031 1956 1061 2004 ut
1078 1947 1161 2004 filium
1181 1965 1260 2004 suum
1277 1949 1365 2003 tutele
1382 1949 1486 2003 eximet
1503 1947 1658 2010 (existimat
1677 1949 1725 2018 O),
1744 1953 1772 2003 et

336 2023 364 2077 in
382 2021 435 2076 hoo
453 2019 568 2077 srtitioio
585 2021 804 2092 perseuerauerit
821 2022 1025 2090 (perseuerauit
1042 2021 1085 2090 Ι),
1109 2021 1236 2076 existimo
1259 2026 1287 2074 te
1306 2019 1369 2075 huie
1385 2019 1476 2075 irsndi
1494 2023 1568 2074 rente
1586 2033 1770 2090 ooonrsurum,

337 2097 368 2148 ut
385 2098 414 2148 et
432 2096 472 2156 (et
489 2112 537 2146 om.
551 2094 585 2158 L)
602 2091 674 2148 filins
698 2097 727 2147 et
749 2093 809 2163 ipse
824 2091 860 2148 ed
878 2093 991 2148 tutelam
1009 2091 1154 2147 liberorum
1173 2092 1344 2158 (libertorum
1361 2093 1399 2158 0)
1412 2088 1560 2147 Clementis
1579 2090 1724 2158 (dementis
1737 2091 1771 2157 Β)

336 2165 485 2292 medem
504 2165 701 2234 compellantur
722 2165 912 2233 (compelletur
930 2165 958 2218 1.-
982 2172 1083 2219 omiosis
1106 2171 1292 2219 nundinationis
1308 2164 1395 2218 uerbis
1410 2171 1469 2236 post
1487 2163 1645 2218 eonstitutio
1663 2161 1682 2216 Ῑ
1696 2163 1772 2217 babet

405 2257 414 2291 .·
432 2236 580 2292 admodum
598 2237 688 2292 soient
705 2237 800 2306 sugeri
818 2236 841 2292 si
858 2235 925 2306 quid
942 2234 1106 2306 patrimonio
1124 2235 1293 2302 eeoesserit).

391 2915 473 2972 Addo
492 2933 522 2970 ee
539 2913 625 2970 codice
642 2912 667 2966 L
684 2913 782 2968 subolis
800 2914 851 2968 deo
869 2911 995 2986 Hupoir'ni
1013 2913 1049 2968 nd
1065 2911 1107 2977 27,
1121 2913 1146 2978 1,
1158 2913 1184 2982 6,
1195 2911 1226 2968 8.·

339 3020 523 3092 sgimnusiis]
543 3019 572 3074 id
590 3023 633 3074 est
650 3035 668 3074 o
685 3018 875 3075 ssoerdotibns
893 3019 1049 3076 exeroioiis:
1067 3033 1164 3088 gemos
1183 3017 1361 3088 [frenderent]
1380 3017 1452 3074 enim
1467 3016 1556 3074 Greoe
1573 3018 1670 3074 listins
1687 3016 1773 3074 isbor.

409 3093 469 3148 siue
487 3092 648 3148 exereitium
668 3091 738 3161 [siuo
757 3091 907 3146 exereitum
926 3091 1013 3160 eodm]
1033 3091 1185 3146 seeundum
1202 3089 1351 3161 Pyillium).
1368 3089 1553 3159 fflugolinus).

339 3199 373 3256 ui.
387 3203 492 3256 stantes
510 3205 539 3253 et
556 3213 645 3268 neque
663 3196 792 3254 frumenti
811 3203 840 3254 et
858 3197 914 3254 uini
931 3203 961 3254 et
978 3199 1031 3254 olei
1049 3197 1195 3268 emptionis
1219 3199 1247 3251 et
1271 3196 1314 3251 ius
1337 3195 1530 3266 propositionis
1553 3200 1581 3251 et
1598 3210 1687 3268 neque
1705 3193 1775 3250 iudi·

410 3286 473 3326 eure
496 3274 524 3324 et
547 3277 640 3325 cetere
664 3269 715 3340 [sio
729 3273 791 3343 sere
815 3271 855 3324 L.-
878 3271 1008 3324 diuersom
1033 3277 1113 3342 iqitur
1135 3271 1264 3323 lectionem
1288 3267 1376 3322 babuit
1400 3276 1426 3320 in
1449 3287 1495 3322 suo
1520 3269 1584 3322 libro
1608 3265 1774 3340 Huyelinueb

410 3344 444 3428 ιι.
458 3342 621 3428 prepositois
634 3341 700 3468 Letoi.
729 3347 757 3396 et
774 3339 850 3426 dines
868 3345 973 3396 stantes
990 3341 1019 3396 id
1038 3347 1081 3396 est
1099 3339 1248 3396 existentes
1267 3338 1437 3424 etiumunes
1455 3339 1648 3424 pre-positionis
1661 3339 1775 3424 emptio·

410 3413 936 3541 iudeis*{indiuisus
949 3417 1208 3540 diriditis
1226 3407 1775 3554 titidtiiiitititit⁰ti

409 3491 453 3614 ἓξι
471 3501 577 3613 εθιιιιιξ.
598 3597 730 3613 ........
749 3525 933 3627 H(ugolinusj.
1527 3523 1533 3537 ⁸
