3698 5364
139 159 613 252 'marmannorum
834 163 923 254 697
1024 213 1029 230 ·
1400 181 1595 251 XXIlHle

134 349 149 398 ι
166 343 251 412 nauit,
270 356 325 397 uon
342 341 393 397 erit
409 341 487 396 irrita
503 339 624 396 donatio.
651 336 813 394 Prohibetur
830 336 915 407 igitur
932 344 961 394 et
977 342 1056 397 uxori
1074 345 1103 397 et
1120 343 1200 398 nurui
1217 339 1320 396 donare
1338 340 1419 396 edam
1437 341 1470 411 is,
1488 341 1536 410 qni
1552 344 1595 396 est

134 439 149 487 e
166 432 194 487 in
213 431 301 486 soseri
318 434 464 501 potestate,
482 430 506 486 si
523 429 605 486 modo
622 409 736 484 maritu's
754 429 791 484 sit
807 427 836 483 iu
852 429 939 499 patris
956 434 1104 500 potestate.
1129 430 1175 486 Ab
1193 430 1286 486 uxoris
1303 445 1423 486 nnrusue
1440 435 1519 500 parte
1532 444 1594 500 pro·

166 519 281 576 bibitum
299 523 343 575 eat
360 519 456 576 donari
473 519 533 574 uiro
550 519 595 574 uel
613 533 723 588 genero.
753 517 804 573 sed
821 521 851 573 et
866 517 922 587 his,
946 519 994 589 qui
1012 525 1077 575 sunt
1094 520 1122 575 in
1140 535 1234 576 eorum
1251 523 1388 590 potestate
1406 519 1430 574 ei
1447 517 1530 575 fuerit
1546 519 1594 574 do·

166 615 269 680 natum,
288 610 333 665 uel
350 610 379 664 in
396 623 511 679 quorum
529 613 594 662 sunt
610 611 756 678 potestate,
774 622 829 663 non
846 607 950 663 ualebit
967 608 1086 679 donatio,
1105 610 1129 664 si
1146 608 1228 664 modo
1247 609 1290 664 uir
1302 612 1331 664 et
1343 623 1421 665 sooer
1432 609 1460 664 iu
1471 607 1595 664 eiusdem

166 703 231 754 sunt
248 702 384 768 potestate
401 699 446 753 uel
464 697 507 752 uir
523 697 552 752 in
570 697 670 752 soeeri:
689 701 810 751 aeterum
829 695 853 752 si
870 697 899 752 iu
916 697 970 752 aiia
987 695 1090 753 familia
1105 703 1148 753 est
1159 697 1281 768 maritus,
1299 713 1388 768 neque
1399 712 1494 753 sooero
1505 712 1595 767 neque
1613 701 1627 746 t

134 796 148 844 t
167 787 193 842 ei
210 796 257 856 qut
274 792 317 841 est
334 787 362 842 in
380 787 439 842 eius
456 789 593 857 potestate
612 799 701 854 neque
719 784 745 840 ei
762 785 790 839 in
802 785 880 840 euius
893 790 936 840 est
947 783 1094 842 donatione
1105 787 1279 842 interdictum
1292 789 1360 842 est¹.
1388 785 1484 842 Soorui
1496 802 1514 840 a
1525 801 1595 842 nuru

134 886 149 934 e
167 877 212 932 uel
230 881 325 931 eontra
341 875 436 931 donari
454 890 508 931 non
527 879 570 930 est
586 873 762 944 prohibitum,
781 874 845 944 quia
861 873 906 929 hio
923 875 967 930 ius
984 876 1129 946 potestatis
1141 890 1196 930 non
1208 876 1331 930 uertitur.
1359 874 1389 930 Si
1400 890 1497 931 seruus
1508 890 1595 944 meus,

166 965 244 1020 ouius
262 979 328 1020 usus
346 962 450 1020 fruetus
468 965 573 1020 alienus
591 967 642 1032 est,
660 963 744 1019 doner
759 963 837 1018 uxori
855 979 933 1018 meae
950 979 984 1019 ex
997 980 1030 1020 eo
1042 965 1157 1034 peculio,
1176 965 1250 1035 quod
1262 965 1298 1020 ad
1310 980 1354 1020 me
1365 979 1420 1020 non
1431 963 1595 1034 pertinebat,

166 1055 211 1110 uel
228 1054 309 1110 bomo
326 1053 395 1109 iiber
411 1053 485 1110 bona
501 1052 556 1108 fide
575 1051 640 1107 mibi
657 1052 793 1120 somieus,
812 1067 848 1108 an
864 1053 957 1108 ualeat
974 1053 1095 1123 donatio,
1113 1055 1260 1123 quaeritur.
1290 1057 1319 1110 et
1336 1054 1365 1110 in
1381 1053 1468 1109 libera
1485 1052 1595 1122 quidem

166 1158 284 1214 persona
305 1146 453 1212 utcumque
477 1141 584 1197 admitti
606 1143 698 1210 potest
721 1140 845 1197 donatio:
869 1146 977 1198 oeterae
998 1143 1071 1198 enim
1089 1158 1222 1214 personae
1240 1143 1429 1198 alienationem
1448 1143 1549 1213 peeniii
1564 1145 1597 1196 ut
1615 1149 1643 1192 to

134 1239 148 1286 e
167 1232 269 1290 donent
286 1247 341 1287 non
358 1227 469 1286 habeut
497 1231 559 1286 Non
576 1235 684 1286 tantum
702 1235 795 1286 autem
812 1245 862 1300 per
879 1246 910 1286 se
928 1232 1042 1287 maritus
1060 1237 1090 1287 et
1106 1247 1175 1288 uxor
1193 1237 1354 1301 ceteraeque
1367 1245 1501 1302 personae
1513 1229 1597 1286 dare¹

119 1329 149 1376 ιο
166 1337 221 1378 non
243 1325 361 1392 possunt
375 1321 429 1375 'sed
447 1339 492 1375 aee
506 1339 556 1392 per
573 1327 748 1391 interpositam
764 1339 907 1391 peronam.
943 1319 1092 1376 Soiendum
1110 1325 1201 1376 antem
1220 1326 1264 1377 est
1280 1321 1319 1376 ite
1336 1320 1507 1376 interdictam
1525 1320 1597 1374 inter

166 1412 255 1467 uirum
273 1415 302 1465 et
318 1424 432 1465 uxorem
450 1407 633 1478 donationem,
652 1412 683 1462 ut
699 1408 759 1478 ipso
777 1408 836 1462 iure
853 1407 919 1463 nibil
937 1409 1030 1465 ualeat
1047 1409 1121 1479 quod
1139 1413 1231 1464 aetum
1249 1413 1306 1465 est:
1324 1409 1439 1481 proinde
1456 1409 1481 1464 si
1497 1423 1597 1478 eorpus

166 1499 203 1555 sit
220 1499 294 1569 quod
312 1498 441 1567 donatur,
466 1512 517 1552 neo
534 1495 645 1552 traditio
662 1497 808 1566 quiequam
826 1497 914 1567 ualet,
939 1503 968 1552 et
985 1498 1009 1553 si
1027 1498 1168 1568 stipulanti
1186 1499 1349 1569 promissum
1368 1497 1466 1554 situel
1483 1502 1597 1568 aooopto

164 1588 264 1657 latum,
282 1585 348 1642 nibil
365 1587 454 1642 ualet:
477 1587 538 1656 ipso
555 1586 629 1641 enim
646 1585 705 1640 inre
722 1599 793 1654 quae
812 1585 883 1640 iuter
899 1587 988 1642 uirum
1006 1592 1036 1642 et
1053 1601 1166 1642 uxorem
1184 1587 1338 1644 donationis
1356 1603 1441 1644 eausa
1457 1591 1596 1658 geruntur,
1616 1593 1644 1635 tt

118 1685 146 1731 11
165 1677 265 1732 nullius
288 1676 418 1731 momenti
436 1679 507 1730 sunt.
545 1673 573 1730 Si
592 1673 653 1744 quis
670 1673 754 1743 igitur
771 1689 897 1730 nummos
914 1676 994 1730 orori
1011 1673 1132 1746 dederit,
1157 1691 1211 1732 non
1228 1675 1288 1732 tisri
1305 1677 1364 1732 eins
1382 1681 1508 1748 apparet,
1533 1676 1598 1746 qnia

118 1774 148 1820 sa
165 1765 231 1820 nibil
249 1765 370 1834 eorporis
388 1765 447 1820 eius
465 1762 523 1818 fieri
541 1764 631 1834 palam
650 1767 703 1818 est.
728 1761 784 1818 Sed
802 1763 826 1818 si
843 1763 996 1820 debitorem
1008 1779 1089 1819 suum
1101 1764 1128 1820 ei
1139 1766 1245 1820 soluere
1257 1767 1374 1836 iusserit,
1393 1765 1437 1821 bio
1449 1764 1596 1835 quaeritur,

165 1869 200 1909 an
219 1853 322 1910 nummi
340 1851 408 1908 dant
424 1853 484 1907 eius
501 1851 663 1921 debitorque
680 1851 818 1906 liberetur.
845 1857 873 1907 et
891 1851 986 1908 (ieisns
1004 1851 1072 1908 libro
1090 1853 1186 1923 quinto
1203 1853 1310 1910 deoimo
1322 1854 1491 1925 digestorum
1503 1852 1598 1909 soribit

164 1943 314 1998 uidendum
333 1955 403 2011 esse,
421 1955 456 1996 ne
473 1940 528 1996 diei
539 1941 628 2012 possit
639 1945 668 1996 et
679 1939 830 1996 debitorem
843 1939 986 1996 liberatum
999 1947 1029 1997 et
1039 1957 1165 1998 nummos
1179 1941 1189 2014 ΙΙ
1204 1940 1292 1999 iaotos
1305 1944 1403 2014 mariti,
1422 1959 1477 2000 nou
1488 1942 1595 1998 uxoris:
1613 1945 1630 1992 t.
1640 1941 1694 1992 eet

164 2048 228 2088 uam
247 2037 275 2087 et
293 2032 316 2086 si
334 2029 445 2086 donatio
462 2029 522 2085 iure
540 2029 613 2085 ciuili
631 2045 687 2086 non
703 2028 888 2099 impediretur,
907 2045 970 2086 eum
988 2031 1028 2086 rei
1045 2035 1142 2100 gestae
1155 2031 1277 2087 ordinem
1289 2030 1419 2102 futurum,
1437 2037 1469 2087 nt
1480 2031 1597 2102 peouma
1615 2037 1644 2080 2⁰

165 2121 201 2177 ad
219 2126 246 2176 te
265 2137 282 2176 a
299 2119 422 2176 debitore
440 2123 497 2189 tuo,
516 2118 615 2174 deiude
632 2135 650 2173 a
666 2123 695 2173 te
713 2117 748 2173 ad
766 2118 906 2174 mulierem
924 2119 1091 2189 perueniret:
1109 2135 1172 2175 nam
1191 2121 1330 2177 eeleritate
1344 2119 1595 2191 eoniungeudarum

163 2210 283 2266 interae
302 2211 440 2265 sotionem
458 2223 541 2264 unam
559 2209 694 2263 sotionem
713 2207 857 2277 oooultari,
881 2211 1002 2264 oeterum
1021 2207 1171 2264 debitorem
1190 2209 1317 2266 creditori
1334 2210 1413 2280 dare,
1434 2209 1596 2265 oreditorem

164 2299 251 2356 uxori.
279 2313 330 2354 neo
347 2313 450 2354 nouum
468 2301 518 2352 aut
535 2298 632 2352 mirum
652 2311 721 2366 ease,
740 2295 813 2365 quod
829 2311 878 2367 per
889 2297 972 2352 atium
991 2297 1118 2367 aeoipias,
1136 2303 1165 2353 te
1182 2299 1319 2369 aeeipere:
1338 2314 1401 2355 nam
1420 2304 1449 2354 et
1462 2298 1530 2368 siis,
1549 2295 1596 2367 qui

165 2388 307 2444 oreditoris
324 2388 365 2442 ιιι
383 2402 413 2442 se
431 2390 634 2456 proouratorem
653 2400 715 2440 ease
733 2385 914 2455 simulauerit,
940 2401 957 2440 a
974 2385 1097 2442 debitore
1115 2391 1164 2442 tno
1181 2385 1294 2442 iubente
1310 2391 1339 2443 te
1356 2387 1500 2458 peouniam
1518 2399 1596 2441 aooe·

117 2477 249 2548 reperit,
267 2481 296 2531 et
312 2474 378 2530 inrti
396 2475 531 2530 aetionem
549 2473 697 2530 rehabere
715 2477 824 2529 oonstat
841 2479 870 2529 et
887 2475 976 2544 ipsam
993 2475 1136 2546 pecuniam
1154 2478 1230 2530 tuam
1249 2491 1319 2532 esse.
1355 2475 1426 2531 Huio
1444 2475 1596 2531 sententiae
1615 2479 1644 2522 tt

165 2579 335 2635 oouaequeus
352 2569 403 2634 est,
422 2563 496 2634 quod
513 2564 634 2620 Iulianus
650 2563 720 2620 libro
737 2563 855 2634 septimo
873 2563 980 2619 deoimo
998 2563 1167 2633 digestorum
1184 2563 1301 2634 soribsit,
1319 2564 1344 2619 si
1356 2564 1517 2620 donaturum
1530 2563 1596 2620 mibi

164 2655 269 2710 iussero
287 2653 366 2710 uxori
383 2667 461 2708 meae
479 2653 559 2708 dare:
577 2653 617 2708 ait
634 2653 706 2708 enim
724 2653 845 2708 Iulianus
862 2653 963 2708 nullius
974 2667 1036 2708 esse
1048 2654 1187 2724 momenti,
1205 2653 1320 2724 perinde
1332 2654 1402 2710 enim
1415 2653 1596 2723 babendum⁸,

164 2747 249 2812 atque
266 2743 290 2798 si
308 2757 360 2813 ego
379 2745 520 2812 aooeptam
538 2746 567 2796 et
584 2755 642 2798 rem
654 2757 743 2797 meam
755 2739 874 2796 iaetam‘
885 2741 964 2796 uxori
975 2755 1054 2796 meae
1065 2741 1217 2798 dedissem:
1236 2757 1307 2813 quae
1319 2743 1456 2800 sententia
1466 2758 1533 2798 uera
1544 2745 1596 2798 est.

164 2831 351 2903 F[P(VLU)]

165 2961 174 2994 ²
194 2961 226 3022 ἐξ
240 2959 318 3012 1-6
336 2965 443 3029 praeime
456 2958 576 3029 confitear
588 2975 605 3008 o
617 2955 823 3026 compilatoribus
838 2957 874 3009 od
886 2955 952 3011 duae
960 2957 1022 3040 sere
1035 2957 1148 3010 ordinem
1159 2957 1320 3012 reuocandos
1331 2963 1402 3011 aaut:
1420 2957 1484 3022 (51)
1497 2955 1596 3012 Uidea·

164 3045 235 3098 mus,
253 3029 410 3098 intorques
428 3031 493 3081 sunt
510 3025 661 3096 prohibitae
680 3025 850 3081 donationes.
874 3030 903 3081 et
921 3026 1031 3096 quedem
1043 3035 1067 3081 ιι
1078 3036 1122 3081 etr
1132 3030 1173 3082 aei
1182 3045 1255 3082 socer
1266 3028 1346 3081 donet
1356 3035 1432 3081 uxori
1448 3030 1489 3082 uei
1503 3046 1597 3098 ponere

163 3109 272 3155 numius
288 3109 343 3155 siue
361 3119 426 3153 uxor
444 3101 483 3152 uei
491 3117 570 3170 peaes·
581 3117 691 3152 ιιιιιιιιιιι
702 3106 760 3152 uiro
772 3101 813 3152 uei
822 3116 918 3161 socero,
937 3099 960 3153 si
979 3098 1179 3154 matrimonium
1192 3097 1312 3153 moribus
1323 3097 1485 3168 legibusque
1497 3097 1598 3154 noemia

165 3177 281 3240 oonstat,
300 3171 412 3226 donatio
430 3183 485 3224 uon
503 3167 614 3224 ualebit
641 3168 691 3223 sed
710 3170 733 3224 ei
746 3168 852 3224 ...sed
870 3170 958 3239 magis
976 3168 1152 3226 oonoubinae.
1183 3171 1210 3234 (ι
1222 3171 1250 3237 6)
1269 3168 1324 3224 Sed
1342 3176 1371 3224 et
1387 3169 1429 3224 bis
1447 3173 1488 3224 aet
1504 3170 1537 3224 ab
1556 3171 1597 3224 tta

165 3245 212 3368 gui
229 3248 293 3298 sunt
309 3243 338 3297 iu
355 3253 448 3297 eorum
467 3243 605 3311 potestate
623 3240 646 3294 si
664 3238 747 3295 fuerit
764 3240 904 3310 donatum,
923 3243 967 3296 uel
985 3241 1013 3296 iu
1031 3256 1146 3310 quorum
1168 3245 1234 3296 sunt
1250 3244 1399 3310 potestate,
1422 3255 1477 3298 uon
1494 3239 1598 3295 ualebit

185 3315 286 3382 onatio,
305 3315 328 3369 si
347 3313 428 3368 modo
445 3313 488 3367 uir
506 3317 534 3366 et
552 3327 630 3366 socer
647 3311 675 3366 iu
693 3311 815 3366 eiusdem
834 3317 898 3366 sunt
914 3317 1051 3382 potestate
1063 3314 1107 3367 uel
1122 3313 1165 3366 uir
1176 3311 1204 3366 in
1217 3313 1318 3366 soceri:
1337 3317 1456 3366 ueterum
1469 3311 1492 3367 si
1504 3313 1533 3366 in
1544 3311 1598 3366 alia

165 3383 268 3440 familia
286 3391 328 3439 eat
346 3385 472 3452 maritus,
490 3397 579 3452 neque
598 3397 692 3438 soeero
711 3398 799 3452 neque
818 3383 843 3438 ei
861 3382 908 3452 qui
926 3384 1014 3440 estin
1032 3385 1091 3438 eius
1109 3387 1246 3453 potestate
1263 3398 1352 3453 neque
1370 3383 1395 3438 ei
1412 3383 1441 3438 in
1459 3384 1537 3438 ouius
1555 3387 1599 3438 est

166 3457 312 3511 donatione
326 3455 500 3510 interdictum
518 3459 569 3509 est.
606 3457 632 3519 (ι
644 3457 672 3517 21
690 3455 753 3508 Item
771 3454 818 3525 qui
835 3455 864 3509 iu
881 3455 1003 3510 eiusdem
1022 3458 1159 3525 potestate
1176 3457 1248 3518 sunt,
1268 3463 1295 3507 ia
1312 3463 1384 3510 cuiue
1398 3461 1523 3525 potestate
1540 3473 1597 3508 ma·

165 3535 286 3582 ritae-eat
300 3530 340 3582 uei
357 3545 428 3589 eaor,
450 3525 627 3596 probibentur
644 3527 741 3580 donare
758 3534 823 3580 itane
840 3527 949 3591 domrt,
971 3532 1002 3581 ut
1019 3531 1087 3596 puta
1103 3524 1188 3580 frater
1205 3525 1308 3594 mariti,
1331 3526 1377 3593 qui
1401 3528 1445 3580 est
1463 3526 1492 3580 in
1510 3525 1598 3580 soeeri

165 3601 310 3670 potestate.
342 3601 367 3662 (5
376 3599 403 3664 3)
417 3597 537 3652 Uerbum
554 3597 699 3666 potestatis
761 3597 864 3652 donare
882 3611 937 3652 uon
953 3599 1068 3668 possint.
1096 3601 1122 3663 (ι
1131 3599 1160 3663 4)
1178 3595 1334 3652 Secundum
1349 3596 1417 3651 haee
1480 3612 1535 3652 non
1547 3596 1599 3651 erit

165 3669 242 3726 irrita
259 3669 379 3723 donatio.
405 3669 523 3723 Deirado
539 3675 598 3722 suat
615 3688 680 3740 quoe
697 3671 813 3739 tepenter·
831 3667 876 3738 §5
895 3669 952 3736 (ubi
969 3671 1048 3723 uerba
1066 3673 1095 3723 et
1112 3668 1191 3724 uxori
1209 3677 1309 3722 omnino
1324 3669 1466 3722 redundant
1484 3669 1599 3740 reditque

164 3747 299 3814 praetereo
311 3741 380 3811 quod
391 3741 547 3811 dictumfltit
566 3739 580 3808 5
593 3739 623 3805 2)
643 3747 667 3793 et
681 3747 837 3810 principium
857 3739 871 3809 5
884 3739 902 3793 6
920 3740 978 3806 (abi
993 3759 1042 3811 pro
1060 3740 1105 3794 uel
1121 3753 1223 3810 genero
1241 3746 1307 3793 certe
1318 3739 1542 3808 seribendumsuit
1553 3737 1598 3793 uel

166 3813 290 3880 socero):
359 3830 414 3864 ees
424 3821 498 3882 parre
511 3818 552 3864 ori
570 3818 635 3864 inem
647 3811 765 3864 uidentur
776 3818 886 3864 ιιιιιιιιι
898 3811 930 3864 ab
943 3819 984 3875 iia,
1001 3830 1065 3882 quae
1081 3813 1260 3866 desiderantur
1271 3818 1298 3862 in
1310 3811 1395 3864 media
1407 3809 1421 3879 §
1432 3811 1456 3862 1.
1475 3813 1507 3881 eff.
1521 3816 1598 3864 etium

166 3885 190 3939 Ιι.
201 3891 218 3938 ι.
229 3886 245 3937 t
255 3883 290 3936 26
303 3831 358 3952 gin
363 3884 379 3934 t.
388 3881 423 3935 32
439 3881 506 3950 §ie
518 3884 534 3934 t.
543 3831 579 3936 5⁹3
589 3901 631 3950 pr.
702 3881 714 3916 ¹
732 3881 834 3936 donare
851 3881 953 3946 (dettii
1017 3882 1028 3916 ⁸
1048 3882 1147 3938 nuliius
1164 3897 1226 3937 esse
1244 3880 1389 3936 momenti:
1408 3880 1447 3934 ait
1464 3881 1534 3936 euim
1553 3880 1598 3935 Iu-

164 3956 253 4010 lianus
271 3953 383 4024 perinde
401 3951 555 4008 babendum
574 3951 747 4018 (Noodtiua)?
818 3952 830 3986 ⁴
848 3956 876 4007 et
892 3968 980 4007 meam
998 3949 1099 4008 iaetam
1118 3953 1196 4008 rem?

165 4077 183 4132 2
201 4079 337 4146 potestate
355 4075 388 4146 si]
406 4079 527 4146 prestate
540 4075 564 4130 si
581 4076 621 4130 P·
636 4077 641 4143 1
656 4075 786 4145 uurusue]
805 4091 854 4130 nu·
908 4077 1075 4140 κεκωλγιιὲιι
1093 4075 1219 4148 epicoena
1237 4074 1299 4138 οῩτε
1310 4074 1352 4128 tri
1371 4075 1533 4146 ιιιρειθέτιγ
1551 4074 1597 4137 ti·

164 4162 297 4204 rusuesue
316 4147 376 4200 ΡΙ)
423 4145 605 4202 3eorundem
625 4147 653 4201 P
683 4147 714 4201 ¹4
731 4146 854 4202 eiusdem
908 4167 997 4204 ιιιτιι
1016 4149 1153 4218 repetere·
1178 4149 1270 4202 coitate
1287 4147 1311 4200 ι.
1324 4154 1342 4202 t.
1361 4149 1405 4202 t5
1425 4147 1470 4218 §2
1492 4148 1496 4214 Ι
1517 4145 1597 4216 ἰιιιι]

165 4217 238 4286 ιιιι]
258 4218 379 4273 eiusdem
397 4217 437 4272 Ρ·
485 4217 576 4288 tiqui]
594 4217 664 4282 Pet,
681 4233 734 4288 que
751 4219 853 4286 Fami
908 4224 937 4274 et
948 4219 1018 4274 iutar
1029 4219 1071 4274 P·
1110 4221 1144 4274 14
1155 4218 1229 4288 quod
1241 4238 1290 4271 om.
1299 4218 1338 4272 P·
1354 4220 1358 4284 Ι
1374 4223 1403 4272 et
1414 4217 1446 4286 si}
1460 4218 1484 4272 si
1496 4217 1602 4272 PVLU

165 4307 200 4345 an
219 4305 288 4344 nuru
307 4289 355 4354 P·,
378 4289 488 4344 anuiru·
507 4289 540 4343 U‘
594 4289 680 4358 ieet]
699 4295 791 4359 potest
808 4290 855 4354 P‘,
909 4293 943 4346 16
967 4291 990 4346 si
1009 4309 1057 4345 om.
1069 4291 1109 4345 P·
1163 4293 1195 4345 li
1220 4289 1265 4344 hio
1288 4289 1391 4360 quaen]
1413 4288 1482 4344 haee
1504 4303 1598 4357 quaer.

165 4381 214 4416 om.
229 4361 272 4428 Vi
288 4360 332 4415 hio
350 4360 402 4429 ius]
421 4359 528 4415 1ιίι’ἰιι’
535 4360 578 4416 iue
598 4361 642 4424 F’,
661 4361 703 4414 ius
716 4359 830 4415 PVLU‘
848 4361 854 4430 Ι
908 4363 1030 4422 F¹P⁰L⁶.
1049 4380 1098 4415 om.
1115 4361 1148 4416 U·
1193 4361 1227 4415 19
1245 4373 1300 4416 nou
1317 4360 1372 4429 un]
1393 4359 1480 4416 n‘a'on
1494 4376 1540 4415 ux.
1553 4359 1598 4424 F‘,

165 4447 220 4487 non
238 4431 445 4487 conuertiturP
485 4431 727 4487 {idoneofflti‘i
771 4433 855 4486 tiser-
909 4449 1002 4488 annx.
1016 4431 1122 4487 PVLU
1162 4431 1599 4500 aonanet1w⁶‚an1²⁶,nan

165 4503 243 4558 uiens
266 4519 360 4558 serues
369 4504 409 4556 P⁰
424 4504 428 4570 1
444 4502 542 4558 liberta
550 4503 635 4568 ΡΨ,
646 4502 759 4558 liberem
769 4503 860 4558 VL‘U
909 4505 1001 4560 PWL
1007 4503 1040 4558 U‘
1056 4506 1060 4571 Ι
1076 4503 1261 4574 impediretur]
1272 4503 1525 4572 permittereturPi
1540 4502 1600 4572 regi

166 4575 201 4628 10
256 4575 336 4644 mitti]
357 4575 442 4629 amita
461 4575 501 4629 P·
554 4577 587 4630 11
605 4573 690 4630 babet
707 4575 748 4629 Ρ(Ι
764 4576 768 4641 Ι
784 4579 856 4630 oete·
909 4577 949 4630 P·
992 4575 1027 4630 92
1045 4575 1118 4630 ored.
1132 4574 1197 4630 dare
1211 4593 1258 4628 om.
1271 4575 1311 4628 P·
1326 4577 1331 4641 1
1347 4573 1420 4629 ored.
1432 4573 1519 4642 uxori]
1536 4588 1599 4628 oon-

165 4659 284 4714 raequae
303 4646 329 4698 F
368 4647 402 4700 12
420 4649 536 4716 possunt
554 4645 856 4716 sedneoperinterpo·
909 4647 1025 4702 ditorem
1035 4647 1113 4702 uxori
1128 4645 1157 4710 V,
1170 4645 1331 4700 creditorem
1341 4660 1454 4700 uxorem
1463 4646 1508 4709 If,
1518 4645 1603 4698 om.P

166 4717 247 4770 sitam
265 4717 419 4786 personam]
432 4715 479 4781 Pt,
497 4725 613 4788 possunt
631 4717 680 4772 sed
693 4733 744 4773 neo
755 4733 805 4787 per
816 4719 857 4772 in·
910 4719 945 4774 25
962 4719 1023 4787 ipsa
1041 4719 1084 4786 ΡΙ
1099 4717 1163 4772 huie
1175 4717 1327 4772 sententiae
1340 4715 1409 4771 'buio
1426 4714 1476 4771 ιιι·
1488 4730 1599 4786 oonsoq.

165 4789 324 4856 terpositam
342 4804 487 4859 personum
506 4787 557 4843 sibi
572 4788 673 4844 donare
685 4793 801 4858 possunt
813 4787 857 4854 l),
910 4793 954 4844 est
971 4787 1015 4853 F‘,
1033 4787 1097 4844 huie
1115 4788 1267 4844 sententiae
1281 4793 1325 4842 est
1341 4802 1451 4856 oonseq.
1464 4792 1508 4842 eet
1524 4787 1598 4852 ΡΨ,

165 4864 282 4929 possunt
294 4859 344 4914 sed
354 4875 406 4916 neo
417 4875 467 4975 per
478 4861 546 4915 aiios
559 4859 602 4925 V‘,
614 4866 731 4929 possunt
741 4860 791 4916 sed
803 4875 858 4916 non
910 4860 974 4915 baio
991 4860 1143 4916 sententiae
1166 4865 1210 4915 est
1227 4873 1336 4930 oonseq.
1355 4859 1448 4914 P‘LU
1498 4859 1533 4914 26
1551 4857 1599 4914 do·

166 4930 249 4984 etiam
263 4931 389 5000 peraiios
406 4930 446 4996 1⁴,
464 4935 581 5002 possunt
595 4931 780 4986 FP·V⁰L⁶U·:
795 4951 857 5002 anp-
910 4930 1154 5000 naturusP⁰L¹U·,
1167 4931 1301 4987 donatore
1311 4929 1388 4986 P‘U‘
1433 4931 1467 4988 at
1480 4929 1539 4985 dari
1547 4927 1604 4986 ΡΥ

164 5004 314 5073 piamentum
331 5009 458 5074 receptum
475 5007 627 5076 confirmant
644 5003 671 5058 B
683 5002 808 5072 (Aeon.):
825 5001 857 5054 ri
