3570 5362
114 231 355 282 ssorsonsnss
791 205 876 286 317
1333 207 1364 278 X
1386 210 1406 275 2
1427 215 1542 272 82-38

60 371 97 432 32
170 370 248 426 Insa
263 368 332 426 libro
351 368 473 428 munnio
490 381 690 438 responsorum.
726 365 802 433 Quae
824 370 903 436 patet
922 365 993 422 inter
1015 363 1085 422 thes
1107 364 1274 438 nondinisit
1290 371 1353 436 pest
1371 357 1544 449 Q
1561 371 1589 427 P

116 453 213 514 datast
232 459 354 516 sationes
370 459 443 516 unios
460 457 616 525 diuisionis,
633 455 676 512 ‘sd
699 455 820 524 singulos
843 469 893 524 pro
916 453 1079 530 hereditaria
1101 455 1224 524 portione
1245 455 1395 525 pertinent,
1419 453 1499 510 modo
1520 453 1544 510 ri

116 553 217 616 eatena,
236 562 307 616 qnae
323 563 381 604 non
399 546 500 614 diuisit,
518 546 546 602 in
564 559 648 602 unum
665 545 827 614 generaliter
844 558 899 600 non
916 543 1031 600 eontulit
1047 543 1092 600 usi
1110 557 1153 600 res
1172 542 1251 598 datas
1269 558 1324 600 non
1341 549 1499 612 sequuntur.

62 637 98 696 33
170 637 248 692 iosrr
265 635 334 692 libro
352 636 469 706 septimo
486 649 686 708 responsorum.
713 632 743 689 Si
755 637 833 703 pater
843 630 959 688 familias
968 631 1086 700 ¹singulis
1097 630 1242 688 heredibus
1254 630 1353 687 fundos
1371 625 1545 716 [Q
1561 639 1589 693 Ρ

115 724 234 794 legando
252 724 393 780 domionis
411 723 523 779 arbitrio
541 721 618 792 iungi
635 723 729 792 uoluit,
751 737 805 778 non
822 721 901 778 aliter
917 726 1023 790 partem
1041 735 1118 778 suam
1137 719 1248 778 deheres
1265 724 1405 790 praestare
1422 726 1543 790 cogetur,
1562 733 1576 775 s
1709 719 1711 722 ’

116 829 199 884 quarn
218 814 242 868 si
259 814 320 868 nice
338 819 434 870 mutua
450 817 556 884 partem
573 827 646 870 nexu
663 811 784 881 pignoris
801 809 914 866 liberam
932 812 1122 878 eonsequatur.
1655 825 1656 828 ¹

63 904 98 962 34
169 902 248 958 Insrr
265 901 334 958 libro
353 906 452 958 ostano
470 915 670 972 responsorum.
706 899 806 958 Seruus
823 900 894 956 inter
908 897 1055 954 eobsredes
1072 903 1194 968 tempore
1212 898 1353 960 diuisionis
1385 909 1412 956 Β.
1427 910 1466 965 42,
1480 910 1501 965 t,
1514 909 1545 956 us
1561 903 1589 958 P

116 991 277 1048 aestimatus
303 1006 358 1046 non
383 989 504 1058 emendi,
526 989 580 1046 sed
607 989 747 1046 diuidendi
772 989 862 1046 animo
888 987 982 1057 pretiis
1009 986 1178 1056 adscriptos¹
1205 987 1291 1042 uideri
1317 988 1433 1058 plaeuit:
1460 1002 1544 1058 quare

115 1095 253 1150 suspensa
270 1079 429 1136 eondioiene
447 1083 569 1136 mortuos
586 1083 642 1136 tan
660 1077 752 1134 heredi
770 1092 852 1147 qnam
869 1075 1118 1134 fideioommissario
1136 1075 1282 1144 deperisse.
1563 1087 1577 1128 a

65 1169 99 1228 ih
169 1170 248 1225 insu
264 1168 333 1224 libro
351 1167 512 1226 duodecimo
530 1181 730 1237 responsorum.
757 1165 922 1236 Pomponius
934 1163 1126 1234 Philadelphus
1144 1163 1217 1220 dotis
1235 1179 1319 1224 eausa
1329 1179 1405 1235 prae-
1425 1159 1546 1248 [Q
1562 1171 1591 1226 P

116 1258 162 1316 dis
183 1257 274 1314 hliae⁸
291 1273 374 1326 quam
397 1255 533 1312 habebat⁴
550 1257 579 1312 in
602 1260 739 1326 potestate
756 1254 870 1312 tradidit
887 1257 916 1308 et
933 1253 1052 1310 reditus‘
1070 1267 1164 1310 eorum
1181 1267 1284 1322 genero
1302 1253 1372 1310 solui
1389 1254 1544 1310 mandauit:

116 1364 151 1404 sn
173 1362 210 1402 es
232 1347 381 1416 praecipua
402 1343 458 1400 iiia
480 1344 597 1400 retinere
621 1345 721 1414 possit,
744 1331 807 1400 uum
826 1357 918 1398 omues
935 1341 1005 1398 iilius
1022 1339 1136 1398 heredes
1153 1341 1329 1411 instituisset,
1354 1342 1544 1411 quaerebatur.

116 1437 219 1492 iustam
242 1449 354 1490 umam
377 1433 534 1490 reduendes
556 1432 737 1502 possessionis
760 1431 860 1488 habere
882 1429 979 1499 filiurn,
1001 1430 1129 1500 quonium
1152 1435 1230 1502 pater
1253 1429 1366 1500 praedia
1387 1431 1422 1486 de
1445 1430 1545 1500 quibus

116 1523 302 1596 quaerebatur
323 1522 396 1578 dotis
418 1537 480 1578 esse
502 1521 590 1577 uoluit
605 1526 641 1578 et
664 1521 863 1578 matrimonium
883 1524 1083 1594 postmortem
1108 1533 1216 1588 quoque
1238 1519 1325 1587 patris
1342 1521 1481 1590 smmratt,
1504 1523 1545 1576 re

115 1613 229 1685 mundi:
252 1611 336 1668 riliarn
359 1611 472 1682 monim,
495 1623 565 1680 qnae
587 1610 746 1670 naturaiiter
768 1624 849 1680 agros
871 1609 985 1678 tenuiti,
1008 1608 1100 1679 speeie
1123 1607 1195 1664 dotis
1218 1608 1296 1666 ouius
1310 1623 1407 1679 ospax
1430 1606 1545 1670 irrisrrett
1565 1619 1593 1661 rs

117 1701 237 1758 defmdi.
921 1709 924 1720 ·

71 1787 100 1849 ii
169 1792 291 1848 Psunus
307 1789 377 1846 hbro
395 1788 515 1846 seeundo
532 1788 731 1856 quaestionum.
759 1786 970 1856 computarem
988 1784 1195 1848 teebheredem
1213 1781 1253 1868 [b.
1264 1797 1303 1854 tt,
1315 1797 1338 1854 t,
1352 1798 1390 1844 ut.
1411 1796 1545 1858 sp.11‚as
1563 1791 1591 1846 P

117 1895 210 1936 meum
228 1893 290 1934 esse
307 1877 390 1947 idque
406 1887 502 1934 herum
521 1891 575 1932 non
593 1880 680 1944 esset,
698 1875 743 1943 egi
760 1879 852 1930 tasum
869 1873 988 1932 familiae
1005 1873 1182 1930 erebeundae
1199 1874 1299 1934 iudieio
1318 1883 1346 1930 et
1362 1891 1381 1930 a
1398 1875 1488 1932 indies
1505 1875 1545 1932 in·

116 1970 208 2024 nisam
231 1966 448 2022 adiudiostiones
469 1969 499 2022 st
520 1963 761 2020 eundemnationes
782 1961 871 2020 tmtaa
895 1967 972 2020 sunt:
996 1977 1111 2032 quaero,
1135 1963 1174 2018 rei
1191 1963 1308 2022 ueritate
1326 1965 1438 2034 cognita
1454 1969 1546 2020 uuum

115 2055 256 2112 eondietio
273 2056 391 2114 huben
409 2059 546 2124 eomputat
563 2067 599 2108 an
617 2051 784 2108 uindieatio?
810 2057 891 2108 etan
909 2053 982 2108 siiud
999 2053 1028 2108 in
1046 2067 1080 2108 eo
1097 2052 1145 2121 qui
1162 2051 1241 2108 heres
1258 2057 1310 2121 est,
1328 2053 1402 2112 aliud
1414 2053 1487 2110 ineo
1499 2053 1546 2122 qui
1564 2063 1594 2104 ao

115 2144 197 2202 beros
215 2159 271 2200 non
287 2145 325 2200 sit
341 2143 490 2200 dioendum
506 2142 569 2198 est?
598 2141 739 2211 respondi:
758 2141 804 2210 qui
823 2155 858 2196 ex
874 2155 937 2198 asse
955 2140 1041 2198 heres,
1052 2146 1119 2210 erat,
1136 2140 1170 2206 si.
1188 2155 1251 2196 eum
1267 2147 1378 2211 putaret
1395 2156 1425 2198 se
1443 2142 1545 2198 'litium

115 2233 281 2292 eehersdem
304 2231 419 2301 habere,
442 2231 580 2302 aeoeperit
601 2245 663 2286 eum
687 2243 719 2286 so
742 2227 860 2288 tamisiae
882 2229 1057 2286 smisoundae
1080 2229 1209 2290 iuditium
1228 2235 1257 2284 et
1275 2229 1545 2290 condemnationibus
1598 2227 1599 2230 ’

115 2319 200 2378 isetis
217 2321 330 2376 soluerit
346 2321 499 2392 pesuniam,
517 2319 646 2389 quoniam
664 2333 699 2374 ex
715 2333 800 2389 eausa
816 2317 929 2374 indicati
946 2319 1036 2388 soluit
1054 2323 1177 2389 repetere
1195 2333 1250 2374 non
1267 2323 1367 2388 potest.
1395 2319 1445 2376 sed
1462 2324 1493 2380 tn
1505 2319 1544 2374 ui·

115 2409 192 2466 deria
210 2425 244 2465 eo
262 2410 373 2479 moueri,
392 2408 466 2480 quod
483 2424 539 2466 nou
555 2414 600 2464 est
616 2407 744 2464 iudioinm
762 2405 881 2468 familiae
898 2407 1072 2479 emiseuudss
1083 2407 1136 2464 nisi
1147 2408 1219 2466 inter
1230 2407 1377 2466 eobsredes
1388 2412 1544 2479 aeeephrm:

115 2497 168 2554 sed
185 2499 312 2568 quamuis
329 2513 384 2554 non
401 2498 438 2553 sit
454 2497 597 2567 iuditium,
621 2503 713 2552 umen
729 2495 831 2554 suffieit
848 2497 884 2552 sd
902 2497 1102 2567 inpediendam
1119 2497 1320 2568 repetitionem,
1344 2497 1419 2568 quod
1431 2497 1497 2570 quis
1514 2513 1545 2554 se
1564 2509 1592 2550 ss

114 2591 198 2658 putat
215 2586 433 2642 condemnatum.
460 2585 535 2654 quod
552 2587 576 2642 si
593 2591 691 2644 uenter
707 2600 800 2644 eorum
818 2585 897 2646 heres
915 2584 974 2655 tuit,
992 2585 1042 2642 sed
1059 2586 1138 2656 quasi
1155 2585 1270 2644 heredes
1286 2591 1379 2644 essem
1390 2586 1546 2656 aeeeperint

115 2674 238 2736 iamihss
255 2675 432 2732 emisenndas
449 2675 587 2743 iudicium,
606 2675 641 2730 de
657 2675 817 2744 repetitione
833 2674 907 2730 idern
924 2675 951 2730 in
970 2674 1092 2744 utrisque
1109 2674 1254 2732 dioendum
1271 2680 1323 2745 est,
1341 2675 1416 2746 quud
1427 2675 1544 2734 diximum

115 2765 145 2820 in
168 2765 264 2822 attero
297 2764 378 2834 plane
401 2765 426 2822 si
448 2765 507 2820 sine
529 2763 619 2820 iudioe
636 2763 778 2820 diuiserint
794 2778 851 2845 res,
874 2764 956 2820 etiam
973 2762 1172 2820 eondietionsm
1189 2777 1283 2824 mum
1301 2780 1405 2835 rerum,
1429 2779 1501 2836 quae
1519 2765 1544 2820 ei

115 2859 272 2922 assuunt,
295 2869 376 2923 quem
393 2852 556 2910 eobsredem
574 2867 635 2908 esse
652 2853 761 2922 putauit
777 2853 825 2922 qui
842 2851 894 2908 huit
911 2851 1003 2922 heres,
1025 2857 1181 2922 eompetere
1198 2853 1253 2910 diei
1270 2859 1374 2925 potest:
1397 2867 1453 2912 nou
1471 2854 1544 2910 enim

115 2945 287 2998 manswtnm
305 2943 377 2998 iuter
393 2957 442 3000 eos
459 2941 634 3011 intellegitur,
652 2957 715 2998 oum
733 2942 776 3000 iile
794 2940 955 2998 coheredem
973 2956 1034 2998 esse
1051 2943 1197 3014 putauerit
1563 2952 1592 2992 ⁸⁰

58 3024 99 3090 ³⁷
170 3030 330 3088 &nuens
351 3029 419 3086 libro
438 3029 600 3088 duodecimo
617 3031 816 3100 quaestionum.
847 3029 905 3096 ¹(lui
922 3027 1041 3086 familiae
1058 3031 1352 3090 ereisoundaeindioio
1370 3026 1544 3116 Q
1561 3035 1599 3090 Ρ·

115 3120 184 3190 agit,
204 3117 346 3175 eoufimtm
363 3119 549 3176 aduenariurn
567 3119 620 3176 sibi
637 3133 699 3176 esse
717 3118 885 3176 eobsredem.
984 3171 985 3174 ,
1503 3175 1504 3178 ,

59 3203 99 3268 38
170 3207 291 3264 Pronus
307 3207 376 3264 libro
394 3209 474 3264 tertio
490 3223 691 3278 responsorum.
719 3209 820 3265 Lusius
837 3212 866 3264 st
877 3207 951 3263 Titia
964 3205 1061 3266 frames
1076 3208 1236 3278 smanoipati
1246 3224 1265 3263 a
1275 3213 1353 3279 patre
1371 3201 1545 3293 W
1562 3210 1590 3266 P

115 3297 204 3352 adniti
228 3303 368 3359 onratorss
390 3269 567 3366 aeeepefuot:
590 3296 618 3352 hi
641 3312 798 3356 eommunss
820 3297 951 3368 peeunias
971 3312 1006 3352 ex
1023 3295 1155 3352 reditibus
1173 3297 1299 3354 reduetus
1318 3297 1328 3369 ΙΙ
1348 3285 1545 3370 singnis-sub*-
1562 3302 1635 3352 titt

116 3387 354 3441 ministrauerunt:
372 3392 468 3456 postea
485 3400 565 3441 omne
582 3386 773 3456 patrimonium
792 3385 955 3440 diuiserunt:
974 3390 1003 3441 et
1019 3391 1082 3456 post
1099 3385 1260 3442 diumionem
1276 3387 1351 3442 Titia
1367 3403 1444 3446 soror
1460 3389 1545 3446 Lusio
1564 3395 1592 3438 δῦ

116 3472 195 3530 tratri
213 3489 265 3529 suo
283 3474 373 3544 eoepit
389 3475 577 3544 quaestionem
595 3489 714 3544 mouere,
732 3475 810 3544 quasi
821 3474 944 3545 amplius
962 3475 1114 3545 aaeepisset
1130 3491 1213 3544 quarn
1230 3475 1291 3545 ipsa
1303 3482 1454 3546 aeoeperat.
1482 3493 1545 3532 eum

116 3563 221 3620 Lusius
241 3561 326 3618 irater
342 3564 401 3620 eius
419 3579 474 3628 non
492 3564 609 3634 amplius
627 3564 834 3634 suspensione.
855 3565 938 3620 immo
955 3564 1044 3620 minus
1062 3577 1144 3634 quum
1162 3563 1302 3622 dimidiam
1320 3570 1484 3622 ahmeinans
1501 3567 1545 3637 sit

114 3660 308 3731 sweep]

118 3797 126 3828 ¹
144 3809 190 3849 res
208 3799 237 3848 et
256 3793 369 3849 eollatas
388 3801 449 3849 insu
467 3815 499 3849 ο.
519 3797 535 3848 i.
548 3795 584 3848 20
602 3793 648 3864 §3
665 3793 719 3848 tt.
789 3794 801 3830 ¹
818 3794 904 3850 seruis
917 3794 988 3849 inter
1006 3793 1154 3852 coheredes
1167 3799 1289 3868 tempore
1307 3795 1448 3874 diuisionis
1466 3798 1545 3852 aesti-

116 3867 198 3920 matis
211 3879 266 3919 non
278 3865 394 3934 emendi,
407 3865 457 3922 sed
490 3864 609 3938 'uidendi
621 3865 711 3920 animo
723 3865 811 3936 pretia
822 3866 978 3936 adseriptai
1036 3867 1230 3938 'Pomponiae
1249 3877 1296 3923 tna.
1312 3869 1369 3924 Uet.
1421 3868 1546 3926 ⁴habuit

119 3937 177 3992 Ust.
251 3937 421 3991 ‘mereedes
441 3937 499 3992 Uni.
570 3937 760 3992 ‘eonstiterat
780 3937 836 3992 Uat.
907 3937 1046 3994 'retinuit
1067 3937 1124 3994 Uat.
1195 3937 1277 3994 tunt
1298 3939 1354 3995 Uet.

117 4063 132 4114 1
151 4075 207 4116 non
225 4079 274 4114 ors.
286 4060 327 4114 P·
365 4061 519 4152 ipertinet
529 4059 619 4114 P⁶iV
656 4060 807 4164 inequitas
859 4061 949 4116 uerint
965 4063 1030 4148 ᾖ
1058 4063 1094 4118 32
1111 4061 1262 4150 eonfitstur]
1283 4061 1462 4150 tramutata
1475 4061 1545 4118 iuri-

114 4131 592 4273 Μ.
858 4203 1545 4279 ...a

115 4275 132 4328 9
149 4273 299 4330 intuebor.
317 4274 344 4326 F
392 4276 425 4329 10
449 4273 592 4330 dnmsoim
611 4277 637 4330 F
652 4276 656 4342 Ι
676 4273 806 4344 philodei·
858 4283 904 4332 iim
921 4279 960 4332 tea
977 4275 1040 4332 doec
1056 4295 1107 4332 uon
1118 4297 1187 4342 esau,
1204 4279 1251 4332 aad
1263 4281 1368 4332 comitio
1379 4279 1548 4333 eouaruiusit

113 4343 159 4400 fus
176 4345 219 4400 P·
263 4346 296 4400 ll
315 4343 547 4415 solui1fuluant.
593 4347 626 4402 12
643 4361 705 4408 oum
718 4346 806 4401 omnis
856 4354 918 4418 posi
931 4350 1012 4402 bmm
1029 4348 1106 4402 Pauli
1123 4355 1254 4421 nepmm
1271 4356 1406 4404 comittere
1424 4348 1546 4402 iuditium

113 4417 225 4481 litum
244 4431 403 4472 eommunes
422 4416 480 4472 Uet.
496 4419 501 4484 Ι
516 4416 630 4472 heredes
647 4418 806 4486 instquae-
849 4421 972 4491 smntttas
995 4421 1156 4474 erasmae
1178 4427 1229 4474 atat
1253 4427 1319 4474 tator
1341 4420 1475 4474 raineris
1501 4438 1545 4475 ae»

113 4487 333 4544 rebatsrrom.F¹
375 4489 408 4543 13
421 4487 455 4544 de
468 4506 517 4542 osu.
530 4487 587 4543 Uet.
623 4490 656 4544 14
668 4503 712 4543 res
750 4487 805 4558 ndi]
858 4496 955 4560 septam
975 4490 980 4556 1
1000 4490 1053 4546 siui
1074 4505 1135 4563 esse
1158 4490 1202 4555 F,
1229 4503 1260 4545 se
1283 4487 1368 4546 inisse
1390 4490 1437 4555 1³⁰,
1460 4487 1546 4546 fuisse

112 4575 163 4630 pro
184 4559 243 4644 Uet.
271 4560 325 4644 'lb
341 4557 427 4614 inisse
438 4559 530 4614 P·?V
571 4559 605 4644 iti
620 4558 707 4648 desen·
722 4557 806 4666 ‘'t’F:
857 4559 1008 4686 531sz
1009 4561 1075 4688 mgb
1084 4560 1274 4688 peamssngffl
1292 4561 1551 4702 Iefflapeoffiiug

113 4631 148 4787 ils?
159 4629 423 4788 ἒιίξῗιξὲἒεμοω
434 4631 532 4756 {35⁸2
543 4629 806 4788 Ἔὲᾶῐὲἓιοὲἒὲηξιέ
857 4701 1021 4786 peditusffl
1030 4705 1041 4772 i
1056 4671 1155 4788 singuli
1177 4669 1453 4810 subministraturum
1469 4701 1550 4790 PhU

114 4772 402 4928 stetisti
420 4773 557 4929 tris
611 4773 806 4902 sris
857 4774 1549 4929 timess

112 4915 219 4972 1³qu
231 4921 236 4986 Ι
251 4915 805 4988 putamttpntabrti')...8000heredem
857 4915 970 4972 drmidra
990 4922 1154 4974 oonseeutus
1171 4917 1219 4983 P‘,
1240 4931 1324 4988 quam
1347 4918 1459 4974 dimidia
1481 4931 1544 4973 eon-

113 5001 175 5044 esse
191 5009 241 5044 aas
253 4987 363 5044 PVLU
408 4988 444 5044 30
461 4986 608 5058 putauerit]
628 4987 708 5053 isti,
725 4991 805 5058 pute-
857 4993 968 5046 seontm
987 4989 1040 5046 w
