3652 5362
163 187 266 256 XXVI
290 190 331 256 10
349 195 428 250 1-3
830 180 917 264 778
1128 207 1176 254 nn
1198 206 1375 258 euernoms
1398 209 1610 260 nunonrsus

163 361 219 416 qua
236 347 289 402 alia
305 346 402 401 mulier
417 344 508 415 fuerit,
526 345 604 402 euius
621 349 732 416 praetor
742 359 906 416 perpensam
918 345 1049 415 pietatem
1061 345 1226 402 intellexerit
1236 361 1292 402 non
1303 361 1387 404 sexus
1398 349 1609 406 uereeundiam

162 435 342 507 egredientis,
365 435 415 491 aed
432 435 535 506 pietate
554 433 716 504 produetarn
738 449 794 490 non
817 434 957 490 oondnere
979 435 1104 490 iniuriam
1121 435 1299 506 pupillorum,
1322 435 1452 493 admittet
1475 453 1545 494 eam
1569 439 1608 498 ad

130 526 373 582 eaoeusationem.
410 523 439 580 Si
461 524 523 594 quis
545 522 580 578 de
602 522 706 592 plebeis
730 522 766 578 ob
788 521 867 578 laeta.
884 525 1020 580 strodere
1041 524 1070 579 in
1092 524 1180 580 tutela
1201 523 1323 580 admissa
1343 521 1427 582 faerit
1450 527 1533 597 apud
1553 523 1607 612 [fi]

161 619 314 686 praetorem
333 617 487 682 aecusatus,
505 612 652 668 remittitur
668 611 704 666 ad
721 609 890 682 praeseptum
908 611 984 668 urbis
1001 612 1122 682 grauiter
1137 611 1309 683 puniendum
1569 605 1606 612 ““
1626 628 1643 668 a

125 701 143 760 2
214 704 292 758 Inane
314 701 382 758 libro
405 701 491 771 primo
513 701 548 756 de
571 699 698 756 omnibus
720 698 909 756 tribunalibus.
949 699 1077 756 Libertus
1099 715 1218 771 quoque.
1233 701 1257 756 ei
1289 712 1606 772 t1,ae,11.13.t¹l.10‚a
1625 709 1662 767 S'

161 791 346 849 fraudulenter
367 790 488 860 gessisse
509 789 624 846 tutelam
637 786 762 844 filiorum
785 788 894 858 patroni
914 787 1059 861 probetur,
1088 789 1124 846 ad
1150 787 1319 860 praesentim
1341 777 1607 850 urbi's'reffitffir

160 880 323 954 puniendus.

123 967 143 1027 3
214 970 291 1026 ineu
311 967 380 1038 libro
397 966 537 1036 trigesimo
559 965 654 1035 quinto
672 964 709 1020 ad
726 965 855 1023 edietum.
874 965 885 1036 Ι
905 966 993 1023 Tutor
1010 981 1119 1038 quoque
1136 971 1306 1024 obumbrent
1322 971 1415 1038 potest
1448 979 1528 1038 aar,
1540 983 1604 1038 rue
1624 975 1648 1032 S
1668 977 1736 1025 terr

160 1063 317 1130 smpeetum
335 1055 439 1121 latere,
463 1055 522 1110 eine
540 1053 620 1110 duret
637 1052 727 1108 adhue
744 1059 833 1124 tutor,
851 1055 911 1112 siue
927 1056 982 1112 iam
1001 1056 1113 1113 desierit
1129 1057 1202 1126 ipse,
1227 1059 1354 1112 eontutor
1370 1045 1605 1118 anenffl

159 1153 247 1204 tutor:
271 1151 301 1202 et
321 1147 361 1202 ita
383 1145 464 1200 diuos
486 1142 605 1200 Seuerus
627 1143 775 1213 rescripsit.
795 1145 864 1214 -plna
887 1145 968 1202 diuus
991 1145 1056 1201 Pius
1074 1145 1192 1202 aneilio
1209 1145 1323 1202 Paetino
1346 1148 1489 1218 reseripsit
1513 1165 1603 1218 posse
1624 1160 1654 1201 ιι

128 1244 141 1289 1
159 1242 277 1294 tutorem
295 1239 453 1306 suspeetum
471 1237 603 1288 remotum
623 1235 779 1288 eontutores
801 1248 867 1288 suos
885 1240 1027 1304 suspeetos
1045 1233 1145 1290 laeere.
1181 1233 1284 1290 Liberti
1301 1249 1410 1304 eumue
1427 1237 1603 1307 pupillorum

159 1331 238 1398 grate
255 1323 364 1394 iaeient,
383 1323 406 1378 ei
424 1326 528 1376 tutores
545 1321 590 1376 uel
608 1325 748 1388 auratores
766 1335 860 1378 eorum
879 1324 950 1379 male
967 1327 1095 1393 gerentes
1112 1337 1170 1378 rem
1186 1326 1364 1392 patronorum
1381 1324 1426 1380 uel
1442 1324 1601 1384 hberorum

158 1419 334 1486 patronorum
351 1415 494 1481 suspeetos
511 1407 637 1466 ieeerint:
656 1408 706 1465 eed
724 1410 748 1464 ei
765 1413 909 1479 patronum
927 1427 1007 1468 suum
1026 1415 1073 1468 ut¹
1085 1417 1243 1482 suspeeture
1255 1412 1284 1468 in
1295 1412 1382 1468 tutela
1393 1411 1485 1470 faeere
1497 1417 1602 1488 uelint,

158 1504 255 1560 mellus
273 1506 315 1558 est
332 1500 444 1557 libertos
462 1497 497 1554 ab
516 1497 690 1554 aoeueatione
708 1498 815 1569 repelli,
839 1515 874 1556 ne
897 1500 925 1556 iu
947 1501 1009 1571 ipsa
1029 1500 1186 1570 cognitione
1207 1501 1320 1570 madius
1338 1501 1440 1570 aliquid
1457 1508 1601 1576 emergat,

126 1599 221 1649 eoum
238 1590 291 1646 boe
308 1591 369 1646 aliis
386 1586 512 1645 omnibus
529 1591 631 1658 pateat
667 1587 729 1644 Non
747 1593 854 1644 mutum
872 1593 965 1644 autem
984 1587 1167 1644 adnleseentia
1185 1595 1308 1660 curator,
1326 1589 1477 1646 sedetiam
1497 1590 1603 1650 furiosi
1622 1607 1653 1648 rs

126 1687 140 1734 t
158 1679 328 1752 nelprodigi
345 1681 377 1734 ut
395 1681 539 1748 suspeetus
557 1677 691 1733 remoueri
708 1682 809 1747 potest.
846 1675 900 1733 Sed
919 1682 947 1732 et
964 1677 988 1734 si
1005 1678 1068 1747 quis
1086 1692 1178 1734 euram
1197 1679 1301 1736 uentris
1318 1677 1487 1736 honorumue
1507 1681 1600 1738 admi-

125 1774 236 1841 estrat,
254 1785 309 1826 non
326 1767 430 1823 carebit
447 1766 527 1821 huius
546 1766 665 1822 oriminis
683 1770 766 1822 metu.
794 1767 940 1822 Praeterea
956 1766 1114 1837 uidendum,
1133 1781 1169 1822 an
1186 1767 1291 1824 ataine
1309 1768 1485 1824 aeeueatione
1504 1772 1602 1840 pessit

157 1863 302 1932 suspeetne
320 1857 424 1927 repelli.
451 1858 479 1910 et
497 1855 585 1924 magis
602 1859 653 1924 est,
671 1858 703 1910 ut
720 1857 814 1925 repelli
832 1854 940 1926 debeat,
958 1855 983 1911 ai
1000 1855 1120 1926 praeteri
1136 1855 1240 1925 liqueat
1257 1870 1292 1911 ex
1308 1857 1487 1926 apertissimis
1500 1873 1599 1916 rerum

125 1955 140 2002 t
157 1947 326 2019 argumentis
344 1949 502 2015 suspectum
521 1959 583 1999 eum
595 1958 670 1999 esse:
689 1944 763 2014 quod
775 1943 870 2000 iauore
882 1944 1046 2016 pupillorum
1058 1943 1247 2015 aeeipiendum
1261 1949 1317 2022 pet.
1346 1944 1425 2002 Nune
1436 1945 1600 2020 uideamus,

157 2034 309 2107 exquibus
327 2034 417 2090 tausis
435 2033 555 2103 suspeeti
573 2037 774 2089 mmoueantur.
802 2039 831 2089 et
848 2033 990 2090 selendum
1008 2038 1052 2088 est
1069 2038 1118 2088 aut
1135 2032 1171 2090 ob
1190 2033 1283 2092 dolum
1299 2034 1328 2090 in
1340 2035 1427 2090 tutela
1439 2035 1600 2094 admissum
1621 2049 1652 2090 ae

156 2129 315 2195 suspeetnm
331 2123 414 2178 lieere
432 2121 583 2192 postulare,
607 2123 632 2178 si
649 2120 719 2178 torte
736 2127 879 2192 grassatus
896 2122 925 2178 in
942 2123 1029 2178 tutela
1046 2127 1090 2178 est
1107 2126 1156 2178 aut
1173 2122 1283 2178 sordide
1300 2124 1358 2194 egit
1374 2123 1419 2178 uel
1436 2126 1600 2194 pernitiose

155 2213 258 2286 pupillo
275 2213 321 2268 uel
338 2209 441 2280 aliquid
459 2210 603 2280 intereepit
620 2225 656 2266 ex
672 2209 755 2267 rebus
772 2209 951 2282 pupillaribus
975 2211 1030 2266 iam
1047 2215 1130 2268 tutor.
1158 2211 1232 2282 quod
1251 2211 1276 2268 ai
1293 2211 1359 2282 quid
1377 2212 1503 2284 admisit,
1528 2219 1599 2274 ante

155 2307 249 2358 tamen
272 2301 395 2370 admisit,
422 2315 504 2369 quarn
530 2303 605 2356 tutor
631 2305 717 2370 esset,
745 2300 871 2370 quamuis
896 2301 925 2356 in
946 2299 1026 2356 bonis
1048 2300 1143 2370 pupilli
1165 2301 1210 2356 uel
1233 2301 1262 2356 in
1287 2301 1388 2372 tutela,
1414 2317 1470 2357 non
1497 2309 1599 2374 potest

155 2395 301 2462 suspeetus
318 2393 392 2445 tutor
408 2388 553 2459 postulari,
572 2389 637 2458 quia
654 2388 782 2444 delictum
800 2389 914 2444 tutelam
932 2389 1089 2458 praeeessit
1116 2388 1230 2459 proinde
1252 2389 1276 2444 si
1293 2390 1388 2460 pupilli
1404 2389 1598 2451 substantiam

156 2480 297 2552 expilsuit,
315 2477 365 2534 sed
382 2482 529 2548 antequam
547 2481 623 2534 tutor
640 2483 722 2548 esset,
740 2478 864 2534 eeeusari
881 2477 964 2533 debet
980 2478 1115 2550 expilatae
1133 2476 1292 2534 hereditatis
1306 2477 1427 2549 erimine,
1446 2480 1470 2535 si
1488 2482 1597 2555 minus,
1619 2495 1652 2538 ae
1774 2507 1775 2510 ¹

124 2566 230 2624 titrrti.
267 2567 366 2634 Quaeri
382 2570 487 2637 potest,
512 2566 536 2621 si
552 2569 627 2622 tutor
650 2563 733 2622 luerit
754 2566 850 2638 pupilli
871 2565 999 2636 idemque
1022 2567 1058 2622 eit
1081 2571 1190 2624 ouratm
1212 2564 1387 2622 eonfirmatua
1409 2567 1598 2644 aduleseenb',

155 2673 191 2714 an
208 2657 297 2728 possit
319 2670 354 2712 ex
376 2655 484 2712 deliotis
505 2655 608 2712 tutelae
632 2660 777 2726 suspeetus
799 2655 940 2725 postulari.
967 2660 996 2712 et
1017 2671 1080 2712 eum
1097 2656 1187 2728 possit
1202 2655 1307 2712 tutelae
1329 2660 1598 2718 aeoneuratorrbus

155 2745 303 2815 oonueniri,
321 2759 491 2816 eonseqnens
509 2744 562 2800 erit
578 2743 669 2800 dieere
688 2759 797 2800 cessare
814 2744 936 2815 suspeeti
953 2742 1165 2814 aeoruationem,
1182 2745 1248 2815 quia
1258 2745 1361 2802 tutelae
1378 2746 1423 2816 agi
1434 2749 1527 2816 possit
1545 2749 1596 2807 de

122 2836 245 2906 tpesito
263 2833 354 2890 offitio
372 2839 402 2890 et
418 2834 472 2890 elio
489 2837 608 2902 sumpto.
644 2832 721 2888 idem
739 2833 792 2888 erit
809 2833 996 2903 quaerendum
1019 2837 1049 2890 et
1070 2833 1094 2890 si
1111 2849 1248 2904 proponas
1266 2834 1383 2904 aliquem
1400 2833 1508 2892 desisse
1528 2854 1596 2896 ease

154 2931 273 2982 tutorem
296 2928 325 2979 et
347 2939 454 2980 rursum
478 2923 602 2992 eoepisse
625 2922 668 2990 (ut
689 2925 758 2992 peta
781 2937 868 2992 usque
892 2921 928 2977 ad
950 2925 1059 2993 ternpus
1083 2923 1128 2978 uel
1150 2923 1186 2979 ad
1209 2921 1395 2980 eondieionem
1418 2929 1478 2980 erat
1496 2925 1595 3002 datus,
1616 2938 1649 2980 ιιι

155 3013 254 3070 deinde
271 3013 369 3070 iterum
388 3012 434 3068 uel
450 3011 660 3082 superueniente
678 3011 836 3068 eondieione
853 3011 1061 3068 testamentaria
1077 3011 1217 3068 ueletiam
1230 3017 1493 3084 epraeterepoetea
1505 3015 1595 3076 datus

154 3105 217 3174 est),
235 3119 271 3158 an
289 3087 435 3172 suspeetus
452 3099 584 3172 postulari
602 3099 699 3170 possit
728 3105 756 3156 et
773 3099 839 3170 quia
855 3100 927 3158 duae
944 3101 1046 3156 tutelae
1064 3106 1136 3171 sunt,
1155 3102 1179 3156 si
1197 3105 1248 3172 eet,
1266 3101 1314 3171 qui
1325 3117 1387 3158 eum
1401 3103 1506 3160 tutelae
1518 3105 1594 3162 indi-

121 3191 197 3248 seio
214 3191 371 3261 oenueniat,
394 3190 588 3260 aequissimum
611 3189 663 3244 erit
683 3187 775 3244 disere
797 3203 907 3246 eessare
931 3190 1033 3246 odmen
1051 3191 1181 3260 suspeeti.
1217 3189 1247 3246 Si
1264 3195 1356 3246 autem
1373 3191 1432 3262 ipse
1449 3195 1529 3249 tutor
1546 3203 1595 3253 est

153 3281 236 3351 solus,
255 3279 395 3350 numquid,
414 3279 479 3350 quia
495 3278 598 3336 tutelae
616 3281 720 3347 eessat,
741 3278 924 3334 remouendue
942 3278 979 3334 sit
996 3277 1031 3334 ab
1049 3277 1101 3336 hae
1118 3279 1364 3351 edmiuietadoue,
1389 3280 1468 3350 qnasi
1484 3281 1516 3337 in
1535 3282 1593 3342 hae

152 3375 298 3440 suspectus
316 3384 351 3424 er
368 3383 413 3438 eo,
437 3367 511 3437 quod
534 3367 562 3424 in
585 3367 639 3423 alia
662 3368 732 3423 male
750 3371 876 3424 uersatus
899 3366 956 3422 eit?
982 3381 1049 3438 ergo
1067 3371 1096 3424 et
1112 3369 1140 3424 in
1158 3384 1205 3440 eo,
1228 3370 1276 3440 qui
1293 3375 1403 3426 eurator
1426 3369 1504 3426 solus
1521 3381 1593 3444 post
1613 3385 1647 3430 as

120 3457 257 3516 erinitum
283 3458 399 3514 tutelam
427 3453 602 3512 oonfirmetns
628 3459 683 3527 est,
710 3455 783 3512 idem
809 3455 864 3510 diei
889 3460 989 3525 potest
1025 3455 1105 3522 Quod
1131 3459 1155 3514 si
1183 3459 1244 3530 quis
1270 3460 1310 3516 ita
1331 3462 1406 3514 tutor
1427 3458 1512 3514 datus
1536 3463 1591 3519 sit:

153 3547 251 3618 'quoad
268 3548 297 3602 in
314 3547 393 3602 ltalia
410 3545 475 3615 erit,
498 3548 574 3600 tutor
590 3542 659 3600 esto·
677 3546 721 3600 uel
739 3544 837 3616 ‘quoad
854 3549 929 3600 trans
947 3560 1023 3602 mare
1041 3561 1096 3602 non
1113 3545 1191 3618 ierit',
1215 3564 1250 3604 an
1266 3549 1355 3618 pessit
1372 3553 1518 3619 suepeotna
1537 3567 1591 3622 pe-

151 3637 247 3692 etulari
264 3651 299 3691 er
317 3649 350 3690 eo
368 3637 457 3704 gestu,
476 3649 557 3703 quem
575 3633 785 3705 adminiemuit,
804 3639 950 3703 antequam
968 3638 1044 3690 trans
1061 3651 1136 3692 mare
1157 3635 1302 3693 abesset'?
1330 3642 1359 3693 et
1375 3638 1464 3708 magis
1481 3644 1537 3709 eet,
1556 3647 1591 3698 ut

104 3730 135 3777 lb
151 3725 283 3796 postulari
300 3723 396 3795 possit,
414 3723 494 3794 quasi
511 3738 566 3778 una
583 3722 670 3778 tutela
686 3723 722 3778 eit
739 3723 845 3780 habens
862 3723 1014 3780 interualla.
1042 3723 1072 3780 Si
1089 3725 1151 3795 quie
1169 3724 1294 3782 elaturus
1308 3727 1348 3782 rei
1358 3725 1484 3798 publioae
1497 3743 1590 3788 eausa

151 3812 318 3868 desiderauit
335 3811 363 3868 iu
380 3813 470 3868 loeum
488 3826 568 3868 suum
586 3811 716 3868 eonstitui
733 3813 816 3868 alium
833 3816 965 3883 tutorem,
990 3829 1026 3870 au
1046 3828 1174 3874 reuersae
1196 3829 1232 3870 ex
1252 3818 1316 3870 ante
1338 3819 1418 3886 gesto
1434 3823 1589 3886 suspectus
1609 3831 1643 3874 eo

150 3901 282 3972 postulari
299 3901 407 3970 possit?
423 3905 452 3955 et
469 3900 534 3971 qnia
550 3903 643 3972 potest
659 3915 695 3956 ex
712 3901 802 3971 priore
820 3903 901 3972 gestu
918 3901 979 3957 ntili
996 3903 1103 3959 aetione
1121 3903 1267 3974 eenueuiri,
1286 3903 1405 3960 eeeaabit
1421 3906 1586 3978 postulatio.

103 3999 132 4044 11
151 3989 181 4046 Si
199 3993 308 4046 ourater
325 3990 415 4046 uentri
431 3987 566 4061 beneque
589 3989 671 4046 datus
690 3988 875 4046 fraudulenter
892 3996 1018 4048 uersatus
1036 3992 1085 4063 sit,
1107 3991 1207 4048 deinde
1224 3997 1299 4049 tuter
1316 3993 1410 4064 datum
1432 3981 1468 4050 an
1485 4000 1587 4064 postu·

150 4079 201 4136 lari
225 4081 370 4149 euspeetus
393 4083 504 4151 propter
525 4077 636 4134 fraudes
663 4078 786 4157 infleura
815 4079 949 4136 admissae
972 4081 1073 4152 possit,
1100 4079 1220 4137 dubitari
1241 4085 1342 4152 potest.
1373 4086 1402 4138 et
1423 4081 1447 4138 si
1469 4083 1588 4152 quidem

150 4167 235 4226 babet
258 4172 429 4238 eontuteres,
452 4182 507 4223 nou
529 4169 630 4240 poterit
651 4167 796 4238 postulari,
820 4169 885 4239 quia
908 4170 1047 4226 eonueniri
1065 4171 1076 4243 ΙΙ
1095 4173 1202 4241 potest,
1225 4171 1249 4226 ai
1267 4169 1434 4242 nonhabet,
1458 4177 1587 4232 amoueri
1607 4185 1684 4234 teir

103 4265 133 4311 ra
150 4262 250 4329 potest
287 4253 317 4312 Si
334 4261 408 4312 tutor
425 4255 551 4312 inimieus
568 4257 671 4328 pupillo
689 4255 883 4328 parentibusue
901 4259 961 4315 eius
984 4260 1021 4316 sit
1043 4262 1073 4315 et
1093 4259 1257 4332 generaliter
1277 4260 1301 4316 ei
1323 4274 1378 4330 qua
1399 4261 1473 4318 iusta
1495 4277 1588 4322 eausa
1608 4279 1641 4320 ss

103 4354 133 4400 le
150 4351 304 4418 praetorem
323 4346 446 4416 mouerit,
465 4360 515 4401 eur
531 4360 587 4402 non
604 4345 706 4404 debeat
721 4346 750 4402 iu
768 4361 803 4402 ea
819 4348 906 4404 tutela
923 4349 1040 4420 uersari,
1058 4349 1160 4406 reicere
1178 4347 1378 4436 eumdebebit
1413 4347 1538 4409 Seuerus
1556 4359 1588 4411 et

147 4451 344 4524 uwonro)

148 4607 211 4660 ²ut
226 4605 274 4660 del.
345 4605 357 4640 ¹
374 4601 479 4660 abisset
494 4603 597 4672 (Helii

150 4753 263 4810 leuius
279 4759 390 4840 praetor
471 4756 489 4811 2
506 4755 679 4842 pupillorum]
702 4763 741 4812 are
761 4759 837 4828 plane
888 4753 1059 4842 firmatusli'2
1094 4757 1128 4812 31
1138 4757 1396 4845 superuepientoffl
1426 4758 1586 4850 tibaliaJB,

149 4825 213 4880 laet
255 4825 395 4896 3pleuesa
411 4827 449 4880 F¹
496 4827 530 4882 10
524 4833 639 4950 Fpetmo
656 4827 683 4880 F
725 4827 759 4884 13
776 4843 836 4882 sus·
888 4827 970 4884 elram
982 4826 1132 4896 rwblol
1148 4834 1295 4886 eurateror
1310 4827 1346 4884 F*
1391 4829 1586 4894 dbloooenm

148 4894 289 4964 peetu‘s'm
303 4897 340 4950 F*
376 4896 516 4954 19iauore
550 4899 560 4934 ²
596 4896 837 4970 20suspeeti‘a'l'2
888 4899 927 4954 F’
979 4898 1015 4954 41
1033 4899 1153 4956 eessauit
1168 4901 1206 4954 F¹
1258 4901 1295 4956 42
1311 4899 1503 4962 fraudulentur
1521 4908 1562 4962 1¹

74 5013 75 5016 ,
149 4966 185 5024 25
202 4967 417 5038 ex*s⁴pilauitF¹
432 4971 437 5037 Ι
453 4969 620 5040 exspilatae
635 4970 673 5026 F*
716 4971 836 5026 iteam·
