3712 5370
289 189 349 259 XV
368 191 391 258 4
411 197 491 253 1-5
958 180 1046 262 458
1504 204 1600 262 ouon
1622 204 1721 278 mssu

257 350 372 420 opillus
390 347 517 405 dominus
534 347 658 418 iusserit,
676 348 772 418 utiquo
789 362 844 404 non
861 350 982 416 tonatur,
1007 345 1060 400 nisi
1078 349 1168 401 tutona
1185 349 1298 402 auotoro
1315 345 1403 401 iussit.
1439 343 1470 400 Si
1486 336 1564 400 iussu
1580 342 1724 400 fructuarii

291 439 343 494 orit
360 453 423 493 oum
442 451 522 492 sonno
540 441 717 506 contractum,
736 438 801 493 itam
820 439 880 492 aius
898 436 941 491 oui
959 434 1032 490 bona
1049 433 1102 490 fide
1119 435 1212 504 sonuit,
1230 435 1374 490 Marcellus
1389 437 1471 504 putat
1482 433 1556 503 qnod
1567 434 1645 488 iussu
1656 433 1723 488 dan·

259 527 356 582 adam
373 527 402 581 in
421 541 468 582 nos
486 525 634 581 notionum:
653 539 735 594 quam
754 525 917 581 sontoutiam
935 529 964 580 ot
981 538 1034 594 ogo
1052 522 1146 593 probo.
1174 522 1204 579 Si
1222 528 1347 580 curatore
1365 523 1548 578 adulesoontis
1565 523 1611 577 nol
1627 520 1724 578 furiosi

289 616 335 671 uol
352 615 461 685 prodigi
479 613 590 669 iubonto
608 629 671 668 oum
689 629 770 670 sanun
788 618 959 670 nontrantum
977 613 1026 684 ait,
1048 617 1129 683 putat
1146 611 1239 668 Labeo
1263 612 1382 668 dandam
1400 611 1474 682 quod
1491 611 1568 666 iussu
1585 611 1721 666 sotionem

268 713 273 724 '
289 705 319 760 in
336 717 384 759 oos
402 717 517 773 quorum
535 717 632 758 sennua
649 701 746 758 iussit:
770 703 843 758 idom
866 707 895 758 et
916 703 946 758 in
968 717 1034 758 noro
1057 707 1242 772 procuratore.
1270 701 1320 757 sod
1343 701 1367 756 si
1389 705 1549 770 prouunator
1565 715 1648 756 uerus
1666 711 1754 754 nous

291 793 334 864 sit,
353 793 381 847 in
398 793 488 862 ipsum
505 792 597 862 potius
614 791 733 846 dandam
752 791 887 848 aotionem
904 791 977 847 idom
996 789 1090 846 Labeo
1107 790 1154 845 ait

253 881 271 938 2
343 881 463 936 Psunus
480 879 548 936 libro
566 881 725 949 trigassimo
743 880 779 935 ad
797 880 925 936 adiutum.
962 879 991 936 Si
1010 880 1108 936 tutoris
1125 879 1203 934 iussu
1223 893 1304 934 sorno
1321 879 1415 949 pupilli
1433 877 1567 933 ouoditum
1598 872 1723 945 ‘affl
1742 882 1764 938 S

290 971 340 1040 sit,
364 973 445 1040 puto,
464 969 488 1024 si
506 984 540 1024 en
558 970 675 1026 utilitato
692 971 788 1041 pupilli
805 969 887 1025 inanit
904 968 1051 1039 creditum,
1072 969 1101 1024 in
1118 968 1252 1039 pupillum
1270 983 1331 1023 asso
1350 967 1470 1023 dandam
1488 967 1622 1022 sotionem
1641 953 1724 1036 ‘quob

258 1070 270 1116 1
290 1059 378 1115 'iussit
394 1056 484 1113 tutor'.
512 1056 541 1112 Si
553 1059 629 1114 iussu
647 1059 749 1114 domini
768 1059 882 1114 ancillas
899 1059 943 1114 nol
962 1059 1038 1114 iussu
1056 1058 1143 1128 patuis
1160 1055 1232 1112 filino
1250 1057 1383 1114 traditum
1402 1057 1445 1126 sit,
1464 1055 1557 1111 danda
1574 1056 1657 1112 ostio
1675 1069 1724 1112 eoa

258 1159 272 1203 a
290 1147 363 1218 quod
380 1147 458 1201 iussu
476 1146 555 1202 aetio.
593 1145 623 1202 Si
641 1139 717 1202 iussu
735 1163 796 1202 unoo
815 1163 877 1202 oum
896 1148 984 1202 aliano
1003 1162 1083 1202 aonuo
1108 1151 1277 1226 contractum
1296 1145 1380 1202 inerit
1396 1161 1513 1216 sumque
1530 1149 1629 1216 postea
1646 1144 1723 1199 roda·
1744 1157 1772 1198 uo

290 1251 373 1306 maro,
391 1233 465 1305 quod
483 1235 560 1290 iussu
577 1251 632 1292 non
649 1236 776 1306 touobor,
796 1252 830 1291 na
848 1237 933 1306 antio,
953 1251 1024 1307 quas
1042 1235 1077 1290 ab
1095 1237 1173 1291 initio
1190 1236 1293 1291 inutilis
1310 1233 1400 1305 inerit,
1419 1239 1521 1290 ouontu
1539 1232 1723 1289 confirmatur.

253 1325 271 1384 3
343 1324 494 1380 Uumsuus
510 1323 579 1379 libro
598 1324 720 1380 sooundo
737 1340 936 1395 responsorum.
961 1325 1124 1394 Dominum,
1143 1323 1190 1394 qui
1207 1325 1289 1380 iussit
1299 1323 1459 1380 semissibus
1478 1323 1567 1378 usuris
1585 1319 1724 1406 [Q
1743 1329 1789 1404 Ss„

289 1427 370 1469 seruo
387 1429 437 1468 suo
455 1414 599 1482 ponuniam
619 1419 741 1468 mutuam
760 1415 846 1484 orodi,
868 1414 1001 1469 hactonus
1018 1415 1106 1470 tenori
1128 1419 1265 1484 quotanus
1288 1414 1381 1469 iussit:
1404 1428 1455 1468 non
1478 1412 1601 1482 pignoris
1619 1411 1723 1481 obliga·

288 1503 389 1558 tonum
406 1502 497 1557 looum
516 1501 617 1557 habore
635 1503 663 1557 in
681 1502 723 1557 his
741 1503 868 1574 praediis,
887 1517 958 1572 quau
976 1517 1073 1558 seruus
1091 1517 1146 1559 non
1165 1519 1200 1558 ox
1218 1504 1360 1558 uoluntate
1375 1501 1479 1556 domini
1498 1501 1639 1570 obligauit
1743 1515 1773 1555 sa

251 1594 271 1650 4
342 1591 419 1646 Inna
440 1590 511 1646 libro
532 1591 639 1646 docimo
663 1591 698 1646 ad
722 1591 851 1647 adiutum.
894 1591 923 1646 Si
947 1591 1024 1646 iussu
1048 1592 1120 1662 sius,
1147 1593 1194 1663 qui
1218 1591 1447 1647 administrationi
1470 1605 1560 1646 rarum
1585 1585 1724 1673 [Q
1742 1597 1770 1652 Ε

288 1679 408 1735 oiuitatis
425 1681 598 1750 praepositus
617 1685 673 1750 nst,
698 1695 760 1735 oum
780 1695 861 1736 sarno
879 1680 998 1736 oiuitatis
1015 1683 1155 1750 nogotium
1179 1685 1349 1738 eontraotum
1373 1681 1421 1750 sit,
1444 1679 1610 1750 Pomponius
1629 1679 1724 1736 scribit

288 1769 362 1840 quod
379 1769 455 1824 iussu
473 1785 536 1824 oum
552 1783 587 1824 oo
607 1769 761 1839 agipossn.
1051 1799 1052 1802 =

254 1862 271 1920 5
342 1859 461 1914 Faunus
478 1857 547 1913 libro
565 1862 663 1928 quarto
681 1858 717 1913 ad
735 1857 880 1914 Plautium.
916 1857 946 1914 Si
964 1857 1090 1914 dominus
1113 1858 1158 1913 uei
1179 1861 1258 1929 patan
1279 1857 1424 1928 panoniam
1441 1861 1565 1912 mutuam
1584 1852 1724 1940 [Q
1741 1867 1770 1921 Ε

289 1953 452 2018 aooopturus
476 1948 586 2002 iusserit
608 1962 689 2002 seruo
711 1945 803 2002 filiouo
826 1947 977 2017 numerant,
1000 1947 1075 2002 nulla
1096 1947 1222 2017 quaestio
1245 1952 1302 2017 ost,
1324 1947 1394 2016 quin
1413 1947 1467 2016 ipsi
1491 1945 1598 2002 oondioi
1620 1948 1723 2016 possit:

257 2047 269 2091 1
289 2036 372 2092 immo
395 2035 447 2092 hoo
470 2051 535 2090 nasu
559 2035 594 2091 do
616 2036 693 2090 iussu
716 2037 788 2091 sotio
811 2051 866 2091 non
890 2037 1028 2106 oompotit.
1065 2034 1095 2091 Si
1117 2051 1189 2090 unus
1212 2049 1247 2090 ox
1271 2036 1344 2090 sorni
1366 2036 1483 2092 dominis
1500 2035 1583 2091 iussit
1600 2034 1724 2091 nontrahi
1743 2052 1772 2092 aa

289 2140 351 2180 oum
370 2139 411 2194 oo,
430 2125 453 2180 is
472 2125 546 2180 solus
563 2125 714 2180 tenebitur:
739 2125 789 2179 sod
808 2125 832 2180 si
850 2124 905 2180 duo
923 2125 1072 2195 iusserunt,
1092 2139 1154 2179 oum
1174 2125 1272 2194 quouis
1290 2124 1318 2180 iu
1336 2125 1453 2181 solidum
1471 2125 1518 2194 agi
1534 2129 1626 2194 potest
1632 2166 1640 2196 ,
1658 2124 1725 2195 quia

288 2214 391 2269 similos
409 2217 474 2268 sunt
490 2213 597 2270 duobus
616 2213 818 2269 mandantibus.

288 2328 452 2400 F[P(VU)]

289 2433 1726 2460 .---——-—--—--——-—l—-—.--—--—-—-——-—----—--.

290 2509 451 2563 ltonoatur
469 2506 496 2560 P
546 2501 645 2560 andos
662 2507 846 2583 F(em.s)Pi
866 2507 979 2563 marcel·
1031 2512 1108 2562 tuam
1126 2507 1270 2578 poouniam
1283 2504 1321 2560 P*
1329 2505 1409 2574 V‘U!
1425 2505 1543 2562 orodi‘di'
1555 2507 1594 2562 Ρ
1630 2508 1665 2562 14
1676 2505 1725 2562 ha·

289 2578 341 2648 lua]
365 2582 397 2632 ut
420 2577 563 2632 marcellus
587 2577 626 2631 P⁰
684 2577 917 2634 3adulosoonti's'
941 2579 979 2633 Ρ
1032 2578 1097 2634 baro
1115 2580 1204 2633 looum
1224 2578 1272 2646 ΡΙ
1292 2577 1426 2650 obligabit
1442 2579 1469 2633 F
1517 2579 1550 2634 17
1574 2579 1658 2650 quod]
1676 2579 1725 2648 qui

289 2647 529 2720 oproonratoro‘s'
548 2649 587 2702 Ρ
646 2649 813 2705 inauditum
834 2651 912 2705 ...8
950 2667 979 2706 u·
1032 2651 1080 2715 P·,
1098 2665 1153 2719 quo
1171 2649 1211 2704 Ρ*
1260 2651 1294 2705 19
1312 2651 1465 2722 anospturis
1483 2651 1522 2704 P·
1538 2651 1543 2716 Ι
1559 2651 1648 2720 sarno]
1668 2665 1725 2706 sor·

289 2721 407 2792 pilliom.
420 2722 458 2776 P·
493 2721 631 2775 8aotions
642 2720 684 2774 P·
721 2724 754 2778 10
766 2722 849 2791 quod]
863 2722 909 2791 qui
947 2723 977 2790 ‘i
1032 2736 1084 2777 uns
1102 2722 1144 2776 P·
1193 2721 1229 2776 20
1246 2722 1334 2777 samia
1352 2722 1455 2778 domini
1472 2722 1617 2792 F2P0V·i,
1635 2724 1725 2778 samia

290 2793 314 2848 si
331 2792 393 2848 insu
411 2793 439 2846 F
492 2793 524 2848 11
544 2792 648 2848 iussum
666 2793 706 2846 p.
764 2796 797 2849 12
816 2794 925 2850 ιιοιιιο’ὀ4
942 2793 980 2846 Ρ
1032 2793 1158 2850 dominus
1181 2793 1214 2847 Ua
1267 2794 1301 2848 21
1325 2793 1358 2862 is]
1377 2795 1420 2850 ius
1438 2794 1475 2850 Ρ
1495 2795 1500 2862 Ι
1519 2793 1728 2866 iussarintPV

290 2865 325 2920 13
341 2864 486 2933 panoniam
507 2863 639 2934 mutuam]
665 2869 789 2922 mutuam
811 2865 899 2931 ΡΨ,
921 2880 979 2920 mu·
1032 2865 1067 2920 22
1085 2863 1296 2920 mandantibus
1314 2865 1352 2918 Ρ
