3668 5356
139 213 264 274 onmes
286 211 394 263 nours
415 211 539 262 ruerus
809 187 895 272 597
1283 197 1344 264 XX
1365 198 1386 264 5
1410 205 1444 260 la
1464 235 1496 246 -
1516 201 1573 268 64

138 444 251 514 ligatam
274 441 338 513 sibi,
362 448 391 498 et
413 447 602 513 quaereretur,
627 457 662 497 an
685 442 776 498 soluto
799 441 892 496 debito
914 443 1022 498 restitui
1046 457 1107 498 eam
1132 448 1271 514 oporteret
1288 444 1418 514 debitori,
1441 445 1575 502 Seueuola

138 539 232 589 noster
249 531 445 588 restituendam
463 530 599 601 probauit.
627 531 700 600 quod
719 530 742 586 si
760 531 871 585 nonita
888 530 1021 601 uendidit,
1039 537 1072 586 ut
1089 537 1193 588 oenum
1208 533 1244 587 sit
1256 533 1411 589 omnimodo
1424 535 1499 604 apud
1510 551 1573 590 eum

137 623 256 692 pretium
278 635 480 690 remansurum,
503 635 599 674 uerum
621 618 760 688 obligatus
782 623 825 674 est
848 619 883 674 ad
908 619 936 675 id
958 619 1171 690 restituendum,
1195 621 1311 678 arbitror
1332 623 1440 678 iuterim
1464 625 1574 693 quidem

138 711 204 767 nibil
223 727 240 766 a
257 711 380 766 debitore
397 709 454 780 peti
472 723 563 779 posse,
582 708 631 764 sed
648 709 677 763 in
695 721 829 778 suspenso
844 706 938 762 haberi
949 707 1151 764 liberationem:
1170 725 1266 765 uerum
1279 711 1302 765 si
1314 713 1422 767 notione
1435 727 1469 766 ex
1482 717 1574 782 erupto
1592 723 1606 764 e

138 803 291 857 oonuentus
308 799 492 870 praestitisset
509 797 627 854 oreditor
644 797 768 868 emptori,
790 795 913 852 debitum
932 797 1060 868 persequi
1078 813 1141 853 eum
1159 813 1177 853 a
1195 797 1317 855 debitore
1335 815 1426 871 posse,
1444 801 1509 870 quia
1527 817 1573 871 ap-

139 890 230 960 paruit
247 903 302 944 uon
320 903 381 944 esse
398 885 551 942 liberatum.
1239 907 1243 921 =
1564 893 1565 896 ’

84 976 122 1036 13
159 983 161 986 ’
192 979 311 1034 Pnunus
328 976 397 1032 libro
415 976 503 1048 primo
521 975 701 1030 deoretorum.
730 973 863 1043 creditor,
881 974 928 1043 qui
946 974 1005 1030 iure
1023 991 1073 1031 suo
1088 976 1189 1046 pignus
1201 975 1335 1048 distrahit,
1354 978 1397 1033 ius
1416 973 1573 1064 [ῇῇῙὲ
1604 985 1631 1038 Ρ
1680 1025 1683 1028 .

139 1081 219 1123 suum
238 1065 335 1122 eedere
354 1064 437 1120 debet
453 1069 489 1134 et,
509 1065 533 1119 si
550 1065 650 1135 pignus
668 1062 799 1136 possidet,
817 1062 926 1118 trudere
944 1064 1039 1135 utique
1056 1064 1140 1120 debet
1155 1065 1366 1135 possessionem.
1593 1079 1605 1116 a

84 1156 122 1213 14
192 1154 350 1210 Sesnuoun
373 1153 441 1210 libro
461 1157 540 1208 sento
558 1152 736 1222 digestorum.
773 1150 877 1206 Arbitri
894 1151 1061 1208 diuidundae
1080 1153 1240 1208 hereditatis
1257 1155 1329 1209 inter
1346 1149 1573 1238 ffffuffffin
1606 1163 1631 1215 A

139 1243 253 1300 heredes
275 1259 337 1298 oum
356 1258 471 1314 eorpora
489 1241 653 1297 hereditaria
671 1240 842 1308 diuisissent,
866 1241 976 1296 nomina
993 1257 1102 1312 quoque
1121 1243 1304 1298 communium
1323 1243 1476 1300 debitorum
1496 1261 1572 1316 sepa-

138 1333 219 1388 ratim
242 1332 367 1388 diuersa¹
386 1331 500 1400 singulis
523 1329 685 1385 insolidum
704 1328 927 1398 adsignaueruut.
961 1331 1115 1400 quaesitum
1134 1337 1188 1402 est,
1211 1348 1246 1386 an
1264 1333 1451 1403 unusquisque
1470 1347 1573 1405 eorum,

139 1421 265 1478 debitore
289 1421 341 1476 sibi
365 1421 474 1476 addieto
498 1422 623 1474 eessante
647 1419 676 1473 in
700 1417 847 1488 solutione,
871 1433 921 1488 pro
940 1419 1028 1475 solido
1045 1420 1146 1490 pignus
1164 1419 1216 1475 sub
1239 1436 1273 1476 eo
1295 1422 1404 1477 nomine
1422 1421 1573 1493 obligatum

139 1511 259 1569 uendere
276 1509 372 1581 possit.
400 1508 542 1579 respondit
558 1507 689 1576 potuisse.
789 1533 792 1540 ·

880 1725 888 1742 .
1594 1681 1622 1732 1⁶

139 1801 176 1882 rr
222 1797 390 1892 oenus
424 1795 569 1874 nouis
604 1793 773 1872 PIGNUS
806 1659 898 1872 obli
934 1795 1226 1875 urrunnuor
1261 1779 1494 1876 soeuruia
1537 1799 1575 1878 a
1605 1816 1705 1872 sapa

105 1958 121 2015 1
192 1957 373 2012 Paenusrrus
396 1952 465 2010 iibro
488 1951 633 2008 undeoimo
650 1965 851 2021 responsorum.
887 1950 1027 2007 Debitoris
1045 1951 1167 2009 absentis
1185 1955 1290 2010 anninus
1308 1956 1419 2024 negotia
1436 1950 1574 2038 [Hos—sa
1594 1960 1634 2014 'P

140 2047 228 2118 gessit
249 2049 277 2100 et
294 2045 412 2115 pignora
429 2043 498 2099 eitra
515 2041 680 2111 emptionem
699 2041 816 2110 peeunia
833 2056 884 2096 aua
901 2040 1041 2096 liberauit:
1064 2041 1108 2097 ius
1126 2043 1271 2112 pristinum
1290 2043 1399 2099 domino
1417 2033 1573 2101 restitut—um

141 2135 258 2191 uidetur.
290 2134 374 2203 igitur
396 2132 443 2202 qui
465 2131 605 2200 negotium
624 2130 724 2200 gessit,
749 2130 843 2184 utilem
862 2128 1022 2185 Seruianam
1041 2129 1100 2186 dari
1117 2131 1168 2188 sibi
1186 2147 1242 2187 non
1259 2137 1334 2187 reete
1352 2133 1532 2189 desiderabit:
1551 2135 1574 2190 ri
1594 2144 1622 2184 ne

109 2228 233 2280 ttamen
256 2221 410 2294 possideat,
435 2220 595 2290 exeeptione
615 2219 625 2290 ΙΙ
645 2219 700 2274 doli
723 2217 885 2275 defenditur.
923 2217 992 2274 Cum
1015 2219 1140 2276 uenditor
1163 2225 1306 2276 numerata
1329 2221 1382 2276 sibi
1400 2227 1477 2292 parte
1494 2225 1574 2293 pretii
1592 2229 1670 2276 tuas

139 2312 282 2384 praedium
304 2309 378 2381 quod
398 2310 523 2365 uenierat
538 2307 647 2378 pignori
664 2309 817 2379 aooepiseet
834 2323 867 2362 ao
884 2313 982 2378 postea
999 2309 1137 2364 residuum
1155 2311 1271 2380 pretium
1291 2312 1406 2380 emptori
1423 2311 1520 2366 litteris
1539 2313 1575 2367 ad
1750 2311 1751 2314 ’

140 2417 203 2458 eum
222 2401 313 2456 missis
331 2400 471 2468 donnset,
489 2397 595 2467 eoque'
606 2395 736 2452 defuneto
748 2397 922 2452 donationem
935 2396 1098 2466 quibusdam
1112 2395 1199 2454 mddie
1212 2399 1334 2453 inutilem
1347 2414 1408 2454 esse
1421 2400 1573 2459 constabat.

140 2492 198 2546 iure
216 2489 338 2561 pignoris
355 2487 451 2543 fisoum
470 2483 572 2542 frustm
588 2491 682 2556 petere
700 2485 849 2556 praedium,
868 2487 915 2556 qui
933 2492 1104 2542 suoeesserat
1121 2487 1149 2542 in
1160 2488 1249 2542 loeuru
1262 2489 1421 2557 uenditoris,
1440 2489 1573 2560 apparuit,

141 2580 219 2635 ouius
236 2578 358 2649 pignoris
376 2577 494 2633 solutum
513 2589 575 2630 esse
593 2579 704 2644 paetum
719 2575 808 2645 prima
818 2575 961 2630 uoluntate
973 2573 1128 2630 donationis
1140 2575 1292 2647 constabat,
1310 2578 1437 2647 queniam
1449 2579 1573 2634 inutilem

108 2677 124 2724 a
140 2669 273 2739 pecuniae
291 2666 466 2722 donationem
484 2665 529 2720 lex
547 2663 627 2734 fauit,
647 2665 691 2719 oni
709 2679 764 2719 non
783 2669 826 2719 est
842 2664 919 2718 loeus
937 2663 965 2718 in
982 2664 1096 2734 pignore
1113 2663 1262 2721 hberando.
1299 2665 1435 2722 Defensor
1452 2666 1573 2722 absentis
1593 2677 1620 2718 aa

140 2757 303 2814 eautiouens'
318 2755 469 2810 iudicatum
491 2754 561 2810 solui
584 2753 734 2824 praestitit:
758 2753 786 2807 in
805 2752 944 2807 dominum
961 2747 1063 2807 iudie'io
1080 2759 1177 2822 postea
1194 2755 1326 2811 translato
1344 2753 1518 2812 fideiussores
1537 2755 1572 2812 ob

140 2861 197 2902 rem
215 2845 363 2900 iudicatum
382 2857 452 2914 quos
469 2841 598 2898 defensor
615 2841 692 2897 dedit
708 2857 763 2897 uon
781 2835 946 2896 tenebuntur
963 2855 1015 2896 neo
1032 2841 1147 2912 pignora
1164 2857 1235 2912 quae
1253 2843 1395 2900 dederuut

104 2936 122 2994 2
194 2935 288 2992 Gerus
304 2933 374 2990 libro
391 2947 462 2988 nono
480 2931 517 2987 ad
535 2931 654 2986 edietum
673 2929 848 3002 prouinoiele
876 2927 905 2984 Si
922 2929 1041 2985 oreditor
1052 2929 1185 2986 Seruiana
1196 2932 1303 2988 actione
1316 2933 1416 3002 pignus
1434 2926 1572 3018 [rs-affl
1604 2938 1626 2992 S

140 3041 158 3080 a
180 3037 338 3095 possessore
360 3020 471 3092 petierit
495 3023 525 3074 et
545 3033 688 3090 possessor
707 3019 762 3075 litis
780 3018 997 3074 aestimationem
1016 3018 1143 3075 obtulerit
1161 3026 1190 3074 et
1208 3020 1243 3076 ab
1261 3036 1295 3077 eo
1314 3021 1421 3078 debitor
1438 3010 1572 3078 rem-ffi-

140 3114 222 3184 dioet,
241 3127 296 3168 non
314 3111 392 3166 aliter
409 3109 461 3166 hoo
478 3107 570 3165 faeere
588 3108 760 3178 eoneedetur,
778 3106 830 3163 nisi
848 3108 924 3178 prius
942 3108 968 3162 ei
986 3107 1107 3163 debiturn
1126 3109 1231 3165 offerat.
1592 3122 1620 3162 ao

104 3201 123 3261 3
193 3201 344 3258 Uerrsreus
367 3198 436 3255 libro
459 3203 558 3254 oetaeo
583 3197 806 3268 disputationum.
843 3196 872 3253 Si
893 3211 937 3252 res
955 3197 1087 3252 distraota
1103 3195 1186 3254 fuerit
1202 3199 1257 3268 sio,
1276 3199 1328 3254 nisi
1346 3199 1418 3255 intra
1435 3193 1572 3283 [ΜῖῙῆ
1604 3205 1625 3259 S

140 3295 245 3347 eertum
263 3289 335 3344 diem
353 3289 492 3344 meliorem
510 3287 697 3344 eondioiouem
716 3287 874 3356 inuenisset,
892 3283 1028 3356 fueritque
1046 3287 1147 3344 nauita
1165 3295 1193 3344 et
1210 3286 1279 3344 forte
1292 3293 1406 3359 emptor,
1426 3276 1572 3358 auffe’qffi

140 3379 235 3435 melior
256 3377 380 3434 eondieio
401 3377 558 3447 offerretur,
582 3375 653 3431 bano
674 3389 732 3430 rem
754 3375 863 3445 pignori
883 3374 1018 3446 dedisset,
1041 3376 1185 3432 bimeeilus
1202 3377 1271 3434 libro
1288 3379 1385 3448 quinto
1403 3378 1572 3449 digestorum

141 3469 180 3524 ait
197 3466 268 3523 finiri
285 3467 394 3537 pignus,
412 3467 436 3522 si
453 3465 549 3522 melior
566 3463 691 3521 eondioio
708 3463 792 3519 fuerit
807 3465 897 3534 alluta,
915 3478 1089 3536 quamquam,
1111 3465 1159 3522 ubi
1177 3467 1217 3522 sio
1234 3481 1278 3523 res
1296 3467 1428 3523 disbaota
1445 3474 1501 3537 est,
1520 3467 1573 3522 nisi

140 3558 256 3629 emptori
275 3556 467 3627 displicuisset,
485 3556 586 3627 pignus
603 3551 674 3609 finiri
692 3567 747 3609 uon
764 3557 851 3623 putet.
1591 3567 1621 3610 aa

102 3647 123 3705 4
193 3648 271 3703 loun
288 3644 357 3701 hbro
375 3645 578 3714 septuagesimo
597 3644 678 3699 tertio
697 3642 732 3697 ad
750 3641 879 3704 edietum.
907 3639 937 3696 Si
955 3639 1070 3714 debitor,
1089 3643 1166 3699 euius
1184 3658 1228 3699 res
1245 3645 1353 3715 pignori
1369 3645 1416 3701 ob·
1449 3655 1573 3712 neunt
1591 3649 1633 3704 *E

139 3736 242 3807 ligatae
260 3737 346 3802 eraut,
364 3747 474 3788 seruum
492 3747 573 3803 quern
593 3737 697 3790 emerat
714 3729 890 3802 redhibuerit,
908 3747 944 3786 an
962 3731 1069 3786 desinat
1086 3730 1234 3790 Seruianae
1251 3733 1328 3788 loeus
1340 3733 1421 3788 esso?
1443 3719 1573 3804 effingis

108 3834 121 3880 1
140 3831 197 3895 est,
221 3839 256 3880 ne
279 3822 399 3891 desinat,
423 3821 476 3876 nisi
500 3835 535 3876 ex
558 3823 699 3878 uoluntate
723 3821 865 3876 creditoris
886 3819 940 3877 hoe
960 3819 1131 3876 factumest
1168 3820 1197 3877 Si
1215 3823 1243 3876 in
1260 3821 1417 3877 uenditione
1434 3818 1573 3906 [W

139 3913 262 3984 pignoris
279 3909 449 3967 eonsenserit
466 3911 585 3966 creditor
602 3911 647 3966 uei
664 3916 696 3966 ut
713 3908 821 3965 debitor
839 3908 909 3966 hano
927 3925 984 3965 reur
1002 3913 1139 3980 permutet
1156 3910 1201 3966 uel
1219 3909 1303 3965 donet
1317 3912 1361 3965 uel
1372 3912 1400 3966 in
1412 3911 1503 3968 dotem
1517 3901 1572 3984 det

140 4001 285 4058 dieendum
304 3999 356 4055 orit
372 3999 473 4070 pignus
490 3998 606 4068 liberari,
624 3999 677 4054 nisi
695 3999 773 4054 salua
791 4013 875 4054 eausa
891 3999 1015 4069 pignoris
1033 4001 1075 4055 sui
1092 3999 1231 4056 eouseusit
1247 4000 1292 4054 uel
1309 3999 1459 4054 uenditioni
1473 4001 1516 4055 uel
1529 4016 1572 4057 ee·
1591 4013 1619 4052 eo

139 4091 220 4147 teris:
238 4105 302 4146 nam
321 4087 410 4144 solent
427 4087 505 4143 multi
523 4088 601 4143 salua
618 4103 703 4144 eausa
719 4087 842 4158 pignoris
860 4088 903 4142 aui
921 4089 1082 4144 consentire.
1109 4089 1159 4146 sed
1173 4089 1197 4144 ai
1209 4089 1269 4159 ipse
1282 4087 1435 4144 uendiderit
1447 4089 1571 4160 creditor,

139 4197 165 4252 F
169 4195 224 4266 [P(
227 4195 259 4262 V,
276 4195 321 4250 ubi
338 4215 362 4249 u.
371 4194 406 4250 31
417 4195 450 4250 ab
463 4195 590 4265 ulpianus
602 4196 683 4250 denuo
695 4223 729 4234 -
743 4198 813 4271 csip.
825 4193 879 4249 588
891 4221 926 4233 -
938 4203 1029 4267 incipit
1038 4215 1128 4250 manaa
1146 4198 1235 4261 altera
1253 4196 1299 4251 sed
1306 4198 1369 4271 sere
1380 4199 1501 4269 aequalis,
1524 4197 1570 4268 U)]

142 4351 151 4384 ¹
170 4347 280 4402 diuersa
298 4347 344 4401 dei.
362 4347 406 4421 (cs.
417 4365 444 4418 p.
455 4345 510 4400 596
526 4367 552 4400 a.
565 4346 610 4414 29)
681 4345 808 4416 'eoque]
826 4345 882 4402 aot

140 4478 357 4551 eprotubitr1
410 4477 593 4544 tarbitorP
638 4478 708 4533 box
726 4479 829 4550 empto]
881 4477 973 4534 FP⁶U
1013 4478 1046 4532 21
1065 4477 1189 4546 predium
1201 4477 1313 4548 quodF
1351 4479 1385 4533 26
1403 4477 1513 4548 iudieio]
1531 4479 1570 4533 iu-

140 4555 256 4622 exoepto
284 4551 331 4616 P·‚
358 4551 484 4620 exeeptio
514 4550 547 4604 U·
607 4549 740 4618 benum]
769 4567 829 4604 snm
883 4550 979 4604 ditium
999 4549 1075 4602 P⁰U⁰
1128 4551 1163 4604 29
1185 4555 1214 4604 et
1231 4549 1275 4618 ab]
1299 4549 1333 4604 ab
1352 4551 1390 4604 P·
1443 4551 1479 4604 32
1495 4551 1571 4604 inue-

140 4623 218 4708 P·Uf
233 4627 237 4691 Ι
252 4621 377 4693 possidet
393 4621 510 4688 tradere]
529 4622 616 4705 possit
627 4621 771 4676 detrudere
783 4622 829 4687 1³⁰,
882 4623 988 4676 nissent
1004 4617 1159 4690 fuerintque
1177 4621 1215 4676 Ρ·Ι
1259 4621 1573 4677 33otiereturFP⁰V⁰U

140 4692 830 4834 titt“tibitiinttttttitJttttt
883 4695 1033 4819 ittet
1049 4693 1112 4818 Pri
1122 4692 1292 4818 isitii?
1301 4693 1329 4817 f
1331 4703 1371 4818 '41
1389 4692 1511 4832 ,iiiii
1524 4693 1571 4819 iu

141 4851 248 4906 queque
266 4837 306 4890 P·
321 4837 326 4901 Ι
341 4841 497 4906 separatum
517 4837 556 4889 P·
611 4836 644 4890 13
663 4833 759 4906 solido]
779 4835 831 4890 sol·
885 4855 933 4890 om.
944 4835 1052 4900 Pul-Ut,
1066 4835 1166 4906 pignus
1179 4833 1339 4888 liberari...
1346 4855 1373 4906 p.
1383 4835 1569 4902 598,1dioeu-

141 4907 383 4962 uenuorpvrd·
425 4906 594 4975 lisoluitur]
607 4907 785 4961 assistricem
797 4907 831 4970 B,
885 4907 951 4961 duur
969 4906 1021 4961 erit
1038 4925 1086 4960 om.
1099 4905 1133 4961 θ’
1175 4906 1210 4960 41
1229 4905 1288 4975 sed]
1302 4906 1569 4972 F¹oumB(Anon.):

142 4979 257 5036 soluitur
282 4978 326 5034 uel
352 4993 407 5034 nou
434 4979 486 5033 ind.
511 4977 537 5030 F
606 4977 640 5032 19
666 4977 833 5034 desiderauit
886 4978 909 5034 ei
926 4977 957 5032 bt
975 4975 1232 5041 airbcbtuuercrbc
1243 4977 1363 5043 nutricet,
1381 4977 1431 5033 sed
1443 4982 1472 5032 et
1483 4977 1574 5032 F’PU
