3600 5354
4 225 120 274 serm
702 199 758 280 73
1219 205 1247 272 11
1273 207 1315 272 14
1335 211 1451 268 51-58

7 404 10 409 ι
28 365 101 419 'sei
121 363 248 420 debitori
266 369 315 419 tno
333 364 482 433 existimas,
501 367 600 433 pactus
618 363 655 417 sit
672 377 707 417 ne
725 360 761 417 ab
773 376 806 418 eo
818 366 939 431 peteres:
959 377 1047 431 neque
1059 362 1118 417 iure
1129 362 1190 432 ipso
1202 360 1332 418 liberatur
1344 360 1451 417 debitor

6 477 11 483 -
25 470 84 509 ue
99 459 251 524 petentem
265 452 449 508 summouebit
460 453 622 522 exceptione
635 452 832 521 conuentionis,
851 456 882 505 ut
894 450 990 506 Celsus
1002 451 1070 506 libro
1082 451 1232 506 uicensimo
1244 450 1347 506 scribit.
1374 451 1450 506 Idem

0 557 94 596 nem
116 544 186 598 loco
205 542 315 610 scribit,
334 543 358 596 si
376 541 527 597 debitorem
544 547 623 595 tuum
642 540 752 595 iussisti·
764 541 870 595 soluere
888 541 969 609 Titio,
989 541 1033 595 cui
1051 541 1172 609 legatum
1190 539 1260 595 falso
1277 539 1377 594 debere
1395 540 1450 595 eri·

1 656 10 673 ·
28 649 108 700 ιω,
131 638 166 686 et
184 631 295 686 debitor
313 635 411 700 pactus
429 630 465 684 sit
483 645 545 684 curn
564 629 637 683 Titio
655 643 705 683 suo
725 628 847 684 debitore
865 630 1024 684 constituto:
1047 643 1136 698 neque
1154 627 1204 684 tibi
1222 627 1355 683 aduersus
1373 633 1451 684 tuum

4 721 158 776 bitorem
179 735 272 789 neque
291 721 344 789 ipsi
362 719 495 773 addemus
514 733 593 774 suum
612 718 746 772 actionem
765 722 945 787 peremptam.
1291 757 1294 762 -
1469 732 1483 772 s

37 809 133 863 Iners
155 809 230 863 libro
248 809 337 878 primo
355 809 520 878 opinionum.
549 807 684 877 Epistula,
702 822 758 876 qua
771 807 832 875 quis
845 805 1006 861 coheredem
1020 804 1072 860 sibi
1084 805 1201 874 aliquem
1214 819 1277 860 esse
1295 799 1451 889 Q
1470 814 1492 867 S

0 897 78 966 .·'t‚
105 898 282 966 petitionem
300 896 401 950 nullam
420 897 554 951 aduersus
572 908 747 966 possessores
765 910 855 950 rerum
874 893 1098 948 hereditariarum
1118 891 1202 948 dabit
1239 893 1269 948 si
1286 894 1357 950 inter
1375 894 1450 949 debi-
1556 967 1566 976 .
1658 917 1662 928 ·
1757 897 1760 930 ²

9 1001 79 1040 rem
102 991 136 1039 et
158 999 237 1053 eum,
255 985 303 1053 qui
322 982 434 1039 fundum
453 987 626 1055 pigneratum
646 1000 663 1038 a
680 984 814 1039 creditore
832 983 910 1052 quasi
929 981 1060 1037 debitoris
1074 983 1215 1051 negotium
1227 987 1335 1052 gereret
1346 983 1451 1054 emerit,

14 1102 18 1119 2
44 1073 99 1128 -uit
126 1079 165 1127 ut
187 1072 285 1128 habita
303 1074 524 1142 compensatione
542 1071 679 1127 fruetuum
699 1073 850 1140 solutoque,
869 1071 943 1140 quod
960 1070 1093 1138 reliquum
1112 1070 1266 1140 deberetur,
1285 1070 1386 1126 fundus
1404 1071 1450 1126 de·

9 1164 72 1216 tori
93 1162 315 1216 restitueretur:
334 1162 417 1216 etiam
429 1161 508 1215 heres
521 1166 610 1230 pacto,
625 1160 699 1229 quod
711 1158 856 1214 defunctus
871 1158 944 1229 lecit,
963 1157 1044 1214 fidem
1058 1164 1197 1227 praestare
1209 1157 1301 1214 debet.
1328 1161 1451 1230 Paetum,
1471 1177 1499 1216 ro

38 1252 66 1304 si
94 1265 179 1318 quas
204 1265 327 1304 summas
349 1254 461 1319 propter
483 1248 646 1304 tributiones
669 1249 774 1318 praedii
792 1249 899 1318 pignori
917 1249 980 1302 noxi
998 1245 1085 1302 laetas
1105 1245 1114 1316 ll
1133 1247 1252 1304 creditor
1270 1239 1410 1317 coluisset,
1434 1259 1527 1306 atta

3 1339 125 1394 bitere
148 1339 303 1407 reciperet,
322 1343 351 1392 et
367 1343 399 1392 ut
415 1337 519 1392 tributa
538 1338 660 1392 eiusdem
679 1337 784 1406 praedii
802 1335 910 1390 debitor
927 1336 1067 1405 penderet,
1086 1337 1188 1392 iustum
1206 1335 1322 1405 ideoque
1340 1351 1451 1391 seruan-

7 1445 54 1482 ·nr
76 1433 139 1482 est.
173 1427 219 1480 Dc
233 1423 384 1480 inofficioso
396 1426 482 1495 patris
495 1431 659 1480 testamento
672 1426 783 1494 acturis,
796 1431 827 1480 ut
839 1425 879 1478 eis
892 1429 967 1478 certa
978 1425 1126 1494 quantitas,
1144 1423 1235 1492 quoad
1247 1425 1353 1480 uiueret
1363 1424 1451 1495 heres,

0 1548 1 1565 ι
23 1520 207 1583 staretur,
226 1519 325 1583 pactus
342 1519 397 1568 est:
415 1510 531 1584 produci
548 1515 582 1568 ad
601 1519 763 1584 perpetuam
781 1513 994 1582 praestationem
1013 1512 1041 1566 id
1058 1519 1169 1583 paetum
1188 1511 1391 1582 postulabatur:
1410 1527 1451 1569 re·
1477 1503 1518 1530 ⁸

14 1607 135 1676 riptum
158 1608 206 1657 est
223 1617 313 1671 neque
330 1603 388 1656 iure
407 1601 461 1658 ullo
480 1617 569 1672 neque
587 1603 725 1671 aequitate
743 1601 797 1656 tale
814 1601 979 1656 desiderium
998 1600 1113 1656 admitti.
1472 1617 1499 1658 ro

42 1694 136 1747 lnrssr
158 1690 233 1745 libro
251 1695 349 1760 quarto
368 1691 534 1760 opinionum.
563 1689 694 1760 Sumptus
712 1689 822 1759 quidem
840 1703 989 1759 prorogare
1004 1689 1120 1758 litiganti
1132 1687 1277 1743 honestum
1296 1683 1452 1772 Q
1471 1699 1492 1753 s

0 1816 16 1831 ..
39 1799 48 1836 :
71 1780 189 1850 pacisci
209 1786 316 1848 antem,
335 1785 437 1834 utnon
456 1779 595 1848 quantitas
613 1793 646 1832 eo
665 1779 773 1833 nomine
792 1793 993 1848 expensatum
1012 1778 1103 1832 usuris
1120 1777 1201 1832 licitis
1219 1777 1382 1847 restituatur,
1402 1777 1452 1832 sed

2 1898 20 1921 ι,
50 1910 56 1917 .
82 1867 209 1924 dimidia
229 1868 296 1937 eins,
314 1867 388 1937 quod
407 1883 440 1921 ex
460 1883 494 1920 ea
510 1867 558 1920 lite
576 1867 670 1922 datum
689 1867 748 1936 erit,
767 1867 911 1921 nonlicet.

49 1957 228 2014 Seserem
252 1957 326 2026 apud
350 1957 499 2010 Iomanen:
521 1955 590 2009 libro
614 1956 764 2010 uicehsimo
789 1954 910 2010 secundo
933 1955 1102 2024 digestorum
1124 1959 1210 2010 notat.
1247 1952 1275 2008 Si
1295 1949 1491 2038 [ζῇ-ῖς

4 2053 100 2118 paetus
120 2046 194 2112 sim,
214 2059 248 2099 ne
267 2044 398 2114 Stichum,
416 2045 464 2114 qni
482 2042 546 2098 mihi
565 2043 725 2112 debebatur,
744 2049 850 2113 petam:
869 2059 924 2098 non
943 2043 1110 2112 intellegitur
1128 2059 1204 2097 mora
1222 2042 1287 2097 mibi
1305 2041 1363 2097 fieri
1381 2058 1451 2098 mor·
1470 2059 1499 2100 so

8 2143 107 2204 troque
127 2132 229 2188 Sticho
247 2139 314 2203 puto
333 2149 386 2188 non
405 2133 492 2188 teneri
509 2147 594 2201 reum,
613 2133 659 2202 qui
678 2137 741 2186 ante
759 2137 871 2201 pactum
889 2147 993 2186 moram
1012 2147 1067 2186 nou
1084 2129 1195 2186 lecerat.

1 2267 2 2274 ,
56 2225 210 2278 lumnuus
235 2221 304 2277 libro
328 2223 487 2290 trigensimo
511 2221 605 2290 quinto
626 2221 804 2289 digestorum.
842 2217 872 2274 Si
890 2219 997 2275 debitor
1015 2221 1051 2276 sit
1068 2218 1232 2275 fructuarius
1249 2225 1278 2274 et
1296 2213 1452 2302 Q
1471 2231 1492 2283 S

17 2313 168 2382 puiseatur
186 2325 292 2379 seruus,
311 2311 338 2364 in
358 2319 412 2378 quo
424 2325 505 2366 nsum
517 2308 634 2364 fructum
648 2307 738 2378 habet,
757 2323 793 2363 ne
811 2308 846 2364 ab
866 2325 898 2364 eo
917 2314 1040 2379 petatur:
1058 2309 1223 2378 paciscendo
1238 2309 1375 2363 meliorem
1389 2323 1450 2364 con·

21 2401 145 2455 dicionem
166 2399 228 2452 eius
245 2396 320 2452 iacit.
353 2399 418 2452 item
436 2408 461 2452 ιι·
479 2397 597 2452 creditor
615 2403 689 2452 esset
706 2396 870 2452 fructuarius
888 2403 917 2452 et
934 2404 1031 2468 paetus
1049 2404 1136 2466 esset,
1160 2413 1195 2452 ne
1212 2402 1331 2467 peteret,
1355 2411 1451 2451 semum

25 2495 102 2542 utem
121 2487 292 2543 irumnanus
311 2486 503 2556 pacisceretur,
522 2492 554 2540 ut
572 2490 690 2556 peteret:
709 2485 842 2542 beneficio
859 2487 941 2556 pacti,
961 2486 1034 2555 quod
1052 2502 1149 2541 seruus
1166 2485 1382 2556 interposuisset,
1400 2484 1451 2540 uti·
1471 2501 1499 2542 so

27 2575 74 2631 liter
90 2577 126 2630 sd
144 2576 305 2646 petitionem
323 2574 490 2630 admittetur.

0 2690 16 2714 n
68 2665 143 2719 inum
161 2663 233 2718 libro
251 2669 330 2718 sexto
348 2663 384 2718 ad
402 2663 550 2718 Minicium.
579 2662 608 2718 Si
626 2663 792 2732 conuenerit,
811 2677 846 2716 ne
864 2662 991 2722 dominus
1009 2678 1026 2717 a
1044 2663 1140 2719 colono
1154 2663 1220 2732 quid
1231 2678 1277 2732 pe·
1296 2654 1452 2746 Q
1470 2672 1491 2727 s

32 2759 93 2822 teret,
110 2759 138 2808 at
157 2753 233 2807 iusta
249 2767 334 2806 eausa
352 2753 540 2807 conuentionis
558 2750 653 2810 luerit:
672 2751 755 2806 nihilo
774 2753 863 2806 minus
881 2752 994 2806 colonus
1012 2767 1030 2806 a
1047 2751 1157 2806 domino
1175 2757 1268 2821 petere
1286 2757 1386 2822 potest.

2 2841 24 2898 il
71 2841 280 2896 hammus
301 2839 369 2895 libro
387 2847 486 2895 octauo
504 2841 713 2895 institutionum.
750 2840 802 2906 Qui
820 2842 848 2894 in
865 2839 986 2895 futurum
1004 2855 1102 2896 usuras
1120 2855 1138 2894 a
1155 2839 1278 2895 debitore
1296 2833 1492 2924 &TA-„55⁸

18 2935 171 2998 receperat,
195 2929 280 2983 tacite
304 2934 402 2999 pactus
424 2927 545 2997 uidetur,
569 2943 604 2984 ne
624 2930 695 2983 intra
712 2929 741 2983 id
758 2934 867 2999 tempus
886 2934 987 2984 sortem
1005 2933 1090 3000 petat.
1111 2927 1155 2983 ‘Si
1174 2943 1208 2983 cx
1226 2929 1312 2983 altera
1328 2934 1407 2998 parte
1424 2929 1453 2983 in
1471 2943 1500 2984 so

39 3029 86 3085 un,
102 3033 134 3072 ex
152 3019 241 3072 altera
258 3017 286 3071 in
304 3031 450 3087 personam
468 3022 579 3088 pactum
598 3023 761 3088 conceptum
779 3016 868 3086 inerit,
888 3018 973 3072 ueluti
991 3031 1025 3072 ne
1044 3033 1097 3087 ego
1115 3019 1207 3088 petam
1225 3017 1270 3072 uel
1287 3032 1322 3072 ne
1336 3022 1394 3072 ate
1405 3031 1452 3086 pe·

42 3105 105 3159 tatur:
125 3105 204 3161 heres
229 3121 307 3160 meus
330 3105 366 3160 ab
389 3105 516 3160 omnibus
538 3105 619 3161 uobis
642 3105 802 3175 petitionem
826 3105 938 3161 habebit
963 3110 992 3160 et
1010 3105 1045 3161 ab
1062 3105 1163 3162 herede
1180 3109 1229 3160 tuo
1246 3120 1342 3161 omnes
1358 3096 1453 3175 petere

42 3193 172 3256 mbdmns.

11 3279 35 3338 58
80 3281 222 3338 iussurus
240 3281 309 3337 lrbro
327 3283 408 3337 tertio
421 3282 648 3338 membranarum.
676 3282 722 3337 Ab
734 3283 871 3354 emptione
883 3283 1050 3352 uenditionc‚
1068 3283 1204 3338 locatione
1216 3299 1278 3340 oon·
1297 3276 1493 3366 [ms

47 3363 144 3425 bodone
161 3372 315 3440 ceterisque
333 3370 467 3426 similibus
486 3370 698 3440 obligationibus
716 3373 780 3440 quin
792 3372 906 3440 integris
918 3371 1044 3428 omnibus
1056 3387 1192 3428 consensu
1204 3359 1454 3442 eomm‘qffiffts}
1472 3387 1500 3428 ιι

49 3456 177 3529 trobigsti
196 3460 260 3528 sint,
279 3459 370 3514 recedi
388 3461 484 3536 possit,
502 3458 615 3528 dubium
634 3475 688 3514 non
707 3465 758 3514 est.
786 3460 908 3515 Aristoni
920 3460 973 3515 boc
986 3461 1104 3531 amplius
1113 3459 1268 3529 uidebatur,
1287 3461 1363 3530 siea,
1382 3475 1453 3530 quae

51 3555 79 3596 te
91 3553 224 3618 exempto
242 3553 383 3618 praestare
400 3547 451 3603 tibi
469 3553 616 3618 oporteret,
637 3549 835 3618 praestitissem
854 3555 883 3604 et
901 3563 963 3605 cnm
981 3553 1011 3604 tu
1030 3549 1095 3604 mihi
1113 3545 1230 3618 pretium
1248 3548 1372 3618 deberes,
1389 3563 1452 3603 oon·

52 3634 140 3690 tttbset
156 3635 222 3691 mrhi
240 3641 346 3706 tecum
371 3641 403 3690 ut
420 3651 514 3692 rursus
532 3637 673 3706 praestitis
691 3638 756 3693 mibi
775 3651 792 3692 a
809 3643 837 3693 te
856 3638 883 3692 ln
901 3653 931 3692 rc
948 3637 1062 3694 uendite
1079 3635 1219 3706 ommbus,
1243 3651 1314 3706 quae
1333 3653 1385 3706 ego
1403 3635 1454 3691 tibi

52 3724 228 3794 littttltissem,
251 3725 369 3794 pretinm
393 3723 458 3779 mihi
476 3740 531 3780 non
549 3725 629 3779 dares
647 3731 733 3795 tuque
751 3725 816 3780 mihi
834 3740 868 3780 ea
885 3723 1083 3795 praestitisses:
1107 3726 1225 3796 pretium
1242 3730 1271 3780 te
1289 3725 1389 3781 debere
1407 3725 1453 3780 de·

53 3803 123 3880 Ιίιιιι,
145 3815 208 3883 quia
225 3811 315 3868 bonae
332 3811 411 3882 fidei,
433 3813 468 3867 ad
486 3829 568 3882 quam
587 3815 679 3868 omniu
695 3813 763 3870 haec
781 3814 955 3884 rediguntur,
973 3814 1160 3886 interpretatio
1178 3813 1248 3870 hanc
1265 3829 1374 3884 quoque
1390 3828 1454 3870 oon·
1472 3830 1501 3870 to

54 3917 143 3996 illim

460 4049 561 4056 ---
573 4049 664 4055 -..-
1031 4047 1455 4062 .......,-........--.-..,.--

54 4104 188 4190 ltisPl‘U
238 4112 453 4168 3existimabas
472 4114 524 4168 PU
574 4115 709 4170 toonsti-
764 4113 869 4169 fructus
887 4115 927 4167 P·
980 4115 1015 4169 24
1033 4115 1057 4170 si
1075 4117 1162 4169 oms
1174 4118 1298 4191 (addflz
1318 4113 1364 4168 sia
1380 4113 1453 4174 boi·
1519 4155 1522 4164 .

52 4177 128 4236 libel*
163 4185 290 4254 bouum]
310 4186 435 4238 tuuml‘
480 4187 577 4240 (lesse
592 4186 709 4254 aliquem
764 4186 1020 4256 ιυΥΦΡογκιογιριοι
1038 4186 1088 4238 RS
1106 4186 1216 4255 (Steph.)
1233 4187 1236 4254 l
1252 4189 1350 4255 paetus
1369 4185 1454 4254 esset]

51 4257 91 4304 itm
110 4257 178 4310 cauit
195 4257 238 4309 P·
291 4257 508 4324 Spignoratum
527 4257 606 4325 quasi
624 4257 709 4311 oredi-
763 4273 790 4326 p.
804 4257 938 4310 estPVU
980 4257 1014 4310 25
1026 4258 1180 4324 poteretfi
1197 4259 1201 4324 Ι
1216 4255 1454 4325 interposuisetF¹

49 4319 108 4378 tum
128 4327 258 4381 debitoris
280 4327 420 4396 negotium
444 4341 539 4396 gerere
563 4341 652 4382 emere
671 4329 710 4380 P·
732 4361 734 4366 -
763 4329 797 4381 27
816 4327 960 4382 munitium
972 4327 1041 4394 PUl
1058 4328 1081 4382 si
1094 4328 1219 4396 conuen]
1232 4329 1377 4382 sicutnen.
1389 4327 1458 4381 P⁰U

49 4389 71 4442 ll
86 4392 151 4466 iecit]
172 4398 263 4466 coepit
288 4397 329 4451 P·
393 4401 425 4451 11
453 4399 570 4467 pignoril
597 4400 644 4468 gni
670 4397 710 4451 P·
763 4399 798 4452 28
817 4403 845 4452 et
863 4417 910 4451 om.
920 4399 959 4452 P·
975 4401 979 4466 Ι
995 4399 1084 4452 minus
1097 4399 1156 4452 colo
1170 4417 1218 4451 om.
1232 4400 1268 4451 Ρ·
1321 4397 1452 4466 deintra]

47 4461 180 4537 ltrenns]
194 4469 260 4532 Fir,
274 4469 445 4532 actnrosP·‚
459 4467 710 4532 aetumsPtvtut,
764 4469 834 4522 inter
851 4469 891 4520 P·
934 4471 968 4523 31
989 4479 1103 4537 ιιϊιςο
1121 4470 1160 4522 F’
1204 4471 1239 4523 32
1256 4469 1346 4538 heres]
1365 4474 1395 4524 et
1408 4469 1455 4523 be·

44 4539 75 4588 te.
93 4539 120 4590 l'·
143 4543 147 4606 Ι
172 4540 223 4608 eis]
252 4540 299 4593 ei..
325 4540 372 4602 1²⁸,
407 4540 432 4594 ei
459 4539 579 4605 P‘V‘U,
608 4549 655 4595 inc.
676 4539 710 4592 V·
763 4555 807 4593 ros
826 4539 928 4606 Pl'Ul
950 4541 1054 4608 omnes]
1072 4555 1141 4594 onus
1160 4541 1198 4593 P·
1260 4541 1295 4594 35
1309 4541 1389 4609 quin]
1408 4539 1455 4610 qui

42 4603 63 4659 ll
76 4615 225 4676 praestator
247 4612 290 4675 P,
314 4609 394 4664 daret
417 4611 448 4675 P,
471 4615 624 4679 praestaret
641 4641 661 4662 ..
679 4609 709 4674 V,
763 4613 803 4678 Fi
819 4611 889 4664 inter
907 4611 947 4679 sel
966 4611 1081 4666 interest
1098 4611 1136 4664 P·
1186 4613 1221 4665 36
1240 4611 1304 4681 sint}
1324 4615 1388 4666 sunt
1405 4610 1453 4678 ΡΙ

37 4689 168 4758 peruret
189 4682 215 4735 U
227 4685 232 4748 1
252 4681 298 4750 ad]
318 4697 336 4735 a
353 4681 401 4744 1²⁶,
421 4689 468 4734 icc.
481 4681 515 4734 Η·
569 4683 603 4736 15
621 4681 710 4749 ne'que
763 4682 860 4749 possiti
885 4697 966 4750 posse
988 4683 1044 4735 PV
1093 4683 1127 4736 37
1151 4683 1289 4752 emptione
1310 4683 1359 4749 ΡΙ
1381 4681 1454 4750 eum]

35 4753 88 4820 nrsl
104 4769 138 4807 ne
157 4753 215 4808 lure
229 4753 269 4806 Ρ·
284 4755 288 4818 Ι
305 4751 428 4819 nequ'a'e
446 4767 505 4820 aeq.
519 4755 545 4806 F
576 4755 609 4806 ll
627 4759 709 4806 utsut
764 4768 826 4806 eum
848 4754 883 4805 P·
899 4755 903 4818 ί
919 4753 1092 4807 conuenisset
1110 4753 1185 4822 mibi]
1204 4754 1392 4808 conuenisscm
1408 4754 1455 4816 Pt,

31 4821 58 4876 n's
77 4823 135 4888 ΡΙ
160 4823 289 4878 restiatur
312 4825 338 4876 F
401 4823 433 4876 19
459 4823 641 4891 'p'uieensimo
668 4837 709 4876 se
764 4823 925 4878 corurenisse
943 4823 1007 4878 mihi
1025 4824 1051 4878 U
1100 4825 1135 4878 38
1154 4839 1210 4878 rem
1228 4823 1368 4878 uenditum
1385 4823 1439 4876 PU
1449 4822 1453 4891 Ι

27 4895 105 4949 tundo
134 4897 167 4960 F,
195 4895 268 4949 mii
295 4895 323 4948 P
382 4895 416 4947 21
444 4895 540 4964 teneri]
568 4899 644 4949 tenet
671 4895 711 4946 Ρ·
763 4893 823 4962 tibi]
843 4893 1018 4948 tcmihiP·l
1072 4893 1455 4963 saccom.PVU1·q'prae

25 4965 53 5019 22
74 4965 142 5020 libro
167 4985 216 5025 om.
229 4965 255 5018 P
313 4966 349 5020 23
377 4965 525 5034 paciscitur
546 4967 586 5019 P·
613 4967 617 5032 Ι
643 4980 710 5020 usus
764 4965 879 5020 stitisset
897 4966 923 5017 F
935 4969 1031 5032 l-ses
1050 4987 1082 5020 m.
1095 4967 1122 5033 3)
1176 4965 1212 5020 40
1230 4965 1318 5020 bano
1336 4965 1372 5018 Ρ·
