3712 5370
263 200 336 270 XVI
356 203 376 269 3
396 207 513 264 31-34
930 197 1018 280 478
1284 220 1443 268 osrosmr
1463 221 1531 268 usu
1553 219 1690 270 coruus

262 359 287 414 is
304 359 352 429 qui
369 357 458 414 dedit:
477 358 501 414 si
517 357 603 414 totins
620 359 660 414 rei
677 359 856 430 aequitatem,
873 373 946 430 quae
963 373 999 415 ex
1016 358 1142 416 omnibus
1158 357 1282 428 personis
1299 373 1371 429 quae
1388 359 1499 430 negotio
1514 359 1570 414 isto
1588 357 1692 414 eontin-

263 451 365 519 guntor
387 447 527 518 impletur,
552 445 618 504 mibi
640 447 780 504 reddenda
801 453 877 520 sunt,
901 452 971 519 quo¹
989 447 1063 505 fanto
1086 448 1279 504 scelestissimo
1299 447 1430 518 adempta
1451 453 1525 505 suut
1555 452 1585 502 ot
1605 446 1692 518 probo

262 536 334 594 bauo
351 552 412 594 esso
429 537 575 608 iustitiam,
598 551 669 608 quae
687 552 766 592 suum
784 538 883 608 auique
900 538 940 594 ita
956 537 1065 608 tribuit,
1090 541 1122 593 nt
1145 553 1200 593 non
1221 536 1388 592 durabatur
1406 535 1442 592 ab
1459 538 1540 593 ullius
1557 550 1692 607 personae

262 627 375 684 iustiore
392 627 560 696 repetitione.
587 626 662 696 quod
679 627 704 682 si
721 641 774 696 ego
791 625 828 682 ad
845 627 965 697 peteuda
981 642 1016 682 ea
1037 642 1092 682 non
1110 627 1232 696 ueniam,
1255 626 1338 682 nihilo
1361 627 1451 684 minus
1464 627 1501 682 uei
1523 624 1693 682 restituenda

263 720 328 772 sunt
345 717 392 786 qni
410 716 544 787 deposuit,
562 716 688 785 quamuis
706 716 777 771 maie
795 715 920 785 quaesita
937 715 1073 786 deposuit
1101 715 1175 786 quod
1192 721 1222 771 at
1232 715 1374 771 iiameiius
1385 716 1414 772 in
1431 714 1569 785 praedone
1587 711 1724 770 otiores

263 805 366 862 soribit
393 805 417 862 si
434 809 527 861 tammr
543 805 674 874 ignotam
695 805 765 860 latro
787 805 865 860 onius
887 803 943 860 filio
966 805 1010 861 uel
1033 819 1114 860 seruo
1135 820 1193 861 rem
1217 803 1375 860 abstulisset
1391 804 1466 875 apud
1482 809 1589 876 patrem
1607 802 1693 859 domi·

219 919 223 930 ·
263 909 364 952 numne
381 895 459 951 eius¹
476 893 603 964 deposuit
619 893 803 964 ignorantem,
825 908 877 948 neo
899 909 934 949 ex
956 893 1015 949 iura
1032 894 1155 964 gentium
1178 894 1311 950 oonsiatet
1332 877 1601 964 depositum,'‘ouins
1624 891 1693 947 haee

263 989 308 1040 ost
323 989 460 1055 potestas,
482 987 515 1038 ut
531 983 601 1054 aiii⁸,
622 998 677 1040 non
694 981 804 1038 domino
822 997 873 1038 sua
890 982 975 1054 ipsius
992 997 1037 1038 res
1055 984 1134 1054 quasi
1151 983 1254 1054 aliena,
1278 983 1415 1038 seruanda
1431 982 1520 1039 detur.
1546 987 1575 1038 et
1592 981 1616 1038 si
1633 995 1692 1037 rem

263 1087 354 1130 meam
371 1071 428 1142 iur,
450 1087 532 1142 quam
551 1087 594 1128 me
617 1072 759 1141 ignorante
781 1069 929 1142 subripuit,
952 1072 1027 1143 apud
1048 1087 1093 1128 me
1110 1073 1266 1128 etiamnum
1288 1072 1418 1128 daliotum
1440 1073 1499 1128 eins
1520 1071 1693 1142 ignorantem

264 1161 433 1232 deposuerit,
456 1165 531 1216 reete
549 1159 654 1216 diootur
671 1175 726 1217 nou
744 1159 867 1216 oonuahi
884 1161 1052 1233 dopositum,
1076 1162 1141 1231 quia
1162 1177 1217 1218 non
1239 1165 1282 1217 est
1304 1177 1339 1218 ox
1362 1159 1417 1217 tide
1438 1160 1512 1217 bona
1533 1175 1592 1225 rem
1613 1168 1740 1216 suam1⁰

264 1251 404 1308 dominum
427 1249 559 1320 praedoni
582 1249 726 1305 restituere
749 1250 883 1321 oompolii.
910 1249 960 1306 sed
978 1251 1048 1306 etsi
1069 1251 1226 1307 etiamnuno
1248 1249 1284 1306 ab
1301 1251 1444 1321 ignorante
1465 1249 1576 1307 domino
1593 1248 1694 1306 tradita

264 1341 301 1397 sit
317 1340 396 1411 quasi
414 1353 449 1394 ex
467 1353 551 1394 eausa
569 1338 694 1410 depositi,
711 1342 805 1394 tamen
821 1337 935 1396 indebiti
953 1339 1010 1395 dati
1028 1339 1163 1396 oondiotio
1181 1345 1326 1411 oompotet
1583 1373 1585 1376 -

207 1429 245 1490 32
317 1429 431 1486 misus
452 1427 522 1484 libro
545 1427 690 1484 undeoimo
711 1427 887 1498 digestorum.
930 1427 1010 1494 Quod
1027 1429 1118 1485 Nerua
1140 1415 1244 1484 ditaret
1264 1429 1388 1486 latiorem
1411 1429 1518 1500 ouipam
1550 1437 1693 1508 λιι-Ψ
1712 1429 1755 1486 Ἐ

264 1518 357 1574 dolum
374 1531 449 1586 esse,
473 1517 589 1572 Proouio
606 1516 781 1587 dispiioebat,
804 1516 870 1572 mihi
892 1517 1064 1573 uerissimum
1085 1516 1205 1572 uidetur.
1232 1533 1296 1573 nam
1317 1523 1347 1574 et
1367 1518 1392 1573 si
1414 1518 1475 1588 quis
1497 1531 1552 1572 non
1576 1515 1693 1571 adeum

264 1607 376 1664 modum
393 1621 475 1676 quem
492 1604 630 1661 hominum
648 1610 747 1660 natura
764 1605 902 1662 desiderat
919 1606 1035 1677 diligens
1053 1611 1110 1676 est,
1134 1606 1187 1662 nisi
1203 1610 1296 1662 tamen
1315 1606 1350 1662 ad
1368 1623 1447 1662 suum
1470 1605 1581 1661 modom
1599 1619 1693 1660 euram
1713 1613 1741 1656 ιε

263 1698 294 1754 in
311 1696 436 1766 deposito
453 1699 587 1764 praestat,
610 1692 707 1750 irando
724 1710 779 1751 non
796 1699 884 1750 aaran
907 1710 959 1752 neo
976 1696 1049 1751 euim
1072 1695 1151 1750 salua
1171 1693 1226 1751 tide
1245 1696 1377 1752 minorem
1394 1696 1519 1766 isquam
1537 1695 1594 1750 suis
1610 1691 1694 1750 rebus

263 1785 432 1855 diligentiam
449 1782 607 1853 praestabit.

207 1873 246 1934 33
317 1876 419 1930 Lasso
436 1871 504 1930 libro
523 1875 601 1928 serto
620 1871 800 1942 posteriorum
826 1887 844 1927 a
859 1872 989 1928 Iauoleno
1011 1872 1229 1942 epitomatorum.
1266 1871 1369 1928 Seruus
1391 1878 1456 1929 tuns
1473 1887 1519 1944 po·
1538 1863 1694 1954 Q
1711 1874 1739 1931 A

264 1963 372 2018 cuniam
391 1977 454 2018 oum
471 1961 548 2017 Attio
566 1961 595 2016 in
612 1966 754 2030 sequestro
772 1961 899 2032 deposuit
916 1961 990 2032 apud
1007 1963 1144 2017 Maeuium
1167 1977 1202 2016 ea
1218 1961 1390 2032 eondioiono,
1413 1967 1446 2018 ut
1468 1977 1502 2018 ea
1524 1962 1575 2017 tibi
1597 1960 1694 2016 reddo·

264 2057 351 2123 retur,
375 2052 399 2106 si
415 2056 493 2106 tuam
510 2065 572 2106 osso
590 2048 749 2120 probasses,
774 2049 798 2106 ri
820 2052 921 2121 minus,
944 2055 977 2107 ut
994 2050 1071 2106 Attio
1093 2049 1261 2106 redderetur.
1288 2065 1370 2120 posse
1388 2050 1446 2107 dixi
1463 2067 1526 2107 oum
1549 2065 1596 2121 oo,
1620 2048 1694 2119 apud
1713 2058 1743 2100 ao

264 2156 345 2212 quom
363 2140 491 2210 deposita
507 2139 713 2222 asset,‘inoerti
731 2154 826 2210 agore,
850 2140 879 2196 id
900 2145 945 2195 est
967 2139 1003 2194 ad
1021 2139 1218 2210 exhibendum,
1242 2144 1271 2196 et
1287 2139 1436 2197 exhibitam
1453 2139 1607 2210 uindioare,
1630 2138 1695 2208 qnia

264 2245 361 2286 semna
378 2229 407 2284 in
425 2228 587 2300 deponendo
605 2234 683 2284 tuum
699 2229 743 2283 ius
761 2227 881 2284 debarim
898 2227 988 2284 faeere
1005 2243 1061 2284 non
1077 2229 1222 2299 potuisset.

207 2319 246 2379 34
316 2318 395 2374 loru
412 2317 481 2374 libro
499 2317 620 2374 seeundo
637 2317 777 2388 pithanon.
812 2318 895 2374 Potes
918 2333 1001 2388 agere
1024 2317 1142 2388 depositi
1164 2334 1226 2374 oum
1250 2333 1298 2388 eo,
1321 2317 1368 2388 qui
1390 2315 1441 2373 tibi
1464 2331 1519 2374 non
1538 2309 1695 2401 Q
1713 2319 1742 2376 A

264 2407 342 2464 alitor
359 2423 442 2477 quam
459 2408 577 2463 nummis
595 2423 613 2464 a
628 2411 658 2464 te
675 2407 795 2478 aooeptis
811 2406 966 2478 dopositum
984 2406 1099 2464 reddere
1117 2408 1246 2480 uoluerit,
1271 2407 1398 2478 quamuis
1420 2407 1480 2463 sino
1503 2423 1581 2463 mora
1603 2411 1632 2462 et
1653 2406 1693 2462 in·

264 2501 421 2568 perruptum
438 2495 596 2552 reddiderit
1710 2497 1793 2549 tatu'
1803 2519 1850 2549 aas

179 2579 180 2582 ‘
262 2607 425 2684 aravo]

264 2793 273 2828 ¹
292 2789 338 2846 oui
355 2789 516 2882 (Ba-mamb?
585 2789 597 2824 ¹
615 2787 689 2860 apud
706 2793 813 2860 patrem
831 2789 1006 2847 dominnmue
1023 2791 1092 2861 eius]
1111 2789 1186 2862 apud
1203 2805 1266 2847 eum
1283 2789 1318 2860 (a
1331 2788 1381 2858 tq?
1449 2789 1461 2825 ¹
1480 2789 1569 2846 aliena
1587 2797 1633 2844 tna.

265 2969 347 3039 iqui
364 2965 448 3037 dedit]
467 2965 578 3038 quidem
596 2965 637 3022 dit
655 2967 714 3036 Ρ·1
734 2967 797 3038 isto]
815 2973 894 3038 gasto
914 2967 954 3022 P·
1005 2969 1142 3024 substitus
1164 2988 1218 3025 essa
1237 2988 1287 3041 pro
1309 2967 1394 3023 uerbis
1417 2965 1490 3037 apud
1508 2981 1571 3022 eum
1591 2965 1597 3034 Ι
1617 2965 1694 3038 igno·

246 3041 282 3104 ,2
316 3039 519 3108 molestissimo]
556 3038 706 3108 ΝΜ,
742 3039 953 3096 sceleratissimo
1005 3055 1050 3095 ras
1067 3041 1109 3095 P·
1162 3043 1195 3097 11
1215 3048 1244 3096 ot
1261 3059 1309 3094 om.
1323 3039 1375 3094 PU
1420 3040 1455 3094 12
1471 3045 1563 3094 tamen
1581 3037 1696 3092 indebiti

263 3111 365 3168 PV¹U⁸
409 3109 480 3166 aab
498 3110 580 3166 ullius
593 3109 735 3180 personae]
755 3110 855 3168 abillis
872 3112 953 3168 ullius
1006 3109 1183 3168 'tamon’dati
1201 3113 1244 3178 β’,
1265 3116 1357 3166 tamen
1375 3109 1539 3166 indebititati
1556 3110 1596 3164 P·
1611 3112 1615 3178 Ι
1631 3124 1695 3165 oon·

298 3197 379 3238 rsooe
405 3181 529 3252 personis
555 3182 602 3248 P·,
633 3180 668 3238 ab
696 3181 757 3238 ullis
784 3198 900 3253 persone
931 3182 956 3238 U
1006 3182 1130 3238 dieti'o'io
1153 3186 1243 3250 (uoluit
1261 3181 1329 3248 bio)
1352 3181 1391 3236 Ρ
1412 3183 1417 3249 Ι
1438 3197 1499 3238 oum
1519 3182 1584 3251 etet]
1608 3181 1695 3246 ΡΨ,

263 3198 323 3310 gesi
340 3257 433 3309 tamen
451 3255 579 3324 ignorans
596 3251 659 3338 rep]
677 3252 699 3306 εἰ
716 3251 953 3319 ιὲιοῩέιιοῨγίοῨ
1006 3255 1137 3324 competit
1148 3251 1284 3308 F²P⁵VU
1317 3253 1350 3309 15
1362 3251 1500 3308 bominum
1524 3252 1644 3308 omnium
1655 3251 1695 3306 P·

265 3325 280 3379 ιί
308 3325 412 3390 οἷκὲτογ
439 3323 454 3378 ὁ
481 3323 577 3396 λῂιτιιο
605 3323 619 3377 is
649 3342 664 3379 o
691 3324 801 3380 κλὲιιτιιο
830 3323 952 3389 ἀφείλετο
1007 3327 1041 3381 16
1064 3325 1096 3395 is]
1121 3327 1155 3390 F,
1176 3323 1218 3380 his
1241 3323 1303 3379 PU·
1357 3325 1390 3379 18
1413 3325 1593 3395 epitomarum
1615 3319 1697 3378 PVU

263 3397 395 3538 aaa
1006 3394 1695 3539 ιιιιιιιιιιιιιιιιιισι

377 3507 410 3534 ·s
861 3507 868 3522 ·
1531 3505 1542 3534 ι

261 3548 305 3614 pta
321 3539 473 3596 crediderim
490 3537 565 3611 apud
580 3542 687 3610 patrem
702 3487 877 3596 dominoffmue
894 3539 954 3612 eiua
1006 3539 1076 3596 dixit
1093 3540 1132 3595 Ρ·
