3698 5364
176 157 280 227 XXVI
302 160 320 224 i
343 163 459 220 13-24
846 152 871 232 7
877 153 935 235 64
1224 180 1271 228 un
1294 175 1638 226 summes-amosa

176 320 205 372 et
221 315 439 372 fideicommissis
458 314 599 370 attondere
617 315 701 372 debet
717 319 806 386 tutor,
831 331 865 372 ne
884 318 928 374 cni
946 333 1001 374 nou
1020 317 1141 376 debitum
1167 320 1270 390 soluat,
1294 333 1346 374 neo
1367 317 1498 388 nuptiale
1524 332 1636 373 munus

176 405 256 461 matri
275 405 369 474 pupilli
387 405 432 459 uel
450 405 535 459 sorori
554 405 670 460 mittere.
699 406 773 460 aliud
790 411 846 476 cst,
871 407 894 462 si
913 408 993 462 matri
1011 406 1082 464 sorte
1100 415 1149 464 ant
1166 409 1252 464 sorori
1270 409 1365 479 pnpilli
1388 411 1469 462 tator
1493 421 1533 462 ea
1557 421 1635 476 quae

176 495 212 549 ad
230 495 334 549 uictum
352 494 507 549 necessaria
525 500 589 549 suut
607 495 781 564 praestiterit,
799 510 862 548 cum
880 501 968 550 semet
979 497 1040 568 ipsa
1055 499 1190 554 snsdncre
1208 513 1262 554 non
1274 497 1375 567 possit:
1394 512 1463 552 nam
1483 501 1584 551 ratum
1604 496 1635 552 id

176 582 332 638 babendum
351 587 407 637 est:
426 599 476 638 nec
495 584 565 638 euim
585 583 681 638 cadem
700 599 785 640 causa
802 590 846 639 est
863 585 931 656 eius,
950 586 1025 656 quod
1043 587 1070 642 in
1089 603 1150 642 eam
1167 603 1226 643 rem
1238 586 1404 658 impenditur
1421 591 1453 640 et
1466 585 1551 654 quod
1572 601 1634 640 mu·

175 674 249 728 neris
266 673 453 742 legatorumue
472 673 581 728 nomina
599 675 736 741 erogatur.
1653 689 1667 729 ι

120 763 157 822 14
229 763 348 816 Pronus
365 760 434 816 libro
452 767 551 816 octauo
569 761 702 818 breuinm.
739 763 830 818 Etiam
849 763 999 820 contutoris
1017 763 1121 820 iactum
1139 765 1291 834 imputatur
1307 763 1438 834 colegno,
1459 757 1634 846 {affl
1667 773 1688 826 s

176 851 201 906 si
217 851 308 920 potuit
326 856 354 904 et
370 849 466 905 debuit
484 856 641 920 suspectum
660 849 763 906 iacere:
787 851 924 907 interdum
947 858 976 908 et
998 854 1021 908 si
1044 853 1140 910 debuit
1157 854 1225 909 satis
1243 858 1349 923 petere:
1373 869 1438 908 nam
1458 853 1483 908 si
1502 852 1633 908 idoneas

176 939 268 995 subito
286 940 379 1008 lapsus
398 945 448 1009 est,
467 939 532 994 nibil
552 941 674 1010 collegae
691 941 820 1010 imputari
837 945 937 1010 potest.

119 1031 157 1090 15
229 1029 307 1083 lours
324 1027 392 1082 libro
410 1028 531 1084 secundo
550 1030 756 1085 sententiarum.
793 1028 823 1086 Si
841 1033 917 1086 tutor
934 1032 1101 1088 constitutus
1118 1047 1188 1102 quos
1210 1031 1346 1087 inuenerit
1362 1029 1438 1086 debi·
1458 1016 1633 1105 [ffiU—t—st
1654 1025 1695 1078 'P

176 1123 250 1173 tores
268 1131 323 1172 ιιοιι
341 1118 500 1172 conuenerit
518 1133 550 1172 ao
569 1133 618 1187 per
635 1118 687 1174 hoc
705 1119 794 1174 minus
812 1118 905 1176 idonei
923 1119 1091 1191 efficiantur,
1116 1122 1160 1177 uel
1180 1122 1252 1178 intra
1269 1137 1319 1176 sex
1336 1120 1439 1190 primos
1475 1117 1633 1186 ῗιῑᾶζιῖρῑ
1653 1129 1682 1169 ¹⁰

176 1221 285 1262 menses
302 1207 450 1276 pupillares
473 1208 603 1276 peorrniaa
627 1223 681 1263 non
700 1209 887 1281 collocarent,
911 1211 971 1282 ipre
994 1211 1023 1266 in
1042 1210 1163 1268 debitam
1182 1210 1326 1281 pecuniam
1345 1213 1374 1264 et
1390 1209 1418 1264 in
1437 1224 1548 1264 usuras
1568 1197 1633 1266 effi

175 1297 308 1368 pecuniae
326 1311 408 1364 quam
427 1311 482 1350 uon
500 1293 653 1351 faenerauit
671 1297 841 1354 conuenitur.

119 1386 157 1444 16
229 1385 306 1440 Inar
322 1384 391 1440 libro
409 1391 489 1441 sexto
509 1385 544 1440 ad
563 1383 702 1440 Sabinum.
740 1385 809 1442 Cum
828 1388 967 1458 quaeritur
984 1388 1086 1445 iudicio
1103 1389 1220 1457 tutelae,
1239 1401 1311 1458 quae
1328 1386 1440 1442 nomina
1458 1381 1633 1472 Q
1666 1392 1700 1445 S*

175 1479 301 1530 atutorc
320 1473 394 1530 iacta
411 1489 561 1545 agnoscere
579 1474 699 1544 pupillus
718 1474 826 1546 debeat,
845 1477 989 1534 Marcellus
1006 1477 1131 1548 putabat,
1151 1479 1175 1533 si
1192 1481 1267 1532 tutor
1284 1475 1427 1546 pecuniam
1440 1478 1547 1546 pupilli
1568 1495 1631 1534 mu·

175 1569 251 1620 tuam
264 1563 392 1620 dedisset
410 1569 439 1618 et
456 1579 506 1618 suo
524 1564 634 1620 nomine
652 1564 799 1634 stipulatus
818 1571 900 1636 esset,
918 1581 1002 1637 posse
1020 1567 1074 1622 diei
1092 1567 1203 1622 nomina
1217 1566 1324 1634 integra
1335 1563 1439 1635 pupillo
1453 1565 1541 1620 salua
1553 1583 1630 1638 essa,
1652 1576 1680 1616 ιι

176 1653 318 1724 deperdita
335 1659 364 1709 et
381 1654 452 1708 malo
470 1657 612 1708 contracta
629 1652 665 1708 ad
678 1657 796 1710 tutorem
810 1655 954 1725 pertinere.
981 1656 1031 1712 sed
1043 1657 1136 1712 uerius
1149 1671 1179 1712 se
1190 1660 1288 1725 putare
1299 1669 1381 1725 posse
1392 1658 1520 1710 tutorem
1536 1655 1548 1726 ΙΙ
1563 1672 1631 1712 earn
1649 1661 1727 1709 tate

176 1743 364 1798 condicionem
383 1742 552 1799 adulescenti
571 1739 686 1810 deferre,
705 1748 737 1796 ut
753 1743 782 1797 id
800 1744 874 1813 quod
892 1745 1027 1814 gessisset
1044 1751 1119 1802 tutor
1136 1747 1165 1802 in
1183 1744 1375 1802 contrahendis
1389 1743 1558 1800 nominibus
1579 1752 1633 1802 aut

175 1833 203 1888 in
226 1837 314 1886 toturn
339 1846 489 1902 agnoscere
510 1836 558 1886 ant
576 1847 593 1885 a
610 1836 669 1888 toto
687 1832 843 1902 recedere¹‚
866 1834 906 1889 ita
924 1839 956 1888 ut
972 1833 1086 1905 perinde
1111 1839 1185 1890 esset
1207 1850 1240 1890 ac
1264 1836 1288 1890 si
1305 1839 1379 1890 tutor
1396 1831 1452 1889 sibi
1471 1835 1630 1904 nemum

175 1920 316 1992 gessisset.
346 1921 418 1976 idem
437 1925 481 1975 est
497 1925 525 1975 et
543 1920 567 1976 si
586 1921 680 1991 pupilli
698 1921 807 1976 nomine
825 1923 994 1980 credidisset
1651 1933 1681 1974 ι·

119 2010 156 2068 17
228 2009 486 2068 Pomrouruslibro
505 2009 746 2081 septimodecimo
765 2009 959 2068 adSabinum.
996 2011 1048 2078 Qui
1066 2013 1158 2068 iussus
1170 2018 1214 2068 cst
1225 2011 1260 2068 ab
1272 2028 1314 2083 eo,
1332 2013 1381 2082 qui
1391 2012 1435 2068 ius
1456 2007 1632 2082 [lrss‘a‘ffss
1668 2017 1701 2072 S·

174 2099 286 2156 iubendi
304 2100 400 2170 babet,
423 2101 537 2155 tutelam
555 2114 665 2169 gerere,
688 2100 712 2154 si
730 2104 880 2170 cessasset,
904 2117 940 2156 er
957 2115 1012 2172 quo
1036 2102 1128 2157 iussus
1149 2105 1193 2158 est
1209 2102 1363 2158 indemnem
1382 2101 1521 2172 pupillum
1543 2119 1631 2173 prae-

174 2197 247 2245 stare
266 2189 385 2256 debebit,
403 2204 459 2244 uon
476 2204 511 2244 er
529 2203 584 2258 quo
602 2193 677 2244 tutor
695 2203 757 2244 esse
775 2189 874 2260 coepit.

118 2279 156 2338 18
226 2279 369 2335 luursuus
387 2277 456 2334 llbro
474 2278 604 2333 uicesimo
622 2278 710 2348 primo
729 2277 907 2347 digestorum.
944 2278 996 2345 Qui
1014 2282 1089 2334 tutor
1106 2279 1219 2348 negotia
1232 2279 1434 2350 pupilligeasit,
1454 2275 1632 2362 [ssffir
1668 2289 1690 2344 s

174 2368 301 2438 quamuis
318 2368 346 2422 in
364 2368 438 2422 uuila
455 2382 484 2422 re
496 2371 592 2422 auctor
603 2368 706 2438 pupillo
717 2365 808 2436 fuerit,
827 2369 893 2437 quin
905 2369 1009 2424 tutelae
1020 2367 1122 2424 iudicio
1133 2371 1269 2439 tencatur,
1287 2367 1406 2424 dubitari
1422 2356 1632 2441 noffirtefr

174 2457 239 2528 quid
258 2458 329 2513 enim
348 2455 475 2527 probibet
491 2455 531 2511 ita
548 2457 738 2526 patrimonium
758 2457 855 2527 pupilli
878 2457 1059 2527 compositum
1083 2473 1158 2526 esse,
1182 2461 1214 2512 ut
1237 2457 1303 2513 nibil
1321 2471 1416 2527 gerere
1434 2473 1562 2516 necesse
1583 2464 1632 2534 sit,
1654 2475 1684 2516 aa

143 2553 154 2598 1
174 2547 203 2602 in
227 2561 281 2617 quo
304 2547 404 2603 tutoris
427 2547 576 2602 arroteritae
599 2546 736 2616 interponi
758 2545 880 2602 debeat?
917 2546 961 2602 Ex
985 2546 1093 2602 duobus
1117 2546 1255 2604 tutoribus
1279 2547 1303 2602 si
1325 2561 1386 2602 com
1410 2547 1500 2604 altero
1527 2557 1632 2608 actum

174 2635 264 2706 inerit,
283 2636 352 2692 alter
369 2651 423 2690 non
443 2633 613 2690 liberabitur.

119 2720 156 2780 19
229 2726 378 2782 umrruus
396 2723 465 2780 libro
483 2723 571 2794 primo
588 2739 789 2793 responsorum.
826 2723 914 2780 Actus
932 2723 1121 2780 spirationem
1137 2725 1308 2780 concuratori
1320 2723 1436 2780 reddere
1456 2721 1554 2810 [aar
1565 2743 1590 2797 7,
1600 2745 1632 2791 ιι
1668 2737 1690 2792 ,ς

174 2831 229 2870 non
247 2830 308 2870 esse
327 2813 558 2884 compellendum:
578 2812 627 2867 sed
646 2813 698 2867 nisi
717 2829 778 2868 oum
797 2827 830 2868 eo
849 2812 1113 2870 administrationem
1132 2815 1315 2870 communicet
1333 2819 1381 2868 aut
1398 2814 1422 2868 si
1436 2830 1496 2870 non
1508 2831 1551 2872 ex
1571 2809 1633 2877 fide

175 2919 268 2959 curam
287 2905 373 2972 gerat,
392 2907 551 2972 suspectum
570 2902 702 2971 postulari
720 2917 811 2972 posse.
1654 2921 1686 2963 ιο

118 2989 157 3047 20
228 2993 305 3046 loesr
322 2991 391 3047 libro
408 2993 503 3061 quinto
527 2991 561 3046 de
580 2989 671 3046 officio
689 2991 867 3062 proconsulis.
904 2991 992 3048 Tutor
1015 2991 1060 3047 ael
1084 2995 1208 3062 curator,
1233 2992 1311 3048 ouius
1334 2991 1436 3046 iniusta
1455 2989 1497 3062 [a.
1508 3007 1553 3062 ³⁷.
1563 3011 1589 3066 γ,
1599 3012 1632 3058 19
1667 3005 1690 3060 ,ς

1456 3065 1465 3075 a..

174 3081 321 3152 appellatio
338 3081 515 3150 pronuntiata
533 3082 584 3136 erit
602 3081 716 3136 cuiusue
734 3080 876 3136 excusatio
886 3085 1005 3152 ,recepta
1022 3095 1077 3138 nou
1095 3082 1144 3152 sit,
1169 3095 1204 3136 ex
1222 3097 1277 3152 quo
1295 3080 1426 3137 accedero
1444 3069 1633 3146 ad‘aTlTn‘i'nE

174 3171 335 3226 strationem
352 3169 448 3224 debuit
466 3171 518 3225 erit
534 3169 683 3240 obligatus.

81 3253 87 3267 “
117 3257 154 3314 21
227 3261 408 3314 Manoamus
425 3258 493 3314 libro
511 3259 643 3328 singulari
661 3274 862 3328 responsorum.
899 3259 1000 3315 Lucius
1013 3259 1102 3314 'iltius
1121 3258 1220 3316 (laium
1238 3258 1331 3316 Seium
1349 3257 1433 3314 filium
1455 3255 1632 3344 W
1668 3276 1709 3350 gs

173 3346 291 3404 familias
313 3351 480 3402 testamento
502 3346 558 3404 filio
581 3363 631 3404 suo
654 3351 772 3404 tutorem
796 3347 885 3404 dedit:
915 3347 1001 3404 Gaius
1024 3347 1104 3404 Seius
1133 3349 1237 3404 sciente
1266 3353 1295 3404 et
1322 3339 1631 3424 eonsentienttTp'ffi
1652 3370 1684 3412 as

173 3439 288 3494 tutelam
308 3437 523 3492 administrauit:
547 3453 663 3506 quaero,
687 3454 722 3492 an
740 3436 870 3493 defuncto
889 3437 958 3494 Gaio
977 3437 1040 3494 Scio
1064 3438 1136 3494 actio
1154 3438 1258 3494 tutelae
1276 3437 1410 3494 aduersus
1426 3445 1541 3508 patrem
1563 3447 1630 3502 eius

174 3533 204 3582 et
219 3527 248 3582 in
266 3533 399 3596 quantum
417 3531 565 3597 competat.
592 3527 735 3582 Marcellus
753 3527 895 3597 respondit
911 3527 1063 3582 secundum
1086 3541 1120 3582 ea
1143 3541 1214 3596 quae
1232 3527 1372 3598 proposita
1392 3535 1488 3584 essent
1504 3534 1630 3592 amiens

174 3615 209 3670 de
227 3616 335 3685 peculio
354 3620 383 3680 et
401 3615 436 3672 de
454 3616 482 3670 in
500 3631 557 3670 rem
575 3631 656 3673 uerso
674 3622 779 3686 patrem
798 3618 899 3672 teneri:
919 3633 969 3672 neo
982 3617 1095 3671 multum
1108 3615 1195 3673 uideri
1213 3617 1242 3671 in
1259 3616 1313 3672 boc
1330 3632 1397 3672 casu
1416 3615 1510 3674 facere
1530 3625 1629 3692 patris

174 3705 316 3762 scientiam
335 3709 363 3760 et
380 3721 543 3762 consenmm
561 3705 597 3760 ad
616 3705 792 3776 obligandum
811 3721 874 3762 eum
893 3705 1069 3776 insolidum,
1093 3706 1145 3762 nisi
1162 3704 1233 3762 torte
1250 3711 1393 3762 eontutore
1416 3708 1462 3762 uel
1485 3709 1546 3765 alio
1566 3728 1628 3783 quo

174 3795 285 3850 uolente
302 3809 365 3850 eum
383 3793 474 3850 iacere
492 3799 649 3864 suspectum
667 3795 823 3850 intercessit
840 3798 869 3850 et
886 3795 965 3865 quasi
982 3796 1010 3850 io
1028 3810 1058 3850 sc
1076 3795 1227 3865 periculum
1244 3795 1357 3865 recepit
1649 3819 1682 3859 ιι

117 3883 156 3940 22
227 3884 346 3940 Patruus
364 3883 432 3940 libro
451 3885 532 3940 tertio
551 3883 586 3938 ad
604 3884 733 3940 edictum.
764 3885 852 3940 Tutor
864 3884 900 3939 ad
909 3884 1059 3940 utilitatem
1071 3885 1165 3956 pupilli
1181 3890 1210 3938 et
1222 3900 1325 3941 nouare
1337 3890 1365 3940 et
1377 3899 1432 3952 rem
1453 3881 1626 3968 [ῐιιᾟι
1659 3901 1690 3956 Ε

174 3971 202 4028 in
220 3972 351 4028 iudicium
370 3973 506 4028 deducere
523 3978 630 4044 potest:
648 3973 811 4029 donationes
830 3979 920 4030 autem
940 3972 975 4029 ab
993 3989 1026 4029 co
1044 3971 1134 4029 iactae
1152 3974 1254 4044 pupillo
1272 3989 1327 4030 nou
1345 3978 1453 4030 nocent
1466 3962 1625 3975 Ἤ

118 4059 156 4118 23
229 4061 379 4118 unumne
396 4062 466 4118 libro
484 4077 556 4118 norro
574 4061 610 4116 ad
628 4062 758 4118 edictum.
789 4062 879 4132 Uulgo
897 4061 1067 4131 obseruatur,
1085 4077 1120 4118 ne
1138 4067 1213 4118 tutor
1230 4073 1329 4118 careat
1344 4067 1432 4118 ratam
1451 4059 1625 4147 [Εῗιιῗῇῑ
1657 4080 1688 4136 3

174 4165 231 4207 rem
249 4153 382 4221 pupillum
399 4151 564 4220 habiturum,
583 4151 722 4220 quierem
740 4152 769 4206 iu
787 4151 917 4206 iudicium
935 4151 1056 4207 deducit.
1083 4152 1150 4222 quid
1168 4157 1260 4207 umen
1278 4153 1301 4207 si
1314 4139 1628 4222 dubitatunffi

175 4239 273 4296 situel
291 4257 326 4295 an
345 4240 425 4296 duret
442 4244 518 4296 tutor
535 4240 578 4295 uel
598 4257 633 4296 an
650 4245 747 4311 gestus
765 4241 802 4295 illi
821 4241 983 4296 commissus
1001 4241 1056 4296 sit?
1085 4256 1203 4312 aequum
1222 4245 1266 4297 ast
1282 4241 1469 4297 aduersarium
1491 4259 1554 4302 uon
1575 4249 1627 4306 de·
1647 4265 1679 4306 rs

174 4328 237 4398 cipi.
265 4329 337 4384 idem
357 4334 385 4384 et
403 4331 430 4384 in
449 4334 575 4384 curatore
593 4336 644 4399 est,
662 4335 694 4385 ut
712 4330 832 4384 Iulianus
850 4329 968 4386 scribsit

117 4417 155 4475 24
226 4419 346 4476 Pausus
363 4418 432 4474 libro
452 4433 523 4474 nono
542 4417 578 4474 ad
595 4417 724 4474 edictum.
760 4419 879 4474 Decreto
902 4420 1037 4488 praetoris
1059 4423 1135 4475 actor
1158 4420 1289 4476 constitui
1311 4420 1432 4492 periculo
1450 4416 1622 4504 [W
1655 4437 1685 4492 E

173 4507 273 4563 tutoris
296 4509 379 4579 solet,
408 4508 588 4578 quotiensque
611 4511 660 4562 aut
683 4507 785 4564 diffusa
807 4509 918 4578 negotia
941 4509 997 4566 sint
1024 4513 1074 4564 aut
1097 4507 1218 4579 dignitas
1240 4509 1285 4564 nel
1308 4513 1384 4564 aetas
1407 4513 1457 4566 aut
1480 4499 1624 4574 ualetudo

172 4605 290 4674 ΜΠ),
309 4614 354 4678 qm·
371 4607 457 4677 dejicit
473 4627 497 4660 ιι.
509 4606 546 4662 26
563 4607 631 4661 arrd.
645 4620 679 4661 ex
697 4604 813 4676 duobus,
831 4605 910 4676 Ele)

175 4747 182 4780 ¹
203 4751 366 4815 agnosceret
384 4751 432 4802 aut
450 4763 467 4802 a
483 4751 543 4804 toto
561 4747 701 4804 recederet
719 4747 822 4816 (lidii
851 4827 855 4836 .

173 4885 291 4942 talium
310 4887 397 4942 est?
444 4890 573 4944 3semet
595 4890 656 4960 ipsa
680 4905 701 4945 s.
721 4908 746 4944 n.
765 4889 863 4961 possit]
918 4887 1067 4944 'sti'tutcrir
1090 4890 1128 4944 Ρ
1181 4891 1216 4946 27
1237 4889 1398 4945 liberauitur
1416 4892 1451 4945 tt
1507 4895 1549 4953 45
1574 4900 1623 4972 sit]

173 4957 245 5022 F’E,
263 4960 426 5029 semetipsas
440 4975 463 5014 s.
474 4978 500 5016 n.
510 4961 618 5032 possint
626 4961 736 5016 F’DIO
772 4965 864 5016 door·
918 4959 960 5016 sid
978 4961 1015 5016 ΓΙ
1032 4965 1037 5030 Ι
1052 4961 1148 5016 durem
1167 4963 1204 5015 F¹
