3652 5362
251 189 370 258 XXVII
393 192 408 256 1
432 196 467 251 45
487 227 520 237 -
539 191 559 257 2
578 198 595 252 3
930 183 1018 264 794
1268 205 1327 254 us1
1348 204 1513 252 rusmuus
1536 203 1701 253 nuceam

251 355 333 419 gutur
350 349 453 403 tutelae
472 362 579 416 munus,
598 346 671 417 quod
690 345 758 402 obiri
776 363 794 402 a
810 345 908 403 liberto
926 359 981 402 non
998 347 1091 416 potest
1110 347 1188 400 ¹cnm
1206 343 1379 401 incommodo
1397 344 1493 415 pupilli
1509 349 1540 399 et
1555 343 1699 399 aduersus

251 437 395 492 utilitatem
414 436 481 490 eius.

193 528 233 586 46
303 527 423 581 Paucas
441 524 509 580 libro
528 524 659 593 singulari
677 524 712 579 de
730 523 958 594 cognitionibus¹.
988 523 1057 589 Qui⁸
1075 523 1103 577 in
1121 522 1236 592 collegio
1254 523 1389 592 pistorum
1408 518 1534 604 [baares.
1548 517 1699 591 affl
1718 529 1746 583 P

251 619 328 684 sunt,
352 630 369 668 a
391 615 483 668 tutelis
508 618 686 682 excusantur,
712 613 736 668 si
758 613 840 668 modo
858 629 909 683 per
926 613 1031 668 semet⁴
1048 611 1191 681 pistrinum
1211 615 1371 666 exerceant:
1394 611 1443 666 sed
1461 626 1516 666 non
1535 612 1606 666 alios
1625 615 1698 681 puto

218 713 230 757 1
251 703 422 759 excusandos
440 717 522 770 quam
541 702 588 771 qui
600 702 672 755 intra
684 717 826 756 numerum
839 704 927 756 eunti.
956 700 1048 756 Urbiei
1066 701 1177 754 aaran·
1193 701 1312 770 pistores
1329 715 1347 754 a
1363 699 1442 754 colle
1475 703 1526 748 dat
1540 704 1587 750 aab
1604 703 1697 750 emal
1718 707 1732 746 s

218 801 346 862 agarum
371 805 479 860 quoque
503 789 620 844 tiliorum
643 791 737 846 tutelis
759 795 933 846 excusantur.
971 788 1026 844 Sed
1049 793 1078 843 st
1101 787 1153 844 boc
1171 804 1259 858 genus
1277 788 1462 844 excusationis
1480 793 1536 858 est,
1561 790 1586 844 si
1606 785 1698 872 [Q

251 881 312 950 quis
330 894 360 934 se
377 879 445 934 dicit
461 877 500 933 ibi
518 877 684 933 domicilium
703 894 758 934 non
775 879 891 949 babere,
909 877 957 934 ubi
976 878 1012 932 ad
1029 877 1143 932 tutelam
1162 877 1244 933 datus
1261 881 1317 932 est:
1335 877 1418 948 idque
1436 878 1586 948 imperator
1604 877 1699 934 Anto·

250 968 330 1023 ninus
348 982 410 1022 crim
429 968 494 1022 diuo
511 971 590 1037 patre
608 965 782 1037 significauit.

1717 1103 1731 1143 9

249 1223 286 1299 it
332 1221 410 1298 UBI
449 1221 673 1298 PUPILLUS
712 1221 922 1298 EDUOARI
948 1085 1049 1295 llllEL
1083 1219 1266 1295 MORARI
1299 1219 1491 1296 DEBEAT
1525 1219 1590 1296 ΕΤ
1626 1220 1696 1296 DE
1716 1239 1764 1293 sa

561 1345 815 1424 ALIMENTIS
847 1341 858 1431 ll
888 1343 935 1422 EI
967 1341 1295 1422 PRAESTANDIS
1341 1343 1378 1421 it
1714 1367 1782 1413 aas

214 1503 229 1556 1
303 1503 454 1559 Uurrsuus
471 1501 540 1557 libro
559 1501 700 1571 trigesimo
719 1507 817 1570 quarto
835 1501 871 1556 ad
889 1501 1019 1556 edictum.
1046 1499 1122 1556 Solet
1133 1498 1473 1570 praetorlrequentissims
1486 1499 1564 1569 adiri,
1583 1505 1694 1555 uteon-
1713 1496 1735 1550 8

250 1593 354 1661 stituat,
373 1590 420 1646 ubi
438 1589 486 1646 filii
504 1590 548 1644 uel
567 1591 675 1644 alantur
687 1591 731 1645 uel
745 1595 891 1658 morentur,
910 1605 965 1644 non
977 1594 1084 1644 tanturn
1096 1590 1125 1644 iu
1136 1589 1279 1659 postumia,
1297 1603 1392 1644 uerum
1405 1590 1516 1644 omnino
1528 1589 1556 1643 in
1568 1589 1695 1658 puerlsl.

218 1689 229 1733 l
249 1681 286 1736 Et
308 1681 379 1736 solet
403 1695 437 1735 ex
455 1694 584 1749 persona,
609 1695 643 1733 cx
663 1679 822 1734 condicione
841 1684 869 1732 et
887 1693 922 1733 ex
939 1683 1063 1748 tempore
1081 1681 1217 1746 statuere,
1241 1676 1289 1732 ubi
1305 1678 1398 1748 potius
1416 1677 1530 1732 alendus
1548 1672 1694 1761 Q

249 1770 299 1824 sit:
325 1773 353 1823 et
377 1782 581 1836 nonnumquam
606 1769 782 1823 anoluntate
801 1767 886 1836 patris
904 1766 1009 1822 recedit
1025 1773 1144 1836 praetor.
1177 1767 1295 1836 denique
1313 1781 1375 1821 cum
1393 1765 1504 1835 quidam
1521 1771 1693 1822 testamento
1714 1777 1741 1818 rs

249 1872 300 1914 suo
318 1857 452 1924 cauisset,
475 1861 508 1910 ut
525 1853 597 1911 filius
616 1856 689 1927 apud
708 1856 886 1912 substitutum
905 1855 1051 1925 educetur,
1073 1857 1222 1926 impensior
1239 1853 1359 1910 Seuerus
1375 1855 1516 1924 rescripsit
1531 1859 1693 1925 praetorem

249 1946 395 2002 aestimare
409 1943 508 1999 debers
521 1945 713 2014 praesentibus
726 1946 824 2000 ceteris
836 1945 996 2015 propinquis
1007 1944 1167 2000 liberorum:
1185 1944 1214 1999 id
1226 1945 1298 2000 euim
1310 1959 1393 2013 agere
1405 1949 1558 2014 praetorem
1571 1950 1692 2016 oportet,

216 2045 231 2090 a
249 2038 281 2090 ut
303 2035 362 2088 sine
386 2033 443 2088 ulla
465 2034 585 2104 maligna
606 2035 761 2104 suspicione
780 2035 868 2088 alatur
884 2039 981 2102 partus
999 2038 1028 2088 et
1046 2033 1187 2088 educetur.
1224 2033 1355 2098 Quamuis
1373 2039 1465 2088 autem
1483 2036 1595 2103 praeter
1612 2047 1692 2088 recu-

250 2129 357 2179 santem
376 2122 450 2192 apud
469 2135 499 2176 sc
517 2123 629 2177 educari
647 2139 702 2178 non
719 2123 880 2192 polliceatur
898 2138 928 2177 se
946 2129 1118 2191 coacturum,
1138 2125 1259 2176 atamen
1277 2123 1445 2191 quaestionis
1463 2126 1513 2191 est,
1532 2137 1568 2176 an
1587 2121 1693 2178 debera

250 2213 332 2267 etiam
351 2211 467 2266 inuitum
486 2225 594 2281 cogere,
613 2215 645 2266 ut
662 2217 731 2281 puta
748 2210 883 2280 libortum,
902 2217 1044 2281 parentem
1062 2211 1107 2266 uel
1124 2225 1206 2280 quem
1224 2211 1307 2266 alium
1320 2209 1355 2264 de
1367 2209 1504 2266 adfinibus
1515 2213 1691 2280 cognatione.
1710 2222 1740 2262 ao

217 2313 230 2356 a
250 2305 278 2356 et
296 2299 385 2369 magis
403 2303 454 2368 est,
472 2304 504 2354 ut
521 2299 657 2355 interdum
676 2299 776 2355 debeat
794 2299 821 2354 id
840 2299 939 2354 lacere.
967 2299 1047 2355 Osrte
1066 2315 1120 2354 non
1139 2301 1210 2354 mals
1221 2299 1335 2368 dicetur,
1355 2299 1378 2353 si
1389 2300 1538 2368 legatarius
1550 2301 1596 2355 uel
1608 2299 1692 2356 heres

249 2388 440 2444 educationem
459 2393 568 2443 recuset
585 2393 750 2444 testamento
769 2387 821 2442 sibi
839 2388 997 2456 iniunctam,
1016 2389 1147 2457 denegari
1165 2389 1190 2443 ci
1204 2389 1326 2444 pedones
1338 2387 1439 2443 debere
1450 2389 1577 2458 exemplo
1588 2391 1692 2446 tutoris

248 2481 414 2532 testamento
433 2477 503 2532 dati:
523 2477 597 2547 quod
614 2477 654 2533 ita
672 2477 783 2532 demum
797 2477 908 2546 placuit,
927 2478 950 2532 si
962 2477 1063 2532 idcireo
1075 2478 1112 2532 sit
1123 2477 1260 2532 relictum:
1279 2480 1400 2532 ceterum
1413 2477 1437 2532 si
1449 2483 1523 2532 esset
1533 2478 1691 2550 relicturus,

249 2567 356 2621 etiamsi
375 2566 565 2621 educationem
584 2571 772 2622 recusaturum
792 2567 882 2636 sciret,
901 2581 955 2621 non
974 2564 1155 2635 denegabitur
1173 2566 1198 2620 ei
1212 2565 1292 2635 actio,
1311 2571 1340 2621 et
1351 2566 1391 2621 ita
1402 2566 1482 2622 diuus
1495 2565 1617 2623 Seuerm
1629 2583 1691 2623 sae

247 2656 359 2726 pissime
377 2655 482 2710 statuit.
1711 2669 1740 2710 rs

212 2747 230 2804 2
301 2745 380 2798 Inani
397 2743 466 2799 libro
484 2743 625 2812 trigesimo
644 2748 723 2798 sexto
741 2743 777 2799 ad
796 2743 925 2798 edictum.
954 2740 1050 2798 Officio
1068 2742 1176 2813 iudicis,
1193 2744 1241 2813 qui
1258 2743 1362 2799 tutelae
1380 2743 1529 2814 cognoscit,
1548 2739 1690 2826 [Basa]
1709 2752 1732 2807 8

249 2833 375 2902 congruit
392 2832 577 2902 reputationes
596 2833 695 2886 tutoris
713 2847 767 2887 nou
785 2831 924 2902 improbas
944 2832 1101 2902 admittere,
1124 2837 1156 2886 ut
1173 2838 1241 2902 puta
1258 2833 1281 2886 si
1299 2832 1374 2888 dicat
1391 2821 1690 2902 impendisscffissff

217 2935 229 2980 1
249 2927 342 2976 menta
363 2922 457 2992 pupilli
480 2921 525 2975 uel
548 2921 714 2990 disciplinas.
750 2921 848 2976 Modus
866 2927 972 2990 sutem,
996 2920 1020 2974 si
1038 2919 1148 2988 quidem
1167 2925 1278 2990 praetor
1295 2919 1442 2976 arbitratus
1460 2927 1515 2990 est,
1540 2923 1564 2976 is
1582 2925 1691 2980 seruari

248 3009 344 3079 debet,
363 3025 447 3079 quem
465 3013 575 3080 praetor
593 3010 702 3064 statuit:
724 3011 750 3064 sl·
765 3025 831 3065 uero
850 3015 960 3080 praetor
977 3023 1032 3064 non
1050 3014 1094 3066 est
1111 3010 1216 3080 aditus,
1234 3024 1285 3080 pro
1303 3009 1384 3066 modo
1402 3009 1573 3066 facultatium
1590 3013 1691 3083 pupilli

249 3099 333 3154 debet
356 3099 467 3155 arbitrio
485 3098 584 3154 iudicis
602 3099 754 3154 aestimari:
777 3113 829 3154 neo
846 3099 918 3154 enim
936 3099 1148 3168 permittendum
1168 3104 1211 3153 est
1227 3100 1313 3154 tutori
1331 3102 1436 3154 tantum
1454 3104 1583 3169 reputare
1601 3117 1690 3171 quan·
1711 3115 1739 3154 so

216 3199 230 3242 a
248 3193 306 3243 tum
326 3187 409 3257 dedit,
428 3187 452 3242 si
470 3188 533 3257 plus
551 3202 639 3257 aequo
658 3187 741 3242 dedit.
769 3188 829 3243 Hoc
848 3189 963 3257 amplius
981 3193 1010 3243 et
1023 3189 1047 3243 si
1059 3187 1292 3258 praetermodum
1305 3188 1441 3243 alimentis
1453 3189 1559 3259 statuit,
1577 3205 1690 3247 uerum·

248 3283 341 3332 teman
359 3277 430 3331 ultra
447 3276 521 3330 uires
539 3274 709 3330 facultatium
729 3281 771 3330 est
789 3276 862 3345 quod
881 3275 1021 3331 decretum
1040 3281 1151 3332 estnec
1170 3277 1310 3347 suggessit
1326 3277 1445 3347 praetori
1462 3276 1497 3332 de
1514 3283 1589 3334 statu
1602 3277 1690 3336 facul·

248 3367 356 3436 tatium,
374 3381 430 3420 nou
448 3365 531 3420 debet
548 3366 619 3420 ratio
636 3365 731 3420 haberi
749 3365 937 3420 alimentorum
950 3366 1080 3436 omnium,
1099 3367 1172 3436 quia,
1192 3367 1215 3421 si
1227 3367 1421 3436 suggessisset,
1440 3371 1489 3421 aut
1499 3367 1692 3425 minuerentur

216 3465 230 3510 a
248 3455 303 3510 iam
322 3455 433 3510 decreta
451 3458 499 3509 aut
517 3469 572 3509 non
590 3457 668 3508 lanu
685 3453 903 3509 decernerentur.
931 3452 986 3509 Sed
1005 3455 1028 3509 ri
1044 3459 1124 3524 pater
1135 3455 1232 3510 statuit
1243 3455 1373 3520 alinaenta
1383 3455 1476 3510 liberis
1487 3471 1557 3524 quos
1570 3457 1691 3515 heredes

249 3543 395 3613 scripserit,
418 3557 452 3597 ea
469 3543 635 3613 praestando
654 3547 729 3598 tutor
745 3547 872 3612 reputare
890 3543 998 3613 poterit,
1016 3543 1068 3598 nisi
1086 3542 1156 3599 sorte
1174 3544 1246 3599 ultra
1263 3545 1336 3600 uires
1354 3543 1525 3600 facultatium
1543 3549 1691 3604 statuerit:
1711 3560 1739 3601 aa

247 3636 314 3687 tunc
333 3633 404 3687 enim
424 3631 602 3702 imputabitur
621 3632 654 3700 ei,
673 3647 722 3686 eur
738 3647 793 3686 non
812 3631 886 3686 adito
904 3637 1030 3702 praetore
1048 3631 1217 3687 desiderauit
1233 3632 1363 3688 alimenta
1381 3634 1473 3688 minui.

212 3721 230 3779 3
301 3721 379 3775 lusu
397 3720 465 3776 libro
477 3721 565 3790 primo
578 3720 612 3775 de
625 3719 951 3776 omuibus-tribunalibus.
980 3721 1026 3775 lus
1039 3721 1227 3776 alimentorum
1241 3722 1471 3779 dccemendorum
1483 3723 1596 3793 pupillis
1608 3740 1691 3794 pras-
1705 3721 1732 3776 ,S

247 3811 300 3865 tori
318 3811 457 3880 competit,
476 3815 507 3864 ut
524 3810 583 3880 ipse
602 3807 765 3878 moderetur,
784 3825 867 3878 quam
885 3825 1018 3864 summam
1037 3814 1142 3865 tutores
1159 3811 1205 3865 uel
1223 3817 1363 3867 curatores
1381 3811 1417 3866 ad
1435 3812 1565 3867 alimenta
1575 3814 1692 3882 pupillis

215 3911 227 3957 1
248 3899 292 3954 uel
312 3897 533 3954 adulescentibus
551 3903 691 3968 praestare
709 3897 837 3952 debeant.
871 3898 983 3954 llodum
1002 3905 1095 3954 autem
1113 3901 1270 3970 patrimonii
1287 3905 1412 3970 spectare
1430 3899 1526 3968 debet,
1546 3895 1691 3984 [ᾗΐιιῇ

249 4003 311 4042 cum
329 3987 459 4042 elimenta
477 3987 612 4042 decernit:
637 3993 664 4041 et
682 3984 765 4042 debet
783 3989 904 4042 statuere
922 3993 978 4042 tam
996 3987 1150 4058 moderate,
1170 3993 1201 4043 ut
1218 4005 1273 4044 non
1290 3989 1447 4044 uniuersum
1465 3977 1691 4060 reditum—pff&
1711 4004 1739 4044 ro

215 4090 229 4134 a
248 4077 331 4132 monii
354 4076 383 4131 in
408 4077 538 4132 alimenta
555 4075 698 4145 decernat,
723 4075 773 4132 sed
791 4090 899 4145 semper
917 4077 978 4146 siti,
1003 4081 1035 4132 ut
1053 4076 1155 4146 aliquid
1173 4093 1208 4132 er
1226 4077 1316 4132 reditu
1333 4077 1460 4146 supersit.
1497 4078 1572 4134 Ante
1591 4083 1691 4138 ocules

248 4164 349 4220 babere
367 4164 451 4220 debet
468 4166 496 4220 in
515 4165 686 4220 decernendo
704 4165 887 4235 etman'cipia,
907 4180 977 4234 quae
989 4166 1099 4237 pupillis
1113 4165 1280 4236 deseruiunt,
1299 4169 1327 4220 ct
1339 4165 1507 4222 mercedea¹⁰
1517 4167 1690 4238 pupillorum

247 4259 276 4308 et
293 4259 400 4309 uestem
419 4257 448 4308 et
465 4258 568 4309 tectum
586 4255 694 4324 pupilli:
713 4258 831 4309 aetatem
850 4253 933 4308 ctiam
952 4255 1137 4325 contemplari,
1156 4255 1184 4309 in
1198 4270 1254 4324 qua
1265 4256 1431 4310 constitutus
1442 4259 1485 4310 est
1497 4255 1542 4311 cui
1555 4257 1691 4316 alimenta

246 4357 470 4430 mundam)

248 4522 257 4556 ¹
270 4519 322 4574 nisi
334 4528 381 4574 ias.
427 4520 534 4574 ’eadem
543 4522 621 4590 plane
633 4523 746 4592 afferunt
755 4519 814 4574 llar.
824 4539 879 4574 curn
891 4528 1094 4592 perscriptione
1103 4520 1243 4590 ‘Ulpianus
1255 4521 1289 4576 de
1301 4519 1393 4578 officio
1405 4523 1540 4592 praetoris
1552 4525 1690 4582 mulera·

246 4590 326 4646 'sed
344 4590 391 4659 qui
413 4590 469 4645 Uol.
523 4591 628 4660 ⁴ipsos
648 4601 694 4644 rar.
710 4591 768 4646 Uet.
829 4591 906 4660 ⁵qui
923 4591 996 4646 intra
1014 4607 1156 4648 numerum
1175 4593 1317 4648 constituti
1335 4595 1520 4650 centenarium
1539 4597 1691 4665 pistrinum

246 4661 397 4716 secuudum
415 4663 520 4716 litteras
538 4662 595 4717 diui
613 4662 724 4718 Traiani
742 4661 778 4716 ad
797 4661 946 4732 Sulpicium
965 4662 1085 4718 Similem
1104 4669 1263 4719 exerceant:
1286 4680 1357 4734 quae
1380 4667 1473 4720 omnia
1490 4667 1590 4724 litteris
1609 4686 1692 4740 prae·

247 4730 312 4787 fecti
330 4748 455 4788 annonae
473 4733 653 4802 significanda
670 4739 735 4790 suut
757 4734 813 4788 Uet.
868 4735 989 4788 ⁰autem
1009 4753 1056 4788 om.
1073 4735 1131 4790 Uat.
1190 4733 1604 4806 τι)ιιρί111ι(ὲιιὶιιιίιιτωιιτιῐιιι
1624 4739 1691 4798 darl-

248 4813 303 4858 Βωιι
322 4805 403 4870 Β8)ἰ)
462 4806 522 4858 ⁸se
541 4813 587 4860 ina.
608 4805 761 4872 (carrea)
821 4805 891 4860 ⁹trio
908 4803 1006 4873 (edd.)?
1066 4807 1088 4842 ¹⁰
1105 4811 1312 4876 praeceptorum
1331 4816 1378 4861 tna.
1397 4809 1527 4874 (similiter
1545 4812 1693 4884 Leonam)

246 4962 263 5018 3
282 4961 406 5034 collegio]
426 4963 502 5030 F2D,
520 4963 627 5034 collegii
646 4964 690 5031 β,
708 4965 831 5036 collegiis
848 4964 977 5030 WQEIO
1027 4965 1045 5019 6
1062 4965 1181 5036 quoque]
1199 4964 1289 5035 quode
1307 4965 1344 5018 ΡΙ
