3698 5364
244 183 348 252 XXVI
373 187 506 250 14-12
912 173 943 256 ’7
948 175 1006 262 46
1469 201 1516 247 un
1539 199 1695 248 aunam

206 344 226 400 4
298 343 417 397 Psuuus
440 339 509 396 libro
532 345 631 395 octauo
655 339 690 395 ad
709 339 850 395 Sabinum.
887 339 966 404 Qrscd
989 339 1101 408 dicitur,
1126 340 1149 394 si
1173 339 1331 394 indistincte
1354 338 1436 394 datus
1454 339 1491 393 sit
1508 344 1637 407 curator,
1661 337 1738 394 inS

244 433 332 486 totam
351 430 427 484 litem
446 429 540 483 datum
559 429 656 498 uideri,
675 427 792 484 fortasse
810 443 843 484 eo
862 433 982 498 spectet,
1001 430 1024 484 si
1043 428 1162 483 familiae
1180 426 1376 483 herciscundae
1394 431 1442 482 aut
1459 429 1600 483 communi
1619 427 1694 482 dini-

245 518 338 574 dundo
357 523 406 572 aut
423 515 517 572 finium
535 517 717 587 regundorum
738 518 809 572 actio
827 523 902 572 esset
920 533 981 573 cum
1000 523 1105 587 tutore,
1129 519 1172 571 et¹
1191 517 1215 571 si
1232 516 1390 572 indistincte
1413 516 1494 572 datus
1516 521 1607 585 esset,
1633 531 1694 571 non

245 608 332 662 solum
352 621 385 661 ec
404 607 513 661 nomine
531 609 640 660 curator
658 611 740 676 esset,
760 606 833 675 quod
852 611 947 675 ageret
964 607 1083 677 pupillus
1101 607 1252 676 pupillisue,
1268 605 1327 660 sed
1345 606 1462 660 inuicem
1481 619 1592 674 quoque
1612 604 1695 674 quod

213 708 224 752 1
245 694 369 750 cumbis
387 699 522 770 ageretur.
559 695 679 750 Possunt
696 701 788 750 autem
806 696 851 750 uel
869 695 961 764 plnres
980 695 1008 749 in
1026 695 1143 764 plurium
1161 695 1251 750 locum
1269 695 1314 749 uel
1332 709 1402 748 unns
1420 693 1449 748 in
1466 694 1524 764 plu·
1556 690 1695 761 auffi
1715 710 1730 750 a

245 784 333 838 rium¹
351 785 395 838 uel
413 799 485 838 unito
503 784 584 838 unius
602 784 662 838 loco
680 784 725 838 uel
743 785 772 838 in
790 799 872 838 unam
891 783 966 837 litem
985 784 1030 837 uel
1047 784 1076 838 in
1093 784 1186 852 plures
1205 787 1314 838 curator
1331 783 1397 853 peti.

208 873 227 933 5
298 871 561 928 Ponnoamslibro
585 871 831 941 septimodecimo
855 869 1050 927 adSabinum.
1088 869 1156 928 Cum
1180 872 1265 928 semel
1287 872 1391 942 petitus
1409 871 1446 926 sit
1462 871 1525 926 talia
1544 865 1738 953 ΜΒ*

214 975 225 1020 1
246 965 368 1030 curator,
391 960 522 1030 quamdiu
539 961 563 1016 is
582 963 691 1016 curator
708 964 831 1030 maneat,
853 961 922 1015 alius
940 961 968 1015 in
987 959 1101 1016 eandem
1119 961 1194 1015 litem
1213 965 1322 1016 curator
1338 960 1396 1030 peti
1413 973 1468 1014 non
1485 963 1587 1029 potest.
1627 960 1695 1016 Etsi

245 1049 334 1104 Titius
352 1048 429 1104 uerbi
447 1050 536 1118 gratia
554 1049 687 1104 aduersus
700 1047 791 1104 Seium
811 1053 920 1104 curator
937 1050 1039 1118 petitus
1057 1049 1101 1118 sit,
1120 1048 1193 1103 idem
1205 1049 1294 1104 Titius
1312 1048 1445 1102 aduersus
1463 1048 1544 1102 adum
1563 1052 1695 1103 tutorem
1716 1062 1730 1100 a

245 1138 304 1192 dari
322 1138 433 1208 poterit,
452 1143 483 1191 ut
501 1153 535 1191 cx
553 1137 670 1192 diuersis
689 1138 779 1192 causis
797 1153 869 1192 unus
886 1137 1002 1192 duorum
1015 1136 1026 1208 Η
1040 1142 1195 1193 curatorum
1213 1138 1303 1192 locum
1321 1137 1452 1205 optineat.
1479 1135 1553 1206 quod
1572 1137 1695 1206 quidem
1715 1147 1732 1194 t
1743 1143 1794 1194 ³58¹

245 1231 273 1281 et
291 1226 424 1280 aduersus
442 1225 559 1281 eundem
578 1225 693 1295 accidet,
712 1226 735 1279 si
753 1227 780 1280 in
799 1225 923 1280 diuersas
940 1227 1002 1282 lites
1020 1227 1064 1282 in⁸
1082 1226 1198 1282 diuersis
1215 1224 1385 1295 temporibus
1402 1224 1475 1279 idern
1493 1228 1615 1294 petatur.

209 1319 227 1378 6
297 1315 448 1370 Unsrsuus
466 1313 534 1369 libro
553 1315 694 1384 trigesimo
712 1319 810 1370 octauo
829 1313 865 1369 ad
884 1303 1024 1370 Sabinum.
1059 1316 1135 1370 liuto
1153 1316 1274 1383 itemque
1292 1319 1385 1368 mutae
1402 1312 1524 1382 impube·
1544 1309 1738 1399 [Qs

145 1417 147 1420 ·
244 1402 320 1458 mbas
337 1407 456 1458 tutorem
475 1404 534 1458 dari
552 1419 634 1474 posse
653 1419 747 1458 uerum
767 1407 821 1457 est:
844 1402 894 1457 sed
913 1419 948 1458 an
967 1405 1116 1459 auotoritas
1134 1405 1174 1459 eis
1192 1402 1393 1460 accommodari
1410 1403 1510 1472 possit,
1532 1401 1694 1460 dubitatur.

244 1497 273 1546 et
290 1492 313 1547 si
332 1497 424 1561 potest
441 1494 557 1562 tacenti,
581 1497 610 1548 et
626 1496 703 1548 muto
721 1495 822 1560 potest.
850 1495 893 1546 est
912 1496 1004 1547 autem
1023 1492 1129 1561 uerius,
1153 1497 1185 1546 ut
1202 1491 1324 1546 lulianus
1346 1491 1415 1546 libro
1438 1491 1571 1546 uicesimo
1597 1493 1694 1561 primo

213 1588 225 1632 1
244 1579 413 1650 digestorum
432 1581 555 1650 scripsit,
580 1581 662 1635 etiam
685 1578 840 1634 tacentibus
859 1582 1051 1635 auctoritatem
1076 1595 1158 1650 posse
1176 1579 1409 1634 accommodaret
1447 1578 1505 1634 Sub
1522 1579 1695 1636 condicione
1716 1589 1744 1629 ¹⁵

244 1667 450 1740 aprassidibus
467 1669 669 1740 prouinciarum
688 1683 743 1722 uon
761 1683 843 1737 posse
867 1667 927 1723 dani
950 1675 1069 1724 tutorem
1093 1669 1184 1738 placet
1207 1673 1247 1737 et,
1271 1669 1295 1722 si
1319 1667 1401 1722 datus
1424 1667 1473 1738 sit,
1497 1667 1600 1722 nullius
1624 1683 1695 1725 esse

244 1758 375 1813 momenti
393 1757 547 1813 dationem:
566 1762 597 1812 et
613 1757 652 1811 ita
664 1757 831 1826 Pomponius
849 1757 903 1811 ait:
922 1756 993 1812 bane
1012 1760 1104 1812 autem
1118 1755 1307 1826 adiectionem,
1326 1771 1407 1825 quam
1420 1756 1561 1825 praesides
1573 1759 1694 1826 prouin-

244 1847 347 1901 ciarum
370 1845 475 1901 iaciunt
493 1846 618 1901 'tutorem
637 1845 687 1914 do,
711 1845 735 1899 si
759 1844 941 1900 satisdeden't'
960 1861 1014 1901 non
1033 1845 1221 1900 condicionem
1244 1845 1272 1899 ln
1295 1859 1325 1899 ss
1348 1843 1463 1914 habere,
1486 1845 1535 1898 sed
1560 1845 1694 1902 admoni-

243 1935 359 2004 tionem,
383 1949 437 1990 non
456 1936 536 1990 aliter
553 1935 578 1989 ei
596 1934 711 1988 tutelam
730 1934 871 2004 committi,
890 1949 972 2004 qnam
992 1935 1015 1988 si
1033 1932 1220 2002 satisdederit,
1244 1931 1296 1987 boo
1314 1927 1428 1988 estnon
1447 1933 1525 1988 aliter
1542 1935 1570 1988 ei
1588 1949 1694 2004 gerere

212 2033 226 2078 a
244 2023 469 2094 permittendum,
492 2039 574 2094 quam
594 2023 616 2077 ei
635 2037 692 2077 rem
711 2023 816 2076 saluam
833 2021 892 2078 iore
911 2023 1024 2078 canerit.
1061 2022 1172 2077 Tutoris
1196 2021 1271 2075 datio
1297 2033 1385 2091 neque
1408 2022 1514 2091 imperii
1532 2027 1577 2078 est
1596 2039 1694 2095 neque
1715 2032 1744 2072 2⁰

243 2112 447 2183 iurisdictionis,
466 2112 516 2167 sed
534 2112 559 2166 ei
578 2111 629 2166 soli
647 2112 786 2181 competit,
805 2111 850 2165 cui
869 2111 1028 2166 nominatim
1046 2111 1098 2166 hoc
1117 2110 1193 2164 dedit
1210 2111 1256 2164 uel
1274 2110 1319 2165 lex
1336 2111 1381 2164 uel
1398 2117 1510 2165 senatus
1528 2113 1694 2169 consultum

181 2201 289 2256 atuel
307 2201 443 2270 princeps.
480 2198 569 2254 Sardo
587 2199 723 2268 impuberi
740 2199 842 2268 poterit
859 2204 934 2255 tutor
952 2199 1019 2254 dari.
1057 2199 1091 2254 Ei
1109 2200 1187 2254 cuius
1205 2203 1284 2268 pater
1301 2199 1329 2252 in
1349 2197 1468 2253 hostium
1485 2205 1625 2269 potestate
1647 2207 1695 2258 est

243 2293 363 2345 tutorem
382 2289 441 2344 dari
459 2303 513 2344 non
530 2303 613 2360 posse
631 2289 721 2357 palam
740 2293 797 2343 est:
817 2288 867 2342 sed
885 2288 908 2342 sl
927 2287 1009 2342 datus
1027 2288 1071 2357 sit,
1090 2303 1125 2342 an
1138 2288 1166 2342 in
1178 2287 1309 2357 pendenti
1321 2287 1358 2341 eit
1369 2287 1452 2356 datio,
1470 2289 1566 2356 quaeri
1584 2295 1693 2358 potest

208 2399 209 2403 ¹
244 2383 273 2434 et
290 2393 345 2434 non
362 2383 430 2448 puto
448 2377 587 2432 dationem
605 2377 729 2431 ualere⁵2
748 2377 788 2431 sic
806 2377 878 2431 enirn
896 2381 961 2446 post
975 2370 1062 2447 patris
1074 2371 1229 2446 regressum
1241 2375 1355 2431 reccidit
1366 2375 1394 2430 in
1406 2379 1582 2446 potestatem,
1602 2381 1694 2448 atque

244 2467 269 2522 si
286 2481 435 2536 numquam
452 2469 532 2536 pater
549 2465 584 2520 ab
604 2464 729 2520 hostibus
748 2467 845 2534 captus
863 2463 1080 2521 fuissetaimmo
1099 2469 1210 2521 curator
1227 2464 1398 2520 substantiae
1415 2464 1475 2519 dari
1492 2463 1584 2536 debet,
1603 2481 1642 2522 ne
1662 2468 1694 2522 in
1715 2476 1744 2516 aa

244 2555 335 2610 medio
353 2560 457 2624 pereat.

208 2643 227 2700 i
298 2643 449 2698 Unnmuus
466 2643 535 2698 libro
553 2643 675 2698 secundo
694 2643 918 2714 disputationum.
952 2641 982 2698 Sl
999 2641 1071 2698 filius
1089 2640 1206 2698 familias
1238 2648 1736 2714 aet,1,7(cr.138.eo‚1,15sch.1e)S

244 2736 320 2788 tutor
338 2748 355 2786 a
372 2735 499 2802 praetore
517 2729 599 2786 datus
618 2733 668 2809 sit,
693 2733 717 2787 si
740 2733 851 2802 quidem
870 2737 948 2801 pater
965 2731 1080 2786 tutelam
1101 2732 1228 2801 agnouit,
1252 2732 1282 2786 in
1300 2717 1695 2802 aolifl'rffi—d‘e'beft‘e‘ncrssi

244 2836 299 2876 non
318 2821 462 2890 adgnouit,
487 2821 632 2876 dumtaxat
649 2821 684 2876 de
701 2823 818 2892 peculio.
847 2820 1014 2890 adgnouisse
1038 2825 1129 2874 autem
1154 2819 1275 2889 uidetur,
1301 2819 1360 2874 siue
1385 2820 1472 2888 gessit
1494 2819 1554 2873 siue
1578 2822 1695 2888 gerenti

244 2907 300 2966 filio
319 2910 459 2965 consensit
477 2909 536 2964 siue
554 2911 665 2965 omnino
683 2911 775 2980 attigit
792 2911 915 2966 tutelam.
943 2909 1016 2964 unde
1035 2925 1097 2964 cum
1116 2909 1227 2978 quidam
1245 2907 1301 2964 filio
1314 2909 1477 2977 scripsisset,
1496 2912 1528 2961 nt
1539 2907 1695 2978 diligenter
1715 2921 1745 2961 ao

244 3000 360 3054 tutelam
379 3003 495 3068 gereret,
515 2977 585 3053 ‘dum
605 2997 693 3068 scias',
712 2999 814 3068 inquit,
834 2999 990 3068 ‘periculum
1010 2997 1046 3052 ad
1064 3013 1115 3052 nos
1133 2995 1285 3067 pertinere',
1304 2997 1361 3052 dlxi
1380 2997 1580 3066 huncquoque
1599 2999 1697 3056 uideri

245 3088 427 3158 adgnouisse:
445 3088 527 3157 plane
546 3088 569 3142 si
587 3087 675 3143 solnm
695 3088 801 3143 monuit
818 3085 911 3157 lilium,
930 3101 985 3142 non
1003 3087 1113 3141 uidetur
1131 3086 1233 3155 agnita.

207 3175 227 3234 8
298 3177 376 3232 Innss
398 3176 467 3231 libro
490 3176 578 3246 primo
604 3177 771 3246 opinionum.
807 3176 942 3231 Patronus
965 3190 1074 3246 qnoque
1096 3179 1172 3230 tutor
1195 3173 1286 3230 liberti
1309 3175 1351 3229 sui
1374 3172 1456 3229 fidem
1480 3188 1526 3228 ex·
1545 3170 1737 3262 [ΜΒ

244 3265 339 3322 hibere
357 3264 448 3335 debet,
468 3271 496 3318 et
514 3265 538 3319 si
556 3279 611 3333 qua
628 3266 656 3319 in
675 3263 799 3319 fraudem
818 3263 991 3320 debitorum*
1006 3263 1132 3333 quamuis
1150 3263 1247 3334 pnpilli
1264 3262 1354 3318 liberti
1372 3267 1452 3332 gesta
1470 3267 1541 3334 sunt,
1561 3269 1698 3324 reuocari

244 3355 288 3410 ius
305 3354 445 3426 publicum
463 3353 605 3424 permittit.
1234 3343 1235 3346 '
1717 3369 1747 3410 aa

208 3445 227 3503 9
299 3443 475 3499 mersans
492 3442 561 3498 libro
579 3441 660 3496 tertio
679 3441 889 3499 institutionum.
926 3440 957 3494 ln
980 3455 1028 3496 eos
1053 3445 1131 3496 erma
1148 3439 1271 3496 ordinem
1290 3439 1526 3509 animaduertitur,
1545 3435 1697 3529 [Q
1717 3453 1758 3524 ss

245 3532 292 3602 qui
309 3532 459 3602 probentur
476 3531 595 3586 nummis
613 3529 686 3584 datis
704 3531 819 3585 tutelam
837 3543 989 3598 occupasse
1008 3530 1054 3584 nel
1072 3530 1160 3599 pretio
1179 3535 1294 3598 accepto
1312 3543 1424 3599 operam
1442 3527 1562 3598 dedisse,
1582 3537 1615 3584 nt
1637 3549 1699 3591 non

244 3621 360 3677 idoneus
379 3625 455 3676 tutor
473 3620 597 3688 daretur,
622 3621 666 3674 uel
685 3621 810 3675 consulto
833 3620 861 3673 in
880 3617 987 3672 edendo
1005 3618 1170 3687 patrimonio
1187 3618 1369 3688 quantitatem
1388 3617 1540 3687 minueritl,
1566 3620 1614 3674 uel
1635 3623 1699 3678 eui·

244 3709 320 3765 denti
338 3707 435 3765 frende
452 3710 616 3780 pupillorum
635 3707 708 3764 bona
725 3708 897 3762 alienassetl.
1719 3725 1749 3764 se

189 3802 228 3860 10
300 3797 450 3855 Uarianos
468 3798 536 3854 libro
555 3797 676 3853 secundo
695 3796 731 3851 ad
749 3795 877 3851 edictum.
914 3795 1005 3850 Etiam
1024 3809 1078 3850 non
1097 3795 1239 3866 municeps
1251 3798 1326 3851 tutor
1337 3794 1396 3850 dari
1407 3797 1508 3864 potest,
1540 3803 1699 3867 lt.at,1,1o
1718 3809 1747 3862 Ε

244 3887 394 3943 dummodo
412 3887 542 3956 municipi
559 3887 648 3941 detur.

189 3981 225 4036 11
298 3977 419 4032 Psunoa
436 3974 505 4030 libro
523 3976 605 4030 tertio
623 3974 659 4029 ad
672 3973 819 4030 Uitellium.
855 3975 986 4030 Furiosus
1005 3974 1029 4028 si
1046 3976 1122 4028 tutor
1140 3971 1221 4027 datus
1239 3970 1335 4043 fuerit,
1357 3975 1451 4044 potest
1466 3973 1507 4027 in·
1526 3967 1699 4062 Q
1720 3987 1765 4064 gs

244 4063 339 4133 tellegi
356 4064 396 4118 ita
414 4063 482 4133 dari,
502 4079 564 4118 cum
583 4077 649 4118 suae
667 4064 767 4118 mentis
785 4077 847 4118 esse
865 4063 994 4133 coeperit.

189 4159 226 4214 12
298 4153 377 4206 Iunas
394 4151 464 4206 libro
481 4151 588 4207 decimo
607 4167 808 4220 responsorum.
845 4151 1003 4218 Quaesitum
1016 4155 1067 4219 est,
1086 4149 1170 4221 anhi,
1185 4149 1373 4220 quiinlocum
1387 4149 1508 4205 absentis
1527 4143 1700 4232 [Πῇῖιῑ
1719 4167 1748 4220 p

244 4240 429 4310 reipublicae
448 4255 532 4295 causa
549 4244 655 4295 tutores
674 4239 731 4294 dati
749 4245 822 4310 sunt,
840 4247 947 4296 mortuo
965 4239 1011 4295 illo
1028 4245 1135 4295 tutores
1148 4245 1334 4311 peruenerant,
1353 4255 1389 4294 an
1400 4239 1446 4294 alii
1457 4229 1699 4309 petendi'essent}
1719 4261 1750 4302 aa

244 4337 442 4406 munnio)

246 4470 312 4542 ¹et]
330 4470 383 4525 ut?
453 4469 527 4525 ’uel
544 4471 637 4541 plures
655 4471 737 4526 unius
754 4471 815 4526 loco
834 4480 882 4526 aas.
900 4473 934 4536 (a.
949 4473 976 4537 ι’.)
1047 4471 1105 4527 8in
1123 4473 1169 4526 del.
1188 4471 1267 4539 (edd.)
1335 4469 1569 4526 ⁴accommodari
1588 4475 1699 4543 (actm

244 4543 255 4576 ⁵
274 4541 413 4598 dationem
432 4541 524 4596 ualere
543 4543 588 4596 det.
660 4545 672 4577 ⁸
690 4541 855 4597 creditorum
874 4543 939 4608 (edd.
952 4561 1008 4597 cum
1024 4541 1148 4597 Graecis:
1166 4542 1206 4598 ele
1223 4541 1382 4614 neprppaot'ts
1398 4543 1454 4596 τῶκ
1467 4545 1619 4598 deserendus
1635 4549 1699 4616 B)?

244 4611 406 4669 'minuisse
425 4611 529 4680 (Hel.)?
600 4615 611 4649 ⁸
630 4613 764 4669 alienasse
783 4612 884 4680 (Helii

244 4735 324 4791 buci
343 4738 434 4808 plures
499 4739 516 4792 6
529 4737 690 4807 uniuslocol
711 4739 749 4791 sai
768 4739 858 4791 nollet
872 4736 935 4792 sari
988 4739 1023 4792 33
1050 4727 1138 4806 primo
1161 4756 1209 4792 cm.
1227 4739 1265 4792 F·
1327 4739 1363 4793 40
1388 4751 1444 4793 non
1467 4737 1624 4808 municeps]
1655 4751 1698 4799 aaa

244 4809 351 4862 unates
414 4808 452 4862 sai
466 4808 504 4862 sic
517 4808 580 4862 aare
591 4811 698 4864 celadus
713 4809 751 4862 sai
771 4809 860 4864 πολλοὶ
874 4807 930 4863 καθ’
989 4810 1014 4862 F
1016 4805 1149 4864 WDEIO
1158 4829 1214 4865 cum
1230 4809 1268 4863 B:
1284 4809 1346 4864 bus
1360 4810 1401 4863 ὡκ
1412 4809 1527 4872 nostrae,
1542 4813 1697 4884 municeps

246 4877 308 4932 'abc
336 4879 436 4950 Tipuo.,
469 4881 535 4933 uode
562 4900 591 4934 su
628 4883 678 4934 leui
741 4881 775 4934 12
794 4881 935 4948 trigesimo
990 4882 1125 4944 (omnen)
1139 4881 1289 4945 Accurriua,
1302 4881 1414 4935 eddone:
1430 4879 1542 4936 ‘habeas
1557 4883 1620 4938 sine
1636 4901 1697 4942 nou

246 4969 295 5007 cm.
308 4950 344 5003 F'
393 4951 427 5006 23
445 4950 655 5020 impendentnF
703 4951 738 5006 32
756 4951 888 5020 adgnita
899 4951 936 5005 F²
989 4956 1021 5006 ut
1038 4955 1082 5006 est
1098 4949 1209 5024 Pylsisl‘
1262 4953 1298 5009 45
1322 4955 1433 5006 essent
1451 4951 1488 5004 F²
