3668 5356
241 185 317 254 lllll
338 189 358 254 2
379 193 494 248 32-38
689 163 691 173 ’
920 179 1008 260 624
1367 203 1414 251 on
1436 201 1680 252 nmorroumus

185 345 223 405 32
295 344 373 399 Inusr
390 342 459 399 libro
477 341 689 412 quadragesimo
703 347 786 398 sexto
804 341 840 397 ad
858 340 998 398 Sabinum.
1035 340 1106 408 Quia
1123 341 1231 412 diuitum,
1248 341 1375 410 quotiens
1394 341 1486 411 plures
1504 337 1545 423 ils.
1554 354 1591 410 us,
1602 355 1639 411 11,
1648 356 1679 401 ss
1709 351 1730 406 s

242 447 287 487 res
303 432 331 487 in
350 433 554 504 stipulationem
573 431 754 502 deducuntur,
771 432 864 502 plures
882 446 943 486 esse
961 431 1160 500 stipulationes,
1178 430 1306 485 sustin
1324 430 1423 500 duplae
1439 417 1680 500 adpulafflrnehffi

241 521 315 576 idem
333 522 377 592 sit,
396 521 547 576 uideamus.
581 535 642 576 oum
662 521 723 591 quis
741 521 887 591 stipulatur
904 518 1058 590 'fugitiuum
1077 535 1132 575 non
1150 534 1221 588 esse,
1238 534 1361 576 erronem
1379 535 1435 575 uon
1453 519 1522 576 esso'
1541 525 1569 575 et
1587 525 1680 576 uetera

242 626 314 680 quae
331 625 367 666 ex
384 610 475 667 edioto
493 611 621 666 aedilium
639 611 772 666 eurulium
790 609 993 679 promittuntur,
1013 613 1103 664 uuum
1115 623 1172 664 una
1183 608 1323 678 stipulatio
1336 613 1380 664 est
1391 625 1426 666 au
1438 609 1551 679 plures?
1569 611 1679 664 stratio

210 709 224 755 1
242 697 316 768 ianit,
334 705 366 754 ut
377 699 469 770 plures
480 701 543 755 siut.
571 699 645 768 Ergo
657 703 687 754 et
697 699 763 754 illud
774 699 905 769 presedit,
924 697 998 767 quod
1010 698 1131 753 lulianus
1143 696 1212 752 libro
1223 697 1319 768 quinto
1332 697 1438 754 desimo
1451 693 1681 782 Q
1697 709 1710 749 e

243 787 411 858 digestorum
423 788 525 844 scribit.
553 790 619 858 egit,
634 788 729 858 iuquit,
744 789 839 858 quanti
852 785 963 843 minoris
974 792 1085 857 propter
1097 785 1191 856 fugam
1203 786 1284 856 serui,
1303 786 1403 842 deiude
1414 783 1473 857 agit
1485 794 1597 858 propter
1608 803 1679 844 mor-

243 875 321 932 bum:
340 876 368 932 id
380 877 518 948 agendum
536 881 587 948 est,
605 877 701 947 iuquit,
720 893 754 932 ne
766 877 871 932 luorum
885 878 895 945 n
908 875 992 930 laniat
1010 881 1117 946 emptor
1134 880 1163 931 et
1179 875 1223 930 bis
1241 875 1364 931 eiusdem
1382 877 1441 931 uitii
1460 878 1679 933 aestimationem
1696 881 1771 930 taor

243 971 434 1036 consequatur.
460 964 597 1036 fingamus
615 971 736 1036 emptum
755 965 859 1035 desem,
877 965 989 1020 minoris
1007 971 1098 1021 autem
1116 969 1271 1034 empturum
1290 963 1376 1020 fuisse
1394 965 1510 1037 duobus,
1528 967 1679 1022 sitantum

242 1055 388 1126 fugitiuum
407 1071 468 1110 osse
486 1056 585 1110 scisset
602 1061 720 1126 emptor:
739 1054 807 1110 haee
826 1058 1003 1112 oonsseutum
1015 1059 1128 1126 propter
1139 1052 1248 1124 lugam:
1267 1067 1331 1108 mox
1344 1055 1518 1126 comperisse,
1537 1055 1612 1125 quod
1624 1071 1680 1110 non

243 1151 318 1200 esset
334 1160 430 1200 sanus:
450 1144 572 1199 similiter
590 1143 697 1200 duobus
716 1145 828 1200 minoris
845 1149 999 1214 emptumm
1018 1142 1111 1212 fumea,
1130 1143 1154 1198 si
1172 1143 1207 1197 de
1224 1142 1320 1198 morbo
1331 1157 1386 1198 non
1398 1143 1566 1213 ignorasset:
1584 1159 1680 1199 rursus
1698 1155 1725 1195 ιο

243 1235 374 1304 oonsequi
397 1232 509 1290 debebit
533 1233 602 1288 duo:
627 1251 689 1288 nam
713 1239 742 1288 et
765 1234 789 1288 si
807 1234 842 1288 de
860 1239 976 1303 utroque
993 1232 1074 1288 simul
1093 1232 1209 1302 egisset,
1233 1236 1363 1302 quattuor
1381 1238 1456 1288 asset
1473 1238 1679 1302 eomeuuturua,

242 1323 308 1393 quia
325 1337 387 1377 eum
405 1320 484 1392 ione,
503 1323 550 1393 qui
567 1337 657 1392 neque
671 1338 755 1377 sanus
774 1329 803 1378 et
818 1321 952 1392 fugitiuus
970 1326 1051 1391 esset,
1071 1327 1243 1376 sextantum
1261 1325 1337 1376 esset
1348 1327 1498 1392 empturus.
1526 1321 1680 1376 seeundum

132 1435 135 1440 Δ
147 1413 152 1422 “
242 1410 312 1467 haee
328 1411 438 1481 saepius
450 1427 484 1467 ox
496 1412 628 1482 stipulatu
641 1412 687 1481 agi
698 1412 813 1482 poterit:
831 1427 920 1481 neque
932 1412 1005 1466 euim
1017 1427 1052 1466 ox
1064 1427 1120 1466 uua
1131 1410 1314 1480 stipulatione,
1333 1410 1384 1466 sed
1395 1427 1431 1466 ex
1441 1409 1565 1481 pluribus
1577 1411 1679 1479 agitrrn

186 1499 225 1559 33
295 1501 373 1556 loun
390 1499 458 1556 libro
477 1500 703 1571 quinquagesimo
721 1500 809 1570 primo
827 1500 864 1556 ad
881 1499 1022 1556 Sabinum.
1050 1500 1080 1556 Si
1097 1515 1208 1558 seruum
1224 1513 1316 1555 emero
1328 1504 1357 1555 at
1369 1501 1486 1556 eundem
1505 1493 1681 1583 [RQ
1710 1505 1731 1560 S

242 1589 406 1660 uendidero,
431 1589 530 1645 deinde
553 1589 670 1661 emptori
692 1587 728 1644 ob
752 1587 805 1644 hoe
828 1585 906 1644 fuero
930 1583 1142 1660 condemnatus,
1166 1589 1231 1660 quia
1255 1589 1364 1644 undere
1381 1604 1437 1644 non
1454 1590 1531 1659 potui
1549 1590 1679 1660 euietum,
1700 1601 1728 1642 ts

243 1679 422 1736 committitur
438 1678 587 1749 stipulatio.

186 1767 226 1827 34
295 1769 467 1825 Pomoams
484 1767 553 1824 libro
572 1767 703 1822 uioesimo
722 1765 839 1837 septimo
857 1767 894 1822 ad
912 1766 1053 1824 Sabinum.
1089 1767 1120 1824 Si
1137 1767 1303 1838 mauuipium
1322 1767 1362 1822 ita
1380 1768 1487 1838 emeris,
1507 1762 1682 1852 [Hs—Q
1712 1773 1733 1828 S

243 1873 277 1914 ue
295 1858 475 1929 prostituatur
492 1862 533 1927 et,
558 1872 620 1912 oum
639 1856 815 1927 prostitutum
834 1855 945 1927 fuisset,
964 1863 997 1912 ut
1014 1857 1128 1918 liberum
1147 1863 1234 1916 esset:
1252 1857 1276 1912 si
1294 1860 1390 1912 souma
1406 1858 1496 1926 legem
1513 1858 1681 1914 uenditiouiu

242 1946 361 2003 iaeieute
379 1952 407 2002 te
425 1946 461 2001 ad
478 1945 630 2002 libertatem
649 1947 812 2016 peruenerit,
831 1951 862 2000 tu
880 1945 982 2002 uideris
1000 1948 1079 2017 quasi
1098 1947 1304 2002 manumississe
1317 1941 1345 2001 ei
1356 1946 1419 2002 ideo
1431 1947 1535 2002 nulum
1547 1947 1682 2002 aduersus

211 2047 224 2094 1
243 2035 413 2092 uenditorem
438 2033 551 2090 habebis
574 2049 739 2105 regressum.
776 2034 806 2090 Si
824 2035 961 2090 eommuni
979 2035 1130 2092 diuidundo
1148 2051 1256 2091 meeum
1275 2040 1367 2090 aetum
1385 2041 1460 2092 esset
1477 2040 1506 2090 at
1523 2036 1682 2092 adseram
1700 2047 1730 2088 so

243 2141 340 2182 seruus
358 2123 531 2180 adiudiuatus
549 2125 598 2195 sit,
621 2124 685 2194 quia
702 2122 830 2194 probauit
847 2139 910 2179 eum
929 2139 1100 2180 communem
1119 2140 1188 2195 esse,
1207 2123 1315 2180 habebo
1333 2140 1368 2180 ex
1386 2125 1487 2195 duplae
1504 2126 1682 2196 stipulatione

211 2223 226 2272 a
244 2215 389 2284 sotionem,
408 2215 545 2284 quianon
563 2214 685 2283 interest,
703 2228 759 2283 quo
777 2228 877 2283 genem
896 2213 988 2268 iudicii
1007 2215 1157 2284 euinuatur,
1176 2219 1207 2268 ut
1224 2213 1290 2268 mihi
1308 2213 1408 2270 habere
1426 2229 1481 2270 nou
1498 2215 1589 2270 lioeat.
1623 2215 1682 2269 Du·

243 2305 305 2375 piae
329 2303 469 2373 stipulatio
491 2303 655 2358 solationem
679 2317 733 2358 non
755 2306 855 2357 unam¹
878 2304 1012 2374 eontinet,
1037 2304 1060 2359 si
1078 2304 1141 2373 quis
1159 2301 1309 2358 dominium
1326 2304 1367 2358 rei
1383 2303 1495 2374 petierit
1511 2307 1540 2359 et
1558 2303 1681 2375 saltarit,

244 2393 294 2449 sed
312 2399 341 2448 et
358 2393 382 2448 si
401 2389 533 2448 Seruiana
551 2393 658 2447 antimo
676 2393 840 2462 experiatur.
1700 2402 1731 2444 aa

187 2481 226 2543 35
296 2483 415 2538 Psunus
437 2480 506 2537 libro
530 2481 651 2536 seeundo
669 2480 705 2535 ad
723 2480 843 2536 edietum
861 2481 990 2537 aedilium
1008 2481 1150 2538 eurulium.
1183 2481 1298 2536 linitura
1316 2485 1408 2536 autem
1427 2497 1444 2536 a
1462 2479 1597 2536 creditore
1613 2484 1682 2536 tuno
1700 2477 1741 2532 'E

244 2571 365 2641 uidetur,
389 2587 452 2625 oum
474 2568 531 2625 iere
555 2585 619 2640 spes
637 2570 755 2628 habendi
773 2569 883 2626 abscisa
900 2576 955 2626 eet:
979 2572 1072 2641 itaque
1090 2571 1114 2625 si
1133 2569 1265 2626 Seruiana
1282 2571 1391 2626 actione
1408 2571 1515 2626 euiotus
1533 2570 1582 2639 sit,
1606 2584 1681 2624 eom·

244 2661 362 2716 mittitur
379 2659 490 2729 quidem
508 2660 660 2730 stipulatio:
685 2659 734 2716 sed
752 2661 880 2730 quoniam
899 2660 989 2716 soluta
1006 2675 1024 2715 a
1041 2659 1165 2715 debitore
1183 2660 1316 2730 peeunia²
1333 2665 1425 2730 potest
1442 2673 1552 2716 seruum
1570 2657 1682 2729 habers,

244 2751 269 2806 sl
286 2750 376 2806 soluto
393 2749 507 2818 pignore
525 2749 652 2806 uenditor
669 2749 855 2818 conueniatur,
873 2749 975 2818 poterit
992 2749 1033 2804 uti
1051 2748 1106 2804 doli
1124 2750 1293 2818 exeeptione.

126 2857 127 2862 ¹
187 2839 226 2901 36
296 2839 375 2893 lusu
392 2837 461 2893 libro
480 2837 611 2902 uieeeimo
629 2853 701 2894 nouo
719 2838 756 2894 ad
773 2838 902 2894 edietum.
930 2839 1007 2894 ilaue
1026 2842 1074 2893 aut
1092 2838 1175 2894 domu
1193 2842 1286 2908 empta
1304 2839 1413 2908 singula
1427 2853 1488 2894 eae-
1507 2831 1682 2920 W
1714 2844 1736 2900 S

245 2933 339 2984 menta
360 2929 404 2983 uel
428 2927 538 2983 tabulae
557 2931 666 2998 emptae
684 2942 739 2984 non
755 2927 951 2997 intelleguntur
968 2927 1085 2998 ideoque
1103 2943 1155 2983 nee
1172 2929 1315 2984 euiotiouis
1334 2928 1443 2984 nomine
1460 2926 1598 2997 obugatm
1615 2942 1682 2982 uen·
1701 2940 1732 2982 ao

245 3015 317 3072 ditor
334 3017 414 3087 quasi
432 3017 522 3072 euicta
539 3022 626 3087 parte.

187 3107 227 3168 37
299 3105 449 3162 Unrmuus
466 3105 535 3162 libro
553 3106 693 3176 trigesimo
711 3105 832 3162 seeundo
851 3105 887 3162 ad
905 3105 1034 3162 edietum.
1062 3106 1187 3177 Emptori
1205 3107 1316 3178 duplam
1334 3105 1456 3176 promitti
1472 3121 1489 3160 a
1507 3099 1683 3189 [ξιξ-ᾗῇ
1714 3111 1737 3168 s

245 3194 387 3250 uenditore
404 3200 521 3265 oportet,
540 3195 592 3250 uisi
610 3195 684 3250 aliud
702 3196 844 3252 conuenit:
862 3212 918 3251 nou
934 3201 1027 3252 tamen
1045 3201 1077 3250 ut
1095 3197 1251 3265 satisdator,
1270 3195 1363 3251 nisisi
1381 3195 1536 3265 spetialiter
1548 3195 1576 3250 id
1589 3201 1683 3250 aetum

213 3296 225 3343 1
244 3289 421 3355 proponatur,
440 3283 490 3340 aad
508 3289 539 3340 ut
556 3285 768 3354 repromittatur.
805 3284 884 3351 Quod
902 3289 994 3340 autem
1012 3283 1131 3340 duimm
1149 3285 1260 3355 duplam
1278 3285 1401 3355 promitti
1418 3289 1552 3354 oportere,
1571 3284 1611 3338 sio
1630 3284 1683 3338 erit
1765 3287 1771 3306 '

245 3373 443 3444 abripiendum,
461 3377 565 3428 utnon
583 3388 618 3428 ex
635 3375 709 3429 omni
726 3389 756 3429 re
774 3374 803 3429 id
822 3375 997 3445 arripiamus,
1015 3374 1119 3448 sedda
1137 3374 1179 3430 his
1197 3373 1288 3444 rebus,
1307 3388 1377 3444 quae
1390 3373 1565 3442 pretiosiores
1579 3377 1682 3443 essent,
1701 3387 1732 3429 se

245 3463 269 3518 si
287 3461 436 3532 margarita
457 3459 527 3517 sorte
548 3467 597 3517 aut
614 3467 774 3518 ornamenta
790 3464 911 3533 pretiosa
929 3465 974 3519 uel
991 3464 1077 3519 uestis
1090 3461 1184 3519 Series
1202 3464 1246 3518 uel
1269 3462 1335 3533 quid
1352 3461 1426 3518 aliud
1444 3477 1500 3517 uon
1518 3462 1682 3531 mntenpti-

212 3559 227 3605 t
245 3550 299 3607 bile
317 3556 426 3607 ueneat
453 3565 501 3621 per
518 3551 639 3606 edietum
657 3558 749 3607 autem
767 3553 900 3608 curulium
918 3553 1001 3608 etiam
1019 3552 1054 3608 de
1072 3568 1153 3608 seruo
1172 3567 1270 3608 eauere
1288 3551 1416 3607 uenditor
1430 3550 1548 3606 iubetur.
1575 3550 1604 3606 si
1617 3551 1681 3606 eim·

244 3641 318 3711 piam
335 3655 385 3710 pro
403 3639 487 3709 dupla
504 3655 553 3710 per
570 3655 687 3696 errorem
707 3642 853 3712 stipulatus
871 3642 909 3697 sit
926 3647 1046 3712 emptor,
1069 3656 1099 3697 ro
1117 3642 1208 3697 euiota
1226 3646 1435 3697 eonseeutumm
1454 3655 1515 3695 eum
1535 3655 1570 3694 ex
1588 3645 1682 3710 empto

245 3728 372 3785 Neratius
391 3729 437 3800 ait,
456 3733 558 3798 quanto
576 3729 666 3784 minus
684 3730 829 3800 stipulatus
848 3731 892 3800 sit,
911 3731 1034 3786 simodo
1052 3731 1145 3786 omnia
1161 3729 1230 3786 lauit
1246 3735 1361 3800 emptor,
1381 3729 1491 3798 quaein
1504 3729 1682 3799 stipulatione

245 3817 431 3874 eontinentur:
449 3816 523 3886 quod
541 3817 565 3872 si
582 3831 638 3874 nou
655 3816 733 3888 feeit,
752 3834 787 3874 ex
805 3825 898 3889 empto
916 3819 945 3874 id
962 3825 1069 3876 tautum
1087 3825 1306 3890 eonseeuturum,
1325 3824 1356 3874 ut
1374 3819 1399 3873 ei
1416 3819 1590 3888 promittatur
1606 3818 1682 3888 quod
1701 3831 1733 3874 su

245 3906 335 3961 miuus
353 3906 381 3960 iu
399 3906 601 3976 stipulationem
621 3908 788 3977 superiorem
806 3908 955 3963 deductum
974 3913 1025 3964 est.
1563 3927 1565 3932 ’

188 3989 227 4050 38
297 3995 375 4050 luuu
393 3993 460 4050 libro
478 3995 599 4050 seeundo
617 3995 841 4065 disputationum.
869 3997 901 4052 In
919 3997 1053 4053 oreditore
1070 3996 1118 4067 qui
1129 3996 1229 4067 pignus
1241 3995 1366 4051 uendidit
1377 3995 1488 4050 traetmi
1521 3989 1682 4063 Ῑιῗιθῖιῖᾱξ
1715 4001 1739 4060 3

244 4087 349 4154 potest,
374 4099 409 4139 au
431 4097 461 4139 rs
485 4084 576 4140 euicta
598 4085 644 4140 uel
667 4083 703 4140 ad
726 4085 779 4141 hoe
800 4090 927 4142 teneatur
944 4101 979 4142 ex
997 4091 1103 4156 empto,
1126 4090 1257 4156 utquam
1275 4084 1360 4140 habet
1377 4083 1510 4140 aduersus
1528 4071 1682 4140 debitorem

245 4189 408 4261 F[P(VU)]

246 4333 256 4368 ²
274 4347 335 4387 eam
354 4339 402 4387 ias.
473 4333 485 4367 ²
502 4337 609 4402 emptor
628 4341 675 4388 ina.

245 4470 398 4527 terronam
410 4487 466 4528 non
477 4471 547 4542 esse]
561 4473 619 4539 PU,
633 4488 751 4528 errorem
766 4475 935 4538 nonsssel',
988 4473 1024 4528 34
1041 4471 1272 4544 re'i'promittatur
1290 4475 1327 4528 F¹
1379 4475 1416 4530 35
1432 4474 1626 4545 pretiosiores
1638 4489 1682 4530 es·

245 4561 295 4596 mn.
310 4543 345 4595 V·
397 4543 471 4612 buti
492 4550 521 4599 et
538 4545 577 4598 P·
631 4547 665 4600 10
683 4543 935 4600 sanus'sfuisse'si-
988 4549 1051 4600 sent
1073 4547 1110 4598 F’
1163 4547 1199 4601 36
1220 4543 1365 4616 pretios'i'a
1382 4547 1419 4599 F‘
1439 4550 1444 4612 1
1464 4546 1546 4601 sirion
1563 4545 1611 4610 P·,
1635 4561 1682 4617 sy·

245 4613 381 4680 militer(s
393 4617 528 4670 delentem.
541 4611 584 4678 1⁸,
603 4613 687 4671 luisse
702 4637 734 4669 m.
744 4617 773 4682 2)
787 4615 822 4669 F'
838 4618 842 4682 Ι
857 4616 935 4686 igno·
987 4616 1045 4670 rica
1061 4616 1103 4686 Ui
1118 4617 1331 4687 contemptibile]
1342 4620 1530 4704 ι[ινταιιοροιι
1541 4623 1682 4687 contemp·

245 4699 321 4739 rasse
339 4687 379 4738 P⁰
428 4687 462 4740 16
479 4687 627 4756 stipulatio]
646 4687 752 4752 F¹PU·,
771 4686 870 4756 duplae
888 4687 935 4742 stu'-
988 4685 1380 4743 tibileeaeidituelimmobils:
1393 4686 1498 4742 inires
1510 4687 1680 4758 raasosipesa,

244 4755 349 4823 pulsatio
371 4757 416 4821 Γ),
439 4756 579 4827 stipulatio
601 4758 701 4828 duplae
723 4756 756 4812 Η*
811 4759 845 4812 18
862 4773 924 4813 eum
988 4755 1027 4812 ini
1047 4761 1210 4830 aspraprrdru
1232 4760 1311 4830 τγχὸιι
1336 4760 1374 4814 sai
1394 4760 1509 4814 seculus
1528 4760 1620 4813 sissima
1641 4761 1680 4815 asi

246 4825 380 4880 cairo·
425 4829 458 4882 13
476 4829 652 4898 telteetP0,
671 4849 720 4884 om.
736 4829 771 4883 U·
814 4830 926 4900 22quia
989 4828 1101 4884 &costroe
1127 4831 1163 4884 Σιι
1182 4831 1239 4885 :xic
1266 4831 1305 4886 sai
1333 4831 1444 4886 οἰκειῶιι
1478 4831 1517 4886 sai
1547 4827 1681 4886 taratros

245 4897 345 4966 quiP“
389 4899 424 4953 24
442 4899 526 4953 elom.
541 4899 621 4963 Μ’,
638 4907 685 4954 iac.
699 4901 739 4953 P⁶
784 4901 818 4955 29
836 4916 936 4978 nauem
987 4901 1144 4972 sperniscon
1164 4851 1360 4968 33323340
1376 4903 1459 4958 tabl

245 4973 294 5024 aut
311 4967 422 5024 domum
441 4970 519 5024 P·U“
571 4971 607 5026 33
625 4970 729 5025 nisisi⁴
747 4969 792 5036 Ρ,
816 4972 868 5027 uisi
885 4972 936 5026 PU
