3584 5326
919 137 1052 206 XXXVI

144 317 234 388 Signa·
319 314 535 383 Transponenda
562 312 697 369 uocabula
719 315 764 369 uel
789 317 926 369 commata
948 313 1074 369 breuiora
1101 313 1265 368 denotantur
1291 313 1378 369 solitis
1407 310 1531 383 apicibus
1558 327 1641 382 super
1669 327 1704 367 ea

113 383 250 425 conectens
266 420 377 491 positis,
405 425 437 476 ut
460 420 602 476 ‘denotet
629 420 657 475 id
685 420 758 492 quod
781 421 899 491 primum
925 421 1015 476 locum
1042 419 1165 476 obtinere
1192 418 1287 490 debet,
1314 421 1330 458 ¹¹
1356 425 1384 474 et
1407 420 1425 460 '¹¹
1450 418 1524 489 quod
1550 418 1703 474 secundnm

267 532 296 582 et
317 527 459 582 tertinm¹z
483 532 578 584 contra
600 527 724 597 longiora
747 529 839 598 capita
857 527 881 582 si
898 541 954 598 qua
971 525 1175 598 transponenda
1193 531 1270 596 sunt,
1294 524 1518 596 praescribuntur
1539 526 1572 580 iis
1594 525 1703 580 litterae

266 635 310 689 nel
329 635 421 705 potius
445 639 526 691 notae
545 635 699 690 numerales
717 634 848 691 Graecae.
878 635 949 690 male
968 634 1114 692 coniuncta
1131 637 1293 704 separantur
1311 634 1390 704 signo
1409 633 1535 714 apposito
1553 632 1606 702 7¹,
1632 632 1703 687 male

266 747 395 812 separata
417 742 620 812 coniunguntur
640 742 693 812 ita,
717 746 749 797 ut
770 742 889 811 spatium
913 757 1056 812 perperam
1081 742 1204 798 relictum
1222 741 1294 796 linea
1311 739 1438 796 traducta
1456 739 1606 810 expleatur.
1630 738 1702 794 inse

266 848 352 904 reuda
378 848 504 918 qualibus
530 849 615 920 signis
641 848 677 904 ad
704 864 784 904 suum
810 849 899 904 locum
926 854 1100 918 reuocentur,
1129 846 1233 919 figurae
1260 845 1525 919 supra'propositse
1552 845 1702 900 declarant.

266 955 383 1011 delenda
401 959 449 1010 snt
466 955 706 1017 circumducuntur
723 956 857 1027 appositis
874 955 1011 1027 utrimque
1027 955 1137 1012 sicilicis
1153 956 1192 995 <³
1210 958 1253 1022 (ut
1264 955 1342 1010 uides
1355 955 1382 1009 in
1395 955 1448 1009 nol.
1458 953 1484 1008 ll
1496 951 1590 1008 tabula
1602 957 1703 1022 quarta

267 1064 291 1133 1,
304 1064 347 1118 25.
362 1065 420 1132 26);
440 1067 487 1118 aut
505 1067 700 1134 expunguntur
716 1064 826 1134 punctis
849 1063 884 1118 ad
905 1063 1009 1120 litterae
1028 1062 1174 1134 appositis,
1198 1067 1227 1118 et
1244 1063 1403 1134 plerumque
1422 1059 1532 1130 quidem
1550 1075 1634 1130 supra
1652 1073 1702 1114 eas

265 1173 308 1236 (ut
325 1170 403 1226 uides
422 1171 450 1226 in
467 1170 562 1226 tabula
580 1170 702 1227 secunda
719 1171 798 1242 2,1),
823 1171 910 1226 rarius
928 1169 1011 1241 intra,
1036 1169 1171 1225 interdum
1190 1174 1247 1225 tam
1265 1184 1348 1239 supra
1365 1183 1447 1238 quam
1465 1165 1567 1222 infra⁸:
1592 1171 1642 1221 aut
1659 1166 1701 1220 in·

265 1263 402 1332 ducuntur
425 1279 468 1344 (ut
490 1277 568 1332 uides
592 1278 620 1332 in
644 1253 738 1333 tabula
761 1277 849 1348 prima
869 1280 893 1348 1,
905 1281 948 1347 2):
972 1293 1023 1333 neo
1047 1291 1109 1334 raro
1132 1276 1212 1332 simul
1232 1281 1260 1330 et
1277 1280 1470 1346 expunguntur
1488 1278 1516 1329 et
1532 1272 1703 1328 inducuntur

264 1385 306 1450 (ut
324 1383 401 1440 uides
420 1384 448 1439 in
465 1382 559 1440 tabula
577 1389 675 1454 quarta
693 1387 718 1455 2,
731 1385 769 1450 4).
797 1385 850 1439 tria
867 1383 934 1440 haec
949 1385 1031 1455 signa
1045 1383 1177 1440 deletoria
1188 1381 1351 1438 adhibentur
1363 1383 1436 1437 nullo
1449 1381 1603 1436 discrimine
1615 1379 1701 1450 iacto,

264 1489 317 1545 nisi
334 1490 409 1560 qnod
426 1490 474 1547 ubi
491 1492 569 1561 plura
587 1491 703 1548 delenda
722 1495 823 1562 essent,
842 1490 1033 1548 emendatores
1047 1491 1205 1562 plerumque
1221 1505 1255 1545 ea
1270 1489 1516 1559 circumduxerunt,
1535 1503 1569 1543 ne
1587 1487 1701 1543 euiden-

263 1597 332 1652 tiore
350 1597 486 1654 deletione
503 1596 602 1654 librum
621 1596 813 1654 deformarent.
841 1597 943 1654 bonnm
962 1597 1078 1669 iactum,
1099 1597 1173 1668 quod
1190 1603 1303 1668 propter
1320 1597 1482 1652 tenuitatem
1500 1595 1596 1666 opinor
1615 1609 1701 1649 mem-

263 1702 365 1759 branae
383 1720 445 1760 raro
464 1707 505 1770 (ut
523 1705 544 1776 I,
557 1705 618 1776 828,
632 1706 677 1773 28)
696 1705 805 1760 lituram
823 1703 962 1776 iecerunt,
982 1710 1014 1760 ut
1034 1720 1067 1760 ea
1088 1719 1196 1775 quoque
1215 1719 1286 1774 quae
1304 1705 1362 1758 tolli
1380 1703 1518 1759 iusserunt
1537 1701 1701 1772 plerumque

262 1825 318 1866 non
335 1809 480 1866 difficulter
497 1811 632 1882 legantur.
659 1827 713 1868 non
731 1813 770 1867 ita
788 1827 849 1867 raro
867 1811 950 1867 etiam
968 1809 1224 1867 satisfecernntsibi
1237 1812 1372 1866 elemento
1384 1825 1426 1878 eo,
1444 1809 1519 1879 quod
1530 1807 1700 1864 substituen-

263 1915 328 1972 dum
347 1923 414 1988 erat,
433 1919 510 1973 alteri
529 1918 646 1974 delendo
663 1919 873 1988 superscripto⁴.
900 1933 951 1974 nos
970 1934 1032 1974 cum
1050 1919 1077 1974 in
1096 1919 1216 1974 editione
1234 1918 1330 1973 sedulo
1346 1916 1530 1984 indicarimus,
1548 1931 1618 1985 quas
1630 1930 1700 1984 quo·

262 2039 316 2094 que
339 2024 399 2080 loco
423 1999 583 2081 emendator
605 2025 709 2080 litteras
727 2025 772 2079 nel
790 2024 921 2080 adiecerit
939 2026 984 2080 uel
1002 2025 1111 2096 delerit,
1134 2040 1188 2094 quo
1207 2024 1288 2080 modo
1306 2024 1478 2093 potissimum
1498 2021 1635 2077 addiderit
1652 2023 1701 2077 uel

262 2129 359 2186 delerit
375 2147 430 2186 non
448 2131 632 2202 expressimus
651 2137 679 2186 et
695 2132 724 2186 in
743 2130 980 2187 emendationibus
998 2131 1041 2187 his
1063 2131 1213 2188 referendis
1237 2131 1325 2201 magis
1347 2130 1375 2185 id
1400 2129 1520 2200 egimus,
1544 2133 1576 2183 ut
1598 2129 1701 2184 erroris

262 2251 359 2308 cansa,
378 2239 489 2295 omissio
508 2239 626 2294 maxime
643 2242 754 2309 propter
771 2238 1009 2295 homoeoteleuton
1028 2239 1072 2294 uel
1090 2239 1239 2309 geminatio
1257 2253 1399 2309 perperam
1418 2235 1500 2306 iacta,
1519 2241 1593 2292 certo
1612 2251 1700 2306 appa-

261 2351 334 2400 reret
356 2361 439 2415 quanr
462 2349 493 2402 ut
514 2346 728 2416 declamemus,
753 2362 802 2417 per
824 2360 971 2416 quamnam
995 2345 1069 2401 uiam
1093 2345 1253 2402 emendator
1274 2359 1309 2400 ex
1333 2344 1445 2413 antiqua
1465 2343 1600 2412 scriptura
1618 2357 1700 2398 suam

261 2451 409 2508 effeceritl.
434 2483 467 2494 -
495 2452 703 2524 Suppressimus
726 2467 774 2508 eae
798 2453 1017 2522 emendationes,
1047 2467 1119 2522 quae
1141 2453 1315 2508 continentur
1337 2451 1365 2506 in
1388 2451 1484 2506 ditans
1507 2450 1577 2505 male
1599 2449 1700 2505 diuisis

261 2557 298 2612 ad
315 2573 366 2614 sus
383 2573 508 2629 quaeque
525 2559 662 2616 uocabula
678 2559 850 2615 muoomdis.
878 2576 941 2618 nam
960 2565 992 2614 nt
1009 2561 1037 2614 in
1050 2560 1230 2629 Neapolitano
1247 2558 1316 2615 libro
1334 2557 1423 2626 (noll
1441 2572 1469 2626 p.
1482 2558 1522 2626 3⁹,
1537 2557 1578 2610 16.
1593 2557 1638 2622 li)
1656 2571 1700 2611 re-

260 2665 350 2734 peries
367 2663 445 2737 seldet
461 2681 511 2738 pro
529 2668 575 2722 sed
592 2675 627 2732 et,
649 2668 678 2722 in
696 2665 952 2723 Pommernieldensi
970 2667 1178 2738 (uol.1p.11*)
1200 2663 1314 2736 labere!
1334 2685 1407 2719 omen
1425 2679 1476 2735 pro
1494 2664 1586 2718 tatere
1604 2669 1700 2730 tumen,

259 2771 300 2826 ita
317 2772 400 2828 etiam
418 2773 446 2828 in
463 2773 621 2830 Florentino
638 2774 741 2844 passim
760 2774 883 2830 similiter
901 2789 1006 2830 errores
1023 2779 1052 2830 et
1069 2773 1182 2830 admissi
1201 2778 1266 2829 eunt
1283 2776 1312 2828 et
1329 2771 1444 2827 sublati:
1467 2771 1516 2826 esd
1534 2785 1596 2825 cum
1615 2785 1700 2825 uoca-

260 2877 385 2934 bulorum
404 2879 503 2936 diuisio
527 2881 677 2951 antiquitus
694 2881 797 2937 tradita
820 2897 875 2938 non
898 2881 951 2937 siti
969 2895 1057 2951 neque
1081 2881 1110 2936 in
1132 2879 1234 2936 talibus
1252 2879 1354 2935 librarii
1371 2879 1516 2948 quicquam
1535 2877 1624 2933 secuti
1642 2878 1702 2934 sint
1743 2906 1745 2908 ·

259 2985 313 3040 nisi
330 3001 409 3041 sunm
428 2985 583 3058 arbitrium,
607 2989 643 3044 de
666 2989 708 3044 bis
733 2987 834 3044 referre
853 3003 1086 3059 superuacaneum
1106 2989 1194 3044 uisum
1213 2993 1264 3044 est.
1284 3017 1317 3027 -
1336 2987 1448 3043 Praeter
1465 2987 1545 3056 signa
1562 2984 1631 3040 baec
1648 2983 1701 3039 ad-

261 3145 320 3198 bula
337 3147 421 3198 omnia
438 3147 550 3214 epatiolie
570 3159 720 3216 separantur
738 3150 849 3216 exceptis
868 3150 907 3201 his
916 3148 1179 3222 sollumborbnrtcum
1197 3149 1377 3220 nnrdtslarbys
1394 3149 1596 3202 aromstndr'rum
1616 3164 1700 3216 onya·

260 3235 381 3290 arabicus
398 3237 589 3306 opusbuser'cum
605 3239 847 3310 prlleebobylonicoe
863 3237 1073 3308 peileaportbicoe
1081 3239 1298 3308 serrumtndieum
1311 3240 1511 3309 lupieaniuereue
1528 3235 1701 3306 bopioiodica

259 3325 402 3378 astodserto
420 3329 622 3382 aeetiaaerr'eaael
638 3330 785 3382 marceneto
802 3334 984 3380 nenrneericum
1002 3325 1163 3382 indicileoars
1177 3329 1296 3398 pardileo
1311 3326 1529 3398 pardtpautlreroe
1547 3326 1700 3394 Ianqsorus:

259 3423 392 3480 praeterea
415 3431 470 3465 cum
493 3432 577 3466 errore
601 3416 913 3470 arabicuscardcmomum
937 3415 1054 3467 continuo
1077 3415 1172 3483 scripta
1195 3427 1294 3478 essent,
1321 3425 1440 3483 separata
1466 3425 1524 3466 eunt
1547 3413 1699 3479 interposito

260 3502 354 3569 duplici
371 3513 476 3570 puncto:
494 3505 520 3554 in
539 3505 589 3555 fine
608 3513 666 3571 post
684 3505 763 3559 indici
780 3523 804 3556 n.
818 3505 852 3555 22
871 3515 987 3572 coeptum
1005 3513 1108 3560 sensi
1126 3505 1248 3558 uocabulo
1269 3506 1336 3571 quod
1355 3506 1466 3572 sequitur
1484 3503 1599 3556 librarius
1618 3502 1700 3554 erasit

260 3602 286 3644 et
303 3592 385 3658 spatie
404 3593 546 3644 intermisso
565 3593 664 3644 demum
682 3595 836 3660 perscripsit.

313 3683 323 3716 ¹
342 3681 466 3748 Exempla
483 3682 542 3734 uide
560 3683 581 3745 1,
600 3682 661 3745 752,
679 3684 722 3735 34.
742 3681 802 3746 lio,
824 3684 864 3735 12.
972 3684 984 3718 ²
1007 3685 1063 3736 Hoc
1080 3682 1189 3734 cernitur
1207 3683 1241 3734 ad
1260 3684 1281 3746 1,
1299 3683 1361 3746 248,
1379 3683 1423 3745 21,
1441 3683 1486 3735 sed
1505 3682 1645 3744 adiectum,
1670 3681 1698 3733 ui

260 3770 325 3822 oculi
342 3771 487 3822 fefellerunt
504 3771 661 3833 collatorem,
686 3791 702 3823 a
720 3781 859 3824 correctore
878 3773 981 3840 antiquo
999 3774 1101 3840 quidem
1118 3790 1200 3840 neque
1218 3782 1302 3824 tannen
1320 3772 1455 3825 ordinario.
1548 3770 1698 3836 ⁸1trernp1i

260 3857 507 3927 eunannsoneqr
520 3860 553 3923 u,
566 3860 627 3923 aee,
640 3861 665 3923 e,
684 3876 708 3910 ω
723 3861 749 3911 n
764 3843 882 3926 moab
900 3862 934 3925 11,
952 3863 1013 3926 ses,
1031 3863 1075 3916 31.
1187 3863 1197 3896 ⁴
1221 3863 1262 3913 re
1283 3861 1375 3928 regen
1397 3861 1418 3923 1,
1444 3860 1484 3922 ro,
1508 3861 1539 3912 rs
1563 3855 1696 3910 tuerere:

259 3949 373 4012 1,12,1
397 3935 520 4005 oroarsi:
547 3949 574 4012 1,
595 3950 641 4013 13,
660 3951 696 4001 24
715 3962 742 4002 et
762 3953 802 4014 14,
816 3951 850 4003 27
875 3949 962 4005 neoda:
990 3953 1016 4014 1,
1035 3953 1122 4016 31,3
1148 3949 1342 4006 uerusrdioaes:
1370 3951 1391 4013 1,
1409 3950 1457 4012 41,
1478 3950 1512 4000 22
1533 3935 1696 4020 ὸιυιὸξιιὸἷιφι,

259 4038 271 4072 ⁸
289 4037 404 4104 Exempli
422 4055 498 4090 causa
515 4039 548 4101 ll,
560 4038 622 4102 276,
634 4039 669 4090 22
687 4057 743 4092 cunr
761 4057 821 4092 uere
839 4042 875 4093 sic
893 4041 926 4094 sit
943 4041 969 4093 in
988 4042 1085 4094 codice:
1110 4057 1234 4094 noronurc
1257 4045 1451 4094 nossessroluem
1475 4057 1566 4093 nareae
1587 4055 1697 4094 rueres

259 4143 306 4180 rec
322 4143 447 4179 aorosmc
466 4135 659 4182 roesessrolrero
677 4146 827 4192 murrum,
845 4149 891 4182 noe
910 4131 1016 4184 diximus
1034 4131 1221 4183 emendatorem
1238 4129 1396 4197 suppleuisse
1414 4145 1505 4182 nereus
1523 4145 1628 4182 munes
1647 4145 1698 4182 rec

259 4231 384 4268 neronom
409 4232 603 4269 nossessroserc.
639 4217 752 4270 similiter
775 4219 813 4281 11,
836 4220 903 4282 283,
927 4221 960 4272 25
988 4238 1044 4272 cnm
1065 4221 1091 4271 in
1115 4221 1202 4272 codice
1226 4220 1258 4272 sit
1283 4221 1380 4272 adrem
1403 4235 1428 4270 ur
1452 4233 1508 4272 earo
1533 4234 1611 4270 reare
1635 4216 1698 4274 'Qus

260 4321 376 4357 scmrnos
395 4305 492 4360 ebream
516 4322 541 4356 rr
559 4322 614 4359 eam
633 4306 744 4360 ranrem'
763 4326 814 4365 oua
831 4326 964 4371 scmrrus,
987 4327 1033 4362 nos
1056 4310 1093 4362 sic
1114 4309 1253 4362 rettulimus
1274 4309 1371 4363 adesir
1393 4308 1420 4358 in
1442 4323 1496 4361 eam
1519 4321 1622 4360 resuere
1640 4307 1698 4372 (uel

260 4410 338 4447 ruere
357 4393 435 4446 altero
452 4393 519 4460 loco)
538 4411 588 4451 eoa
606 4413 722 4448 scurrros
746 4397 785 4448 bis
808 4398 938 4465 scripsisse
961 4397 1103 4461 librarium,
1122 4398 1247 4450 sublatum
1264 4413 1321 4449 esse
1339 4415 1449 4450 errorem
1466 4399 1499 4449 ab
1517 4395 1697 4450 emendatore:

259 4499 382 4549 quaenam
405 4499 466 4535 uero
490 4485 569 4536 uerba
591 4503 622 4537 ex
643 4485 708 4537 male
726 4487 860 4552 geminatis
877 4487 1022 4548 retinuerit,
1040 4503 1163 4553 quaenam
1182 4487 1343 4553 expunxerit,
1364 4505 1414 4540 nou
1432 4487 1605 4539 iudicauimus.
1632 4485 1698 4538 talia

259 4581 375 4624 sescenta
392 4572 561 4624 inueniuntur.
587 4575 675 4641 paucis
693 4584 791 4628 tantum
802 4575 863 4628 locis
875 4576 1025 4628 condamm
1039 4575 1106 4627 uiam
1118 4576 1196 4638 tanai,
1214 4585 1242 4626 ut
1258 4576 1279 4639 1,
1292 4577 1353 4639 452,
1367 4577 1400 4629 19
1417 4576 1502 4628 monui
1520 4574 1553 4627 de
1570 4575 1697 4628 uocabulo

259 4677 316 4716 essa
340 4663 372 4714 ab
397 4661 560 4714 emendatore
582 4671 609 4714 et
632 4663 716 4715 deleto
739 4673 766 4716 et
787 4665 912 4732 reposito,
936 4664 1053 4731 quoniam
1075 4681 1107 4716 eo
1130 4665 1287 4732 explicantur
1310 4683 1407 4718 emeres
1430 4665 1587 4717 librariorum
1604 4663 1695 4717 Bono·

258 4751 390 4803 niensium.
496 4752 507 4786 ⁶
525 4751 689 4804 inueniuntur
707 4753 771 4806 adeo
789 4754 836 4806 leci
855 4753 955 4820 quidam
973 4755 1005 4807 cb
1023 4754 1050 4806 id
1067 4753 1150 4820 iprum
1167 4753 1286 4820 ambigui,
1305 4765 1333 4806 ut
1350 4753 1445 4817 1,6so‚
1460 4752 1476 4806 7
1494 4753 1547 4821 legi
1564 4759 1649 4820 potest
1669 4763 1697 4806 et

258 4859 288 4894 ne
306 4847 428 4895 assedet
444 4859 490 4896 aec
507 4848 583 4905 sust,
605 4842 644 4905 ll,
664 4842 711 4904 55,
732 4843 765 4894 19
783 4851 810 4895 et
827 4851 965 4899 exerceatis
982 4853 1009 4895 et
1031 4851 1146 4899 exerceat
1163 4853 1198 4906 ts,
1223 4845 1261 4906 Π,
1282 4845 1347 4906 181,
1365 4843 1400 4895 23
1423 4853 1450 4894 et
1473 4849 1608 4900 accurator
1627 4849 1649 4896 is
1668 4851 1699 4896 et

258 4935 424 4984 accusatorie.
