3652 5362
247 191 351 260 XXVI
372 194 390 258 i
412 197 529 254 tii-48
917 181 1004 265 ’ΠΟ
1290 207 1338 254 nn
1360 204 1690 254 snmsrsnssrrornr

248 350 315 406 nidis
331 349 488 420 prouinciae
505 351 653 418 praecepto
671 361 689 402 n
705 345 911 416 mugisnatibns
929 346 999 400 elius
1016 348 1091 400 tutor
1107 343 1188 400 dctus
1212 348 1269 414 est,
1292 359 1309 399 s
1332 361 1386 415 quo
1409 345 1592 414 megistretus
1617 343 1690 398 setis

248 443 399 509 exegerunt
415 453 473 492 rem
491 437 595 492 sulcem
613 434 685 492 sore:
708 439 783 490 tutor
801 438 967 490 testsmento
986 433 1066 488 dutus
1084 437 1181 503 postes
1198 433 1292 488 dutum
1311 437 1470 503 suspectum
1492 429 1575 487 iecit:
1599 447 1689 502 quse·

248 529 330 583 situm
348 531 398 597 est,
417 526 595 595 inquantum
613 529 747 580 tenentur.
783 525 884 579 Pnnlne
902 521 1042 592 respondit
1059 526 1176 578 tutorem
1194 527 1360 578 testamento
1379 521 1472 576 dotum
1491 536 1543 591 pro
1557 536 1592 576 es
1604 526 1689 590 psrte

247 616 385 672 conneriri
403 619 540 685 oportere,
563 628 613 683 pro
631 629 686 684 qus
701 618 780 684 purte
798 611 1011 668 administrauit:
1035 625 1085 681 pro
1108 611 1258 666 contutoris
1280 615 1372 666 sutem
1394 610 1519 679 portione
1537 610 1618 680 prius
1637 624 1689 664 eos

247 705 385 762 conueniri
403 703 517 774 debere,
541 703 588 772 qui
605 717 655 772 pro
673 717 706 758 eo
724 717 754 758 se
772 702 963 772 obligauerunt
986 701 1031 755 nel
1055 699 1232 770 magistratus
1249 701 1297 770 qui
1314 715 1375 756 eum
1395 697 1544 758 dederunt:
1567 703 1639 754 tnnc
1664 699 1689 753 si
1707 709 1722 750 e

246 793 362 850 solidum
380 792 499 863 pupillus
518 792 647 860 consequi
665 806 720 847 nou
737 792 869 862 potuerit,
893 790 929 845 de
952 787 1043 845 officio
1066 789 1216 844 oontntoris
1239 788 1437 859 quaerendum,
1461 803 1496 842 su
1518 790 1688 856 suspectum

245 881 336 938 iecere
354 881 493 951 debuerit,
518 881 678 950 praesertim
696 896 758 935 cum
777 884 935 950 suspectum
954 893 1063 948 quoque
1081 893 1143 933 eum
1165 879 1321 948 postulasse
1340 877 1454 932 dicetur.
1481 876 1550 930 nlius
1568 876 1687 945 quidem

246 987 307 1028 cum
325 971 502 1040 magistratus
519 969 612 1040 plures
630 973 735 1024 tutores
754 969 829 1039 dsnt,
847 983 902 1024 non
919 969 995 1039 prins
1013 967 1049 1022 ed
1061 981 1109 1023 cos
1121 968 1222 1022 reuerti
1233 967 1352 1037 pupillus
1370 969 1469 1036 potest,
1487 980 1572 1034 quam
1584 979 1687 1021 omnes

142 1093 144 1100 =
244 1065 350 1116 tutores
368 1068 476 1114 excusse·
492 1058 607 1114 inerint:
630 1059 658 1114 in
681 1059 820 1130 proposito
843 1073 905 1113 cum
928 1071 999 1112 nnus
1022 1055 1263 1126 emugistrstibus
1285 1054 1367 1110 dutus
1389 1059 1602 1126 proponeretur,
1629 1070 1687 1110 non

245 1151 289 1202 est
305 1149 395 1203 nisum
413 1149 489 1219 prius
507 1149 638 1218 collegam
657 1147 887 1216 conueniendum,
911 1147 958 1216 qni
976 1151 1004 1202 et
1021 1150 1179 1215 suspectum
1202 1142 1269 1199 iecit
1291 1149 1321 1199 et
1342 1147 1508 1199 testamento
1526 1142 1614 1197 datus
1632 1147 1686 1212 est,
1707 1156 1736 1195 ro

212 1245 226 1291 r
244 1236 410 1306 perindeque
430 1235 571 1291 habendos
595 1237 729 1306 singulos,
753 1251 786 1291 no
809 1235 833 1290 si
850 1235 879 1290 in
897 1239 989 1305 partes
1007 1231 1133 1289 dimidies
1153 1231 1163 1304 l
1182 1237 1287 1288 tutores
1310 1232 1368 1288 deti
1391 1237 1491 1288 essent
1528 1231 1686 1286 'littoribus
1705 1240 1776 1286 terr

245 1339 405 1381 eoncessum
424 1331 467 1380 est
485 1341 502 1380 e
519 1324 688 1381 debitoribus
706 1325 800 1394 pupilli
817 1324 960 1395 pecuniam
979 1324 1103 1394 exigere,
1127 1327 1159 1378 nt
1180 1323 1240 1392 ipso
1259 1323 1317 1377 iure
1335 1321 1496 1390 liberentur,
1520 1335 1577 1375 non
1596 1321 1686 1376 etiem

244 1413 346 1470 donare
363 1415 409 1470 uel
427 1414 509 1470 etism
527 1413 702 1469 deminuendi
720 1427 804 1468 esuse
822 1427 884 1468 eum
902 1413 936 1468 iis
953 1411 1118 1482 transigere:
1143 1416 1171 1466 et
1189 1411 1251 1467 ideo
1269 1425 1340 1481 eum,
1359 1410 1406 1480 qui
1424 1411 1513 1466 miuus
1525 1411 1616 1474 tutori
1630 1411 1685 1467 sol·

243 1503 292 1575 nit,
311 1521 329 1558 s
346 1503 448 1574 pupillo
466 1503 493 1558 in
512 1504 644 1573 reliquum
663 1502 801 1558 conueniri
818 1517 908 1572 posse.
1403 1521 1406 1532 ¹
1707 1511 1738 1552 u

186 1591 226 1649 tr
296 1591 454 1648 Sesnnonn
477 1591 546 1648 libro
569 1590 690 1648 secundo
713 1605 916 1661 responsorum.
959 1589 1063 1646 (titium
1090 1595 1118 1646 et
1140 1591 1277 1645 liseuium
1302 1593 1407 1645 tutores
1434 1588 1496 1658 quis
1519 1583 1686 1670 [serTeTe‘e
1706 1595 1735 1649 Ρ

243 1679 319 1736 dedit
341 1684 370 1735 et
390 1681 477 1736 osuit:
503 1681 626 1742 toibouur
653 1680 692 1734 sui
716 1681 855 1751 repetendi
878 1679 992 1733 sturno
1012 1679 1121 1743 stercen
1141 1678 1205 1734 ueri
1228 1677 1276 1733 rire
1294 1679 1408 1742 ΜιιΒιογ
1425 1677 1473 1739 roi
1491 1676 1613 1742 &beleni
1632 1698 1686 1744 sor

243 1768 360 1834 semeso,
387 1769 425 1823 ssi
450 1769 506 1839 dixe
529 1767 610 1830 sirei
632 1768 664 1824 τὸ
689 1767 827 1834 precessore
852 1768 949 1838 respon
973 1768 1049 1823 ἓετω.
1086 1769 1175 1824 ‘litim
1198 1769 1273 1823 solue
1291 1783 1308 1823 a
1325 1766 1494 1823 debitoribus
1511 1767 1624 1836 exegit:
1648 1783 1685 1822 sn

242 1857 349 1913 liberati
372 1857 485 1913 essent?
511 1857 653 1928 respondi,
681 1857 705 1912 si
732 1861 761 1912 et
787 1857 1048 1913 administrationem
1072 1857 1178 1913 lleenio
1205 1857 1339 1928 dedisset,
1366 1872 1421 1914 non
1447 1860 1522 1912 recte
1549 1856 1685 1912 solutum.

211 1953 223 1998 1
243 1945 387 2012 ‘Quantum
406 1952 498 2001 eutem
516 1944 571 2001 filio
591 1961 652 2001 meo
671 1945 797 2001 diurnum
815 1945 948 2017 sufficiet,
972 1947 1077 2002 Murius
1095 1951 1124 2001 et
1140 1947 1267 2001 lenuerie
1285 1943 1489 2002 aestimabunt:
1512 1959 1629 2016 cunero,
1648 1961 1687 2000 sn

243 2036 364 2090 conteuti
381 2049 442 2090 esse
461 2035 580 2090 debeant
597 2039 702 2091 tutores
721 2034 832 2091 arbitrio
851 2036 1001 2091 mulierum.
1028 2034 1158 2106 respondi
1180 2040 1319 2106 sumptum
1341 2034 1406 2090 boni
1428 2033 1480 2088 uiri
1502 2032 1619 2089 arbitrio
1643 2033 1685 2089 tn·
1706 2046 1737 2087 so

211 2131 226 2176 e
243 2123 378 2179 ciendum.
414 2123 532 2180 Tutores
550 2123 607 2179 deti
626 2124 662 2180 sd
679 2139 723 2179 res
740 2125 851 2180 ltuliees
868 2125 1049 2180 instrumente
1066 2125 1169 2180 ltomee
1193 2127 1369 2196 reppererunt
1391 2121 1544 2178 debitorum
1567 2124 1686 2192 prouin-

243 2212 361 2283 cialium,
379 2217 411 2267 ut
428 2213 544 2283 pecunie
556 2213 659 2268 Romae
678 2219 726 2270 snt
743 2213 908 2284 ubicumque
925 2215 1042 2285 petitum
1060 2212 1143 2269 luerit
1160 2213 1294 2270 soluetur:
1312 2226 1423 2283 quaero,
1442 2226 1504 2267 cnm
1522 2225 1617 2282 neque
1636 2213 1685 2268 de·

242 2301 346 2358 bitores
364 2302 392 2356 in
409 2301 489 2358 italie
506 2307 600 2357 essent
616 2317 705 2374 neque
724 2317 818 2359 eorum
835 2301 960 2374 prsedis,
985 2319 1020 2358 sn
1038 2302 1107 2358 heec
1124 2303 1231 2359 erectio
1249 2301 1285 2358 ed
1303 2301 1420 2358 ltulioee
1437 2301 1476 2355 rei
1493 2305 1603 2356 tutores
1621 2317 1686 2372 per·

243 2391 338 2447 tinent.
366 2391 503 2462 respondi,
522 2392 545 2446 si
563 2391 737 2462 prouinciulis
756 2397 912 2448 contractus
924 2397 1007 2462 esset,
1025 2406 1080 2448 non
1093 2393 1237 2462 pertinere,
1256 2391 1392 2462 respicere
1403 2394 1495 2445 temen
1507 2389 1544 2444 sd
1555 2387 1685 2446 officium

244 2495 352 2552 eorum,
376 2495 411 2536 ne
433 2481 673 2536 instrumentorum
696 2481 851 2552 ignorantis
873 2484 1029 2536 contractus
1053 2495 1113 2551 ecs,
1141 2480 1177 2536 ud
1203 2497 1271 2552 quos
1298 2479 1496 2536 edministrstio
1518 2479 1685 2550 pertineret,
1707 2495 1738 2536 re

211 2569 349 2625 elsteret.
381 2569 408 2624 Α
426 2575 513 2625 matre
531 2569 613 2625 dotus
630 2575 794 2626 testamento
811 2575 886 2626 tutor
903 2585 966 2625 cnm
984 2575 1094 2640 putaret
1111 2585 1142 2625 se
1159 2575 1278 2625 tutorem
1296 2585 1366 2640 esse,
1385 2568 1511 2624 distruxit
1529 2567 1605 2624 bons
1624 2585 1685 2624 me·

243 2663 322 2714 tems
339 2663 368 2714 et
384 2663 499 2730 putesne
516 2659 679 2730 pupillorum
703 2662 732 2714 et
754 2658 873 2714 decessit
895 2674 950 2715 non
973 2658 1119 2715 soluendo:
1144 2659 1296 2730 quaeritur,
1321 2674 1357 2713 en
1379 2658 1497 2728 pupillus
1520 2672 1566 2712 res
1590 2659 1687 2728 possit

210 2747 391 2804 suindicsre.
418 2747 561 2818 respondi,
580 2748 604 2803 si
622 2753 733 2804 mnnent
750 2763 794 2802 res
811 2747 920 2817 pupilli,
945 2747 1077 2803 uindicari
1096 2747 1131 2803 eb
1149 2763 1183 2804 eo
1200 2763 1290 2820 posse.
1327 2745 1484 2802 Praefectus
1501 2746 1623 2816 legionis
1642 2748 1686 2802 its

243 2841 409 2892 testumentn
431 2837 517 2891 osuit:
537 2836 621 2906 bolo,
643 2841 674 2890 nt
697 2837 734 2892 sit
757 2837 785 2892 in
809 2836 921 2892 arbitrio
938 2841 1059 2892 tutorum
1076 2835 1125 2892 tilii
1142 2838 1210 2908 mel,
1233 2838 1257 2893 si
1275 2837 1423 2906 noluerint,
1447 2835 1528 2890 hnius
1551 2851 1685 2892 snmmse

244 2923 347 2980 'uncins
364 2923 462 2980 inferre
480 2939 624 2980 usurarum
642 2925 751 2980 nomine
763 2925 810 2995 itu,
829 2939 864 2980 ne
876 2925 980 2980 nummi
992 2925 1205 2998 dispergantur'3
1224 2941 1334 2996 qusero,
1352 2926 1376 2981 si
1391 2924 1548 2996 apperuerit
1558 2925 1686 2994 pecunie
1705 2939 1736 2982 eo

243 3013 384 3070 faenerato
401 3030 418 3068 s
435 3013 584 3084 tutoribus,
608 3013 709 3069 iudicio
726 3015 829 3069 tutelae
847 3014 943 3070 uncins
960 3029 1059 3070 usuras
1081 3031 1117 3071 un
1134 3031 1201 3071 uero
1219 3031 1267 3071 eus
1288 3029 1357 3085 qnss
1375 3014 1498 3092 stipulati
1515 3017 1581 3069 sunt
1599 3029 1684 3084 prse-

243 3109 317 3160 stere
341 3103 467 3159 debeant.
493 3103 636 3173 respondi,
661 3104 684 3158 si
707 3101 856 3158 secundum
880 3104 1048 3160 uchrntstem
1073 3103 1195 3160 defuncti
1218 3104 1365 3174 elegissent
1386 3118 1529 3158 usurarum
1553 3107 1684 3172 preests·

242 3193 344 3249 donem
363 3207 451 3262 neque
469 3192 564 3262 pupilli
581 3191 691 3246 nomine
708 3191 736 3246 in
754 3190 851 3248 leenus
870 3191 1024 3264 dedissent,
1047 3193 1075 3248 id
1092 3194 1273 3264 praestetur¹,
1298 3192 1371 3263 quod
1395 3196 1510 3247 testetur
1532 3191 1683 3250 noluisset.

211 3282 344 3338 5Lucius
362 3281 452 3336 Titius
475 3283 597 3336 mutuam
621 3281 765 3350 pecuniam
783 3297 801 3336 e
818 3286 908 3336 tutore
931 3282 1037 3352 occepit
1060 3287 1089 3337 et
1110 3297 1168 3337 rem
1191 3281 1383 3338 hereditoriam
1405 3281 1512 3351 pignori
1534 3280 1560 3336 ei
1584 3279 1683 3338 dedit:

242 3377 306 3442 post
323 3371 468 3426 triennium
485 3369 540 3424 iem
558 3367 707 3439 puberibus
724 3369 776 3441 his,
795 3385 909 3440 quorum
927 3371 1014 3426 tutele
1032 3371 1221 3427 odministrste
1239 3377 1293 3441 est,
1312 3369 1379 3427 fisco
1396 3369 1470 3426 bons
1487 3367 1614 3425 delbncti
1632 3371 1683 3427 ed-
1705 3388 1736 3430 ss

242 3459 362 3515 iudicatu
380 3463 452 3528 sunt,
471 3458 537 3527 quie
554 3464 668 3513 mortem
687 3459 747 3514 eius
765 3458 844 3514 heres
861 3475 917 3514 non
935 3463 978 3514 est
996 3460 1081 3515 ultus:
1099 3461 1248 3530 quaeritur,
1266 3477 1302 3516 sn
1316 3459 1344 3514 id
1355 3473 1455 3515 nornen
1466 3459 1586 3530 pupillus
1600 3475 1684 3516 recn-

243 3564 305 3605 ssre
320 3548 416 3619 possit.
443 3547 573 3618 respondi
590 3546 740 3602 secundnm
758 3563 792 3602 es
808 3561 879 3618 ques
897 3553 1086 3620 proponuntur
1103 3549 1132 3604 id
1149 3563 1248 3604 nomen
1266 3549 1303 3604 ed
1321 3563 1390 3604 onus
1403 3551 1523 3604 tutorum
1541 3563 1598 3603 non
1617 3537 1683 3619 per-

210 3639 338 3694 etinere.
374 3637 469 3693 Altero
487 3651 522 3691 ex
540 3635 647 3691 duobus
665 3634 794 3692 frutribus
813 3636 895 3692 sociis
913 3636 1046 3693 bonorum
1069 3641 1098 3693 et
1115 3637 1308 3708 negotiationis
1326 3636 1467 3707 defuncto,
1491 3635 1594 3692 herede
1613 3637 1683 3710 tilio,

242 3733 357 3798 patruus
374 3729 449 3781 tutor
465 3724 584 3780 uenditis
602 3724 728 3781 omnibus
752 3725 903 3781 communis
926 3726 1119 3796 negotiationis
1143 3726 1279 3782 mercibus
1303 3730 1331 3782 et
1354 3726 1406 3782 sibl
1424 3724 1573 3796 redemptis
1592 3741 1683 3798 nego·

242 3815 311 3870 tium
329 3829 379 3870 suo
397 3814 506 3870 nomine
524 3815 659 3869 exercuit:
682 3815 837 3884 quaesitum
855 3819 910 3884 est,
933 3819 1024 3869 utrum
1043 3815 1235 3886 compendium
1253 3816 1356 3886 negotii
1373 3832 1409 3871 sn
1426 3829 1523 3870 uermes
1540 3817 1682 3884 pecunias
1703 3835 1734 3876 so

242 3907 383 3974 preesture
401 3901 509 3958 debent.
537 3902 665 3972 respondi
683 3903 833 3958 secundum
851 3917 885 3958 ee
902 3918 973 3973 quse
990 3907 1177 3973 proponuntur
1200 3905 1302 3975 pupillo
1321 3921 1445 3974 usnrsm,
1468 3919 1523 3959 non
1546 3919 1683 3975 compen-

211 3998 225 4045 7
244 3991 319 4048 dium
343 3991 545 4063 praestandum.
581 3991 668 4048 Tutor
690 4007 780 4047 rernm
797 3991 953 4064 ltelicsrum
978 3997 1130 4048 conuentus
1153 4009 1170 4048 s
1192 3993 1327 4050 creditore
1348 3993 1520 4065 prouincieli,
1544 3991 1593 4047 ubi
1619 4009 1681 4050 rem

242 4081 362 4152 pupillus
380 4080 483 4151 hebuit,
502 4081 597 4136 soluit:
616 4081 770 4152 quaesitum
788 4086 839 4152 est,
858 4097 894 4136 sn
911 4079 940 4135 id
957 4081 1059 4136 tuteloe
1076 4081 1177 4138 indicio
1195 4083 1316 4154 reputari
1333 4087 1432 4154 potest
1461 4080 1592 4152 respondi
1611 4083 1683 4140 nibil

243 4170 366 4241 proponi,
385 4185 433 4225 cur
451 4186 505 4226 non
522 4171 618 4240 possit
1702 4189 1734 4230 u

186 4254 226 4314 48
296 4257 554 4315 flnsuocmmrns
565 4258 634 4315 libro
645 4260 732 4331 primo
744 4259 811 4314 iuris
822 4259 1010 4332 epitomurum.
1037 4259 1113 4315 Inter
1128 4255 1260 4324 bonbrum
1274 4275 1339 4316 uen·
1359 4255 1530 4345 [s-tlsffit.
1550 4269 1594 4331 Ep.
1608 4275 1634 4330 4,
1649 4277 1680 4322 18
1700 4273 1729 4328 P

242 4347 346 4417 trisque
363 4350 516 4404 curatorem
535 4351 563 4404 et
580 4349 651 4404 inter
668 4351 821 4405 curatorem
838 4347 933 4404 furiosi
944 4349 1064 4419 itemque
1075 4349 1183 4420 prodigi
1201 4350 1332 4421 pupilliue
1344 4335 1680 4424 fflffieffid}

243 4468 440 4542 nwnsro)

245 4649 254 4683 ²
271 4645 356 4702 uteru
373 4645 475 4716 (Hatlt
546 4648 557 4684 ¹
574 4653 760 4718 praestaturos
783 4649 975 4718 (Gronoutcsll

243 4821 444 4891 aperuimus*
488 4813 673 4880 iisol‘u'idnn‘r
691 4822 729 4878 pr
777 4823 930 4881 'ldebbre-
983 4827 1017 4880 21
1040 4828 1229 4898 repperierunt
1251 4829 1277 4881 F
1342 4829 1376 4884 28
1396 4827 1554 4884 uindicsri'i'
1578 4830 1617 4887 sb
1643 4835 1681 4890 F*

243 4892 279 4947 rit
295 4895 334 4946 pr
387 4894 538 4964 texcussi]
558 4893 608 4962 Di,
630 4895 704 4951 ‘elias
721 4895 837 4951 excussi
850 4915 932 4968 supra
983 4896 1267 4955 tlbbons‘li'dofuneti
1275 4895 1326 4952 Ρ*
1352 4899 1632 4970 tbepitoms'to’rum
1642 4907 1681 4961 F¹

242 4982 344 5019 cesum
355 4963 401 5029 Et,
419 4967 542 5022 excusati
555 4967 710 5033 ΝΜΟ,
734 4967 882 5024 emieusati
894 4969 931 5024 li·
