3584 5326
649 1091 1044 1244 Ριιιιιιιιο

487 1340 822 1420 THEODORI
862 1343 1209 1423 llOllllSENl.

173 1770 305 1880 Digesta
322 1809 391 1865 iuris
409 1810 559 1880 enucleati,
580 1811 658 1866 iussu
676 1809 819 1867 Iustiniani
838 1809 958 1881 Augusti
976 1811 1042 1866 dato
1060 1827 1085 1866 a.
1098 1811 1152 1866 530
1170 1810 1237 1866 Dee.
1251 1811 1285 1865 15
1303 1811 1430 1880 eemponi
1454 1817 1561 1884 coepta,
1592 1819 1696 1892 urgente

119 1916 251 1972 absoluta
267 1923 296 1972 et
313 1917 489 1988 promulgata
506 1923 569 1988 post
585 1917 732 1973 triennium
751 1933 776 1973 a.
789 1919 842 1974 533
860 1918 927 1973 Dee.
942 1919 984 1988 16,
1002 1933 1057 1987 quo
1076 1918 1190 1974 oonsilio
1207 1932 1317 1988 quaque
1335 1921 1395 1973 arte
1413 1920 1562 1990 compilata
1580 1883 1697 1928 lusorum

118 2023 179 2078 sint
195 2037 332 2094 exponere
350 2039 406 2080 nen
425 2023 537 2080 editoris
554 2030 605 2095 est,
624 2039 713 2095 neque
730 2023 811 2107 huius
829 2023 902 2080 setus
920 2025 1082 2095 prudentiae
1093 2025 1233 2080 Romanae
1247 2029 1276 2080 et
1287 2025 1398 2081 omniuo
1410 2027 1560 2081 litterarum

119 2145 219 2185 earum
241 2145 307 2186 uere
329 2131 462 2201 postremi
486 2131 559 2186 iusta
581 2131 737 2188 aestimatio
760 2132 833 2187 intra
854 2136 988 2203 angustos
1010 2131 1189 2202 praelationis
1207 2133 1341 2188 eaneelles
1359 2131 1561 2214 minutulasque

120 2237 191 2292 artis
203 2238 314 2294 eritieae
325 2237 501 2307 quaestiones
513 2243 588 2294 reete
599 2237 780 2294 eohiberetur.
808 2237 1041 2309 reprehenderunt
1057 2239 1085 2294 in
1098 2237 1213 2310 digestis
1225 2239 1367 2294 Iustiniani
1380 2239 1458 2294 multi
1476 2240 1562 2294 multa

108 2333 176 2399 'nee
188 2344 248 2399 siue
260 2359 353 2415 eausa,
372 2349 408 2414 et,
424 2350 456 2399 ut
469 2343 509 2415 fit,
528 2360 599 2415 quae
614 2345 677 2400 olim
691 2345 776 2400 nimia
787 2343 840 2400 tuit
852 2345 996 2402 admiratio
1008 2345 1062 2400 iam
1076 2349 1175 2416 coepta
1187 2350 1230 2400 est
1241 2347 1412 2416 compensari
1430 2345 1560 2416 quodum·

120 2450 207 2506 mode
231 2451 434 2522 eentemptiene
459 2467 514 2507 nen
536 2451 626 2507 minus
644 2451 760 2507 iniusta:
783 2452 865 2522 panni
887 2457 980 2507 tamen
1002 2451 1127 2508 homiues
1150 2454 1232 2524 aequi
1250 2457 1278 2508 et
1295 2453 1401 2509 eordati
1418 2429 1561 2524 negabunt

120 2565 200 2613 reete
223 2557 319 2614 referri
342 2559 378 2613 ad
400 2558 453 2615 hee
475 2559 637 2630 prudentiae
655 2559 795 2614 Romanas
818 2559 877 2614 siue
899 2561 1032 2631 templum
1057 2560 1117 2616 siue
1140 2561 1294 2631 sepulerum
1317 2561 1392 2631 qued
1416 2562 1560 2632 aitpoeta

120 2671 218 2721 noster
235 2666 321 2722 selem
340 2666 384 2722 uel
402 2665 571 2722 oeeideutem
590 2681 652 2722 esse
670 2665 796 2722 eundem.

175 2771 232 2828 Sed
255 2778 286 2828 ut
308 2774 398 2828 aliena
420 2777 464 2828 est
486 2772 521 2828 ab
545 2773 658 2830 edituris
681 2773 851 2843 digestorum
874 2771 1045 2844 praefatione
1067 2775 1155 2845 ipsius
1178 2776 1301 2847 syllegae
1326 2775 1494 2846 aestimatio,
1518 2776 1558 2832 ita
1575 2785 1720 2844 Digestorum

118 2885 272 2951 antequam
289 2879 326 2936 de
343 2879 473 2936 subsidiis
491 2880 619 2936 editionis
636 2880 750 2950 eiusque
768 2880 873 2936 ratione
891 2885 920 2936 et
937 2881 1051 2936 oonsilio
1064 2886 1169 2952 agatur,
1189 2882 1324 2952 quaedam
1339 2882 1476 2938 monenda
1493 2888 1558 2938 aunt
1610 2852 1681 2896 tonna

118 2987 156 3044 de
175 2986 265 3042 forma
281 2987 368 3057 ipsine
384 2988 506 3058 eorporis
523 2992 552 3044 et
569 2987 718 3056 diuisione,
743 2988 851 3058 qualem
874 3003 935 3045 esse
953 2989 1100 3045 uoluerunt
1117 2989 1163 3059 qui
1182 2989 1291 3060 digesta
1308 2989 1497 3059 compilarunt
1524 3007 1557 3046 ae

117 3094 241 3150 ἀὶιιίιιιιιι
259 3109 322 3150 esse
339 3109 410 3164 opus
427 3091 556 3150 inlibres
574 3093 773 3165 qninquaginta
790 3100 917 3166 apparet:
941 3111 989 3151 ees
1012 3101 1104 3152 antem
1126 3095 1211 3152 libres
1229 3097 1366 3166 quemodo
1386 3097 1557 3154 titulauerint

117 3201 326 3272 compilatores,
344 3201 397 3258 luoe
414 3201 524 3258 demum
542 3202 604 3258 loeo
624 3200 868 3272 pertraetabimns,
890 3217 951 3258 eum
971 3203 1096 3272 quaestio
1118 3203 1258 3274 implieata
1276 3204 1312 3258 sit
1335 3207 1363 3259 et
1380 3219 1415 3259 ex
1432 3209 1510 3274 parte
1528 3205 1555 3260 in

117 3310 280 3364 coniectura
297 3310 396 3379 posita
424 3309 528 3364 stillost
545 3308 718 3378 reperiuntur
736 3310 939 3366 numerationes
963 3310 1208 3380 inscriptionesque
1232 3308 1361 3365 librorum
1383 3310 1477 3382 binae,
1502 3313 1555 3381 pri·

117 3417 208 3472 maria
219 3421 249 3471 et
260 3415 436 3472 secundaria:
455 3430 569 3485 quarum
582 3391 711 3486 primaria
723 3415 861 3484 sollemnis
873 3421 916 3470 est
928 3420 956 3471 et
968 3415 1105 3486 expedita,
1124 3431 1159 3472 ea
1175 3417 1300 3472 nimirum
1319 3433 1391 3487 quae
1408 3417 1436 3472 in
1454 3418 1555 3473 eedieis

116 3523 270 3580 llomntini
293 3521 539 3593 subscriptionibus
563 3521 663 3577 dieitur
686 3521 727 3577 ‘ex
752 3521 863 3592 ordine',
891 3523 920 3578 id
946 3527 990 3578 eet
1015 3522 1148 3591 librorum,
1172 3523 1341 3593 digestorum
1365 3525 1554 3580 uniuersorum

115 3630 334 3701 quinquaginta,
356 3644 472 3700 eamque
490 3629 576 3685 selam
594 3629 623 3685 in
640 3629 701 3700 ipsa
718 3628 837 3685 editione
855 3628 1040 3700 exhibuimus,
1059 3630 1236 3686 secundariae
1254 3627 1416 3687 e'oniunetae
1434 3647 1494 3686 enm
1514 3631 1554 3686 di-

114 3743 260 3807 gestorum
282 3735 407 3806 partibus
430 3751 501 3806 quae
524 3735 652 3791 dieantur
674 3736 864 3792 traetationem
887 3735 951 3792 lruie
975 3737 1035 3793 loee
1052 3737 1263 3793 reseruauimus.
1293 3737 1328 3793 de
1351 3737 1402 3792 hae
1426 3742 1457 3793 ut
1479 3743 1553 3793 reete

115 3843 242 3898 indicent
259 3843 306 3913 qui
323 3811 432 3913 legunt,
455 3843 558 3899 eodieis
577 3842 738 3912 Florentini,
757 3843 805 3912 qui
822 3858 893 3898 unus
911 3858 946 3898 ex
963 3843 1039 3899 libris
1058 3843 1139 3900 hodie
1158 3845 1274 3899 seruatis
1293 3845 1320 3899 in
1339 3859 1373 3900 ea
1391 3847 1552 3915 quaestione

115 3950 312 4006 austeritatem
335 3947 431 4019 habet,
457 3949 587 4005 liorerurn
611 3949 800 4019 inscriptiones
824 3948 1093 4020 subscriptionesque
1115 3968 1142 4021 p.
1159 3951 1247 4006 111·—
1256 3951 1322 4006 XX'
1350 3968 1405 4007 una
1430 3952 1552 4008 exhibui·

115 4073 195 4124 mus,
219 4063 276 4112 tam
299 4071 372 4125 quae
393 4056 531 4126 pertinent
553 4055 589 4110 ad
612 4056 733 4111 ludioem
757 4056 896 4112 titulorum
921 4072 1004 4126 quarn
1028 4072 1099 4128 quae
1122 4058 1151 4113 iu
1174 4057 1268 4113 oediee
1291 4060 1407 4128 sparsim
1425 4061 1553 4130 leguntur

114 4163 234 4234 singulis
256 4161 333 4218 librie
355 4163 540 4233 praesoriptae
563 4163 608 4218 uel
630 4161 811 4233 subseriptae.
842 4163 991 4219 adieiemns
1014 4163 1066 4220 heo
1088 4165 1148 4220 loeo
1172 4165 1394 4221 commentariola
1414 4167 1468 4222 tria
1490 4166 1551 4222 bre·

114 4270 233 4326 uiasima
249 4268 424 4340 prudentium
442 4269 653 4340 Byzantiorum,
671 4285 743 4340 quae
761 4270 797 4326 ad
814 4270 885 4328 hane
903 4271 1091 4342 quaestionem
1109 4272 1254 4342 pertinent,
1272 4277 1320 4328 aut
1337 4273 1457 4330 nondum
1477 4273 1551 4329 edita

113 4381 165 4433 aut
183 4381 259 4432 uerte
277 4391 373 4445 parum
392 4379 472 4446 uota,
494 4375 595 4446 quibus
617 4376 761 4432 eemmode
785 4377 894 4433 uidetur
914 4379 991 4434 loeus
1014 4377 1072 4434 dari
1090 4379 1118 4433 in
1142 4379 1311 4449 digestorum
1330 4380 1450 4435 editione
1467 4397 1550 4452 appa·

111 4489 177 4540 ratu
194 4482 292 4539 eritiee
309 4483 449 4538 iustrrreta

168 4589 191 4646 1.
219 4591 285 4660 Περὶ
303 4589 353 4643 urle
369 4589 424 4643 τῶιι
443 4589 569 4654 tartareae
587 4589 746 4661 Διιιρὲιεωο.
774 4589 829 4652 To?
854 4591 962 4652 ιιοιιικοῨ
985 4592 1091 4663 πτγχίογ
1114 4592 1213 4648 naar'ec
1237 4592 1269 4648 τὸ
1292 4594 1340 4648 atra
1366 4596 1410 4650 elea
1431 4596 1548 4660 amittes,

111 4699 144 4752 τὸ
163 4697 195 4750 ae
212 4697 325 4760 uiscera.
355 4695 435 4760 ιἰιιφω
454 4695 484 4750 te
502 4695 533 4750 rel
552 4696 616 4768 ιιὲριι
642 4696 722 4751 altram
745 4696 796 4768 πρὸ
819 4697 867 4753 urle
886 4697 1067 4763 ἸογιτιιιιιιιοῨ
1091 4700 1230 4765 teoraciae,
1257 4699 1289 4762 οῩ
1313 4702 1379 4766 utar
1403 4702 1433 4755 t'e
1457 4723 1547 4766 ογιιτε-

110 4803 264 4869 suasae.
292 4801 356 4856 &aad
379 4802 411 4858 τὸ
433 4803 513 4859 nator
537 4804 741 4874 εγΓκεχγιιὲιιωι.
776 4805 800 4859 ol
824 4804 854 4858 t's
878 4805 940 4859 aar&
963 4807 1027 4868 rete
1050 4805 1162 4878 χρόιιογι
1185 4805 1303 4872 exciuere
1331 4811 1406 4872 coeat
1430 4810 1476 4864 ric
1500 4811 1547 4864 ιιὲιι

114 4910 247 4968 &curate
266 4909 394 4965 ΔιιτὶΞειι
412 4909 442 4966 {a
456 4909 560 4966 adsere
574 4912 680 4966 Bataleac
696 4909 848 4982 alpientium,
868 4912 998 4984 πρότεροι
1017 4913 1047 4968 il'e
1066 4915 1177 4968 adtraat
1195 4913 1275 4976 retra
1292 4917 1498 4972 sarmsoataacr·
1516 4917 1548 4973 τὸ
