4320 5340
549 133 696 256 XXVllll
716 189 736 254 2
758 193 876 250 75-82
1194 221 1205 238 ·
1227 178 1314 260 886
1600 205 1647 254 ps
1671 199 1919 262 spourrmmnu
1942 199 2004 246 ιιι

550 350 641 401 aetum
660 359 730 414 esse,
749 343 981 415 quemadmodum
999 359 1061 399 enm
1080 359 1115 398 er
1134 342 1248 400 semisse
1266 342 1385 413 scriptus
1402 341 1481 400 heres
1499 358 1533 399 ex
1551 343 1706 414 quadrante
1718 355 1775 413 per
1792 353 1920 396 errorem
1938 336 2003 394 adiit

549 434 737 490 hereditatem.
1052 481 1058 490 .

493 523 532 582 76
604 525 775 579 Ιιιιοιιιιιιι
792 521 862 577 libro
880 525 977 591 quarto
996 519 1183 590 epistularum.
1220 519 1249 576 Si
1268 525 1298 576 tn
1317 535 1351 576 ex
1369 527 1448 591 parte
1466 527 1545 578 serta
1562 520 1614 576 snb
1632 521 1803 577 eondioione
1824 511 2035 603 [ῑιιι-ιιιῑ

551 613 692 667 institutas
710 611 810 666 luisses
827 610 908 665 heres
926 614 955 664 et
972 610 1114 666 omittente
1132 615 1239 680 partem
1258 625 1336 665 suam
1351 610 1442 680 Titio,
1462 611 1506 666 eui
1524 610 1692 666 substitutus
1710 625 1790 679 eras,
1811 624 1851 664 ex
1869 606 1998 663 substitu-

551 703 625 756 tione
643 701 758 770 adisses,
776 698 874 754 deinde
893 698 1018 754 eondieio
1036 698 1095 754 lure
1113 699 1248 754 sextantis
1265 699 1425 768 exstitisset,
1444 713 1554 770 quaero,
1573 715 1609 754 an
1627 699 1704 754 adire
1724 711 1847 754 neeesse
1864 695 1996 766 habueris,
2011 709 2023 748 ι

550 804 586 844 ne
604 792 716 843 sextans
733 793 798 842 tuns
816 789 940 842 intereat
968 787 1122 856 respondit:
1140 786 1205 842 nihil
1224 787 1345 857 interest,
1363 792 1455 842 utrum
1474 803 1508 842 ex
1527 787 1725 844 substitutione
1738 789 1820 858 prius
1833 786 1947 841 adierim
1964 801 1996 840 an

551 893 585 933 ex
604 878 692 948 prima
708 876 892 944 institutione,
912 891 974 930 eum
993 874 1029 930 ab
1046 881 1162 945 utraque
1181 891 1266 930 eausa
1283 891 1339 931 uua
1355 875 1442 931 aditio
1459 874 1591 932 suffieiat:
1610 881 1727 932 sertum
1745 877 1858 946 itaque,
1881 875 1931 944 qui
1948 873 1995 929 snb

520 979 531 1022 1
551 966 711 1021 eondieione
729 964 811 1020 datus
829 964 894 1019 mihi
909 968 963 1034 est,
982 964 1017 1020 ad
1036 979 1080 1019 rue
1098 966 1186 1020 solum
1204 964 1330 1034 pertinet.
1368 964 1436 1020 Item
1455 965 1526 1020 situ
1547 967 1696 1035 sextantis,
1722 981 1759 1020 ex
1777 979 1837 1034 quo
1855 963 1996 1018 institutus

551 1069 627 1111 esses
645 1054 732 1122 heres,
751 1053 876 1108 omiseris
894 1053 1056 1124 aditionem,
1075 1052 1208 1123 numquid
1227 1051 1350 1122 dubitas,
1369 1053 1434 1122 quin
1452 1069 1488 1108 ex
1505 1053 1700 1109 substitutione
1719 1051 1854 1108 adeundo
1872 1052 1995 1106 'titianae

551 1143 637 1214 partia
655 1141 797 1197 habiturus
815 1147 921 1212 partem
940 1141 1037 1196 esses?
1060 1141 1215 1212 respondit:
1234 1155 1289 1196 non
1306 1141 1412 1212 dubito,
1430 1143 1504 1212 quin,
1522 1143 1561 1198 si¹
1575 1144 1664 1213 prima
1678 1143 1857 1197 institutione
1871 1140 1995 1195 adeundo
2011 1153 2032 1192 ιι

550 1231 630 1286 ιιιιι
648 1245 710 1285 esse
728 1231 840 1300 possim,
860 1231 889 1285 in
906 1234 1045 1300 potestate
1063 1245 1126 1284 mea
1143 1230 1191 1300 sit,
1209 1244 1291 1300 qnam
1310 1233 1415 1300 partem
1435 1230 1594 1288 hereditatis
1612 1236 1662 1288 aut
1679 1232 1829 1287 amittere²
1849 1229 1933 1286 uelim
1951 1233 1995 1284 ant

445 1345 449 1352 =
550 1320 698 1375 uindicare.

495 1411 533 1468 77
605 1409 776 1465 rossontus
800 1405 869 1462 libro
893 1409 993 1462 ostano
1015 1405 1051 1462 ad
1075 1406 1205 1472 Quintum
1224 1407 1351 1462 Mucium.
1387 1407 1458 1463 illud
1482 1407 1601 1464 dubitari
1623 1414 1730 1479 potest,
1753 1425 1801 1480 an,
1820 1404 2031 1493 WB

551 1499 583 1568 si,
602 1499 682 1553 enin⁸
700 1501 867 1552 testamento
886 1495 965 1551 heres
983 1495 1125 1550 institutus
1142 1511 1232 1550 essem
1251 1495 1287 1551 ab
1305 1511 1351 1566 eo,
1370 1497 1418 1566 qut
1435 1498 1543 1552 etiamsi
1560 1499 1708 1554 intestatus
1726 1498 1917 1566 deerrasset,
1934 1499 1994 1568 legi·

550 1585 773 1642 timahereditas
792 1583 906 1640 eiusad
925 1599 969 1639 me
993 1585 1153 1655 pertineret,
1178 1601 1214 1639 an
1237 1585 1317 1640 simul
1340 1591 1485 1656 utramque
1507 1587 1686 1642 hereditatem
1709 1587 1861 1658 repudians
1886 1588 1995 1657 possin,
2012 1598 2033 1638 rr

551 1676 678 1746 quoniam
698 1679 844 1744 antequam
864 1689 899 1730 er
916 1679 1082 1730 testamento
1101 1673 1281 1729 hereditatem
1293 1675 1468 1745 repudiarim,
1486 1676 1610 1745 legitima
1624 1675 1745 1732 nondum
1760 1676 1798 1732 ad
1811 1691 1858 1731 me
1871 1675 1995 1746 pertinet

551 1779 646 1820 uerum
665 1763 761 1818 eodem
780 1765 921 1818 momento
938 1763 1082 1832 intellegor
1100 1769 1128 1818 et
1146 1777 1181 1818 ex
1198 1768 1365 1820 testamento
1383 1769 1412 1820 et
1429 1765 1577 1834 legitimam
1596 1765 1750 1836 repudiare,
1770 1766 1872 1834 aienti,
1891 1766 1916 1818 si
1933 1765 1995 1834 legi·

550 1855 646 1910 tiniam
665 1853 746 1908 uelim
766 1852 802 1906 ad
820 1867 864 1907 ιιι
881 1852 1026 1922 pertinere,
1046 1867 1107 1908 enm
1127 1853 1212 1908 salam
1231 1855 1398 1908 testamento
1416 1852 1481 1908 mihi
1493 1853 1624 1924 relietum,
1643 1854 1760 1910 uidebor
1773 1859 1840 1909 ante
1854 1853 1995 1924 repudiare

551 1943 764 1998 testamentum⁴
783 1942 868 1996 etita
886 1942 1035 2011 legitimam
1054 1940 1216 2010 adquisisse.
2010 1954 2032 1994 ιι

495 2032 533 2092 78
604 2031 682 2086 Ιιιιιι
704 2029 773 2086 libro
798 2031 940 2099 trigesimo
962 2030 1058 2099 quinto
1085 2029 1121 2084 ad
1145 2028 1274 2094 Quintum
1298 2030 1426 2086 idatium.
1468 2031 1529 2086 Duo
1553 2030 1652 2086 iratres
1674 2030 1795 2102 inerant,
1818 2026 2031 2116 Qud
2113 2101 2115 2108 γ

552 2119 625 2176 bona
643 2119 800 2175 eommunia
816 2118 983 2174 habuerant:
1007 2133 1102 2173 eorum
1121 2119 1189 2172 alter
1207 2118 1338 2174 intestato
1361 2125 1485 2174 mortuus
1504 2135 1584 2175 suum
1609 2119 1737 2175 heredem
1757 2135 1815 2178 non
1834 2123 1994 2192 reliquerat:

552 2207 636 2263 irater
654 2209 701 2278 qui
718 2211 862 2278 supererat
880 2207 991 2264 nolebat
1008 2208 1034 2261 ei
1046 2206 1125 2262 heres
1137 2221 1212 2262 esse:
1231 2206 1399 2278 eonsulebat,
1418 2225 1483 2264 num
1496 2208 1605 2264 obeam
1618 2223 1684 2276 rem,
1703 2209 1781 2280 quod
1794 2209 1993 2278 eommunrbus,

552 2313 614 2353 eum
633 2297 716 2352 seiret
733 2311 795 2352 eum
815 2301 952 2351 munuum
969 2309 1039 2366 esse,
1058 2309 1126 2352 usus
1143 2299 1230 2365 esset,
1249 2295 1392 2352 hereditati
1411 2311 1442 2352 se
1459 2297 1607 2367 alligasset
1635 2299 1788 2368 respondit,
1807 2300 1864 2354 nisi
1883 2314 1917 2354 eo
1935 2313 1994 2354 eon·

552 2387 613 2442 silio
631 2401 698 2442 neus
716 2390 799 2456 esset,
819 2385 893 2455 qnod
911 2385 995 2440 uellet
1012 2399 1042 2440 se
1060 2383 1187 2440 heredem
1207 2399 1277 2454 ease,
1295 2400 1351 2440 non
1368 2385 1510 2456 adstringi.
1537 2386 1631 2457 itaque
1649 2401 1750 2442 eauere
1769 2387 1871 2457 debet,
1891 2403 1927 2442 ne
1944 2403 1995 2458 qua
2110 2433 2111 2438 ,

552 2476 580 2532 in
598 2491 629 2531 re
646 2476 708 2546 plus
726 2489 779 2530 sua
795 2479 873 2545 parte
892 2473 1105 2530 dominationem
1123 2473 1317 2544 interponeret.
2009 2489 2031 2529 ιι

496 2565 534 2624 79
607 2564 757 2620 Unersuus
774 2557 843 2618 libro
861 2561 982 2618 seeundo
1001 2561 1035 2617 ad
1054 2562 1142 2632 legem
1161 2563 1258 2618 lulianr
1277 2565 1305 2617 et
1321 2563 1443 2633 Papiam.
1479 2563 1584 2634 Plaoet,
1603 2564 1731 2634 quotiens
1752 2565 1799 2620 ad·
1820 2560 2030 2649 ΜΕ

553 2654 669 2724 quiritur
686 2667 735 2723 per
753 2653 870 2723 aliquem
888 2649 1026 2706 heredites
1045 2651 1088 2706 uel
1106 2651 1173 2721 quid
1191 2651 1265 2706 allud
1284 2651 1309 2707 el
1328 2652 1405 2708 euius
1423 2652 1486 2722 quis
1503 2652 1531 2706 in
1549 2655 1687 2721 potestate
1705 2659 1762 2724 est,
1782 2653 1932 2710 confestim
1950 2656 1994 2710 ad·

553 2743 624 2812 quiri
642 2744 668 2798 el
686 2743 764 2798 euius
782 2747 826 2797 est
842 2741 870 2795 in
888 2745 1035 2811 potestate,
1054 2754 1143 2810 neque
1162 2747 1301 2796 momente
1320 2741 1410 2810 aliquo
1428 2739 1577 2796 subsistere
1589 2741 1617 2796 in
1632 2757 1753 2812 persona
1766 2743 1829 2798 eius
1848 2759 1900 2813 per
1916 2759 1994 2814 quern

554 2831 706 2902 adquiritur
723 2837 753 2886 et
769 2831 810 2886 sle
826 2829 934 2899 adquiri
952 2829 977 2884 el
995 2829 1040 2884 oui
1058 2829 1217 2898 adquiritur.
2009 2845 2032 2886 ιι

496 2921 537 2980 80
607 2921 726 2976 Prunus
742 2919 812 2974 libro
829 2919 924 2989 quinto
943 2917 979 2973 sd
996 2917 1085 2986 legem
1103 2917 1209 2972 lullam.
1239 2915 1269 2973 Si
1288 2918 1362 2973 solus
1380 2917 1460 2973 heres
1478 2933 1512 2973 ex
1530 2917 1654 2988 pluribus
1671 2919 1799 2990 partibus
1819 2915 2030 3006 ΜΒ

554 3007 631 3064 luero
648 3009 802 3078 institutus,
826 3023 909 3062 uuam
927 3011 1033 3077 partem
1052 3006 1178 3062 omittere
1200 3021 1256 3062 non
1272 3021 1385 3076 possum
1408 3019 1460 3062 nee
1482 3007 1608 3078 interest,
1632 3009 1661 3063 in
1685 3008 1857 3079 quibusdam
1881 3009 1993 3066 habeam

522 3109 535 3154 1
554 3097 732 3153 substitutum
750 3111 802 3152 nee
819 3111 863 3151 ne.
893 3095 970 3151 Idem
988 3099 1055 3166 puto
1074 3093 1165 3166 etiam,
1184 3096 1207 3150 si
1225 3095 1286 3150 aliis
1304 3095 1406 3150 mixtus
1423 3095 1569 3151 heredibus
1587 3111 1622 3152 ex
1638 3097 1764 3167 pluribus
1775 3099 1907 3169 partibus
1918 3100 1994 3155 heres

553 3187 695 3242 institutus
713 3186 778 3256 sim,
802 3185 876 3255 quod
900 3189 928 3239 et
950 3183 994 3238 hie
1016 3182 1143 3238 adeurmo
1162 3199 1249 3239 unam
1273 3183 1425 3254 portionem
1449 3199 1542 3240 omues
1565 3186 1694 3257 adquiro,
1718 3189 1743 3242 si
1767 3193 1867 3243 ιιιιιιιι
1889 3188 1994 3243 deleme

521 3275 617 3332 tsint.
655 3275 724 3329 item
743 3275 766 3329 si
785 3289 882 3329 seruus
900 3287 979 3328 meus
997 3287 1031 3327 er
1049 3277 1128 3344 parte
1151 3271 1231 3328 heres
1253 3273 1395 3329 lnstltutus
1419 3274 1456 3328 sit
1477 3287 1559 3344 pure,
1583 3288 1618 3328 er
1642 3279 1721 3343 parte
1745 3275 1799 3330 sub
1825 3277 1993 3346 eondieione,

554 3364 620 3419 dato
638 3365 742 3419 soilinet
760 3362 906 3432 eoherede,
930 3367 959 3416 et
976 3361 1053 3416 iussu
1071 3375 1133 3416 meo
1151 3361 1262 3432 adierit,
1286 3361 1384 3417 deinde
1407 3377 1441 3417 eo
1464 3363 1632 3418 manumisso
1654 3363 1781 3420 eondleio
1800 3365 1918 3420 alterius
1936 3381 1994 3436 por·
2008 3378 2031 3421 ιι

553 3453 636 3508 tionis
654 3453 797 3523 exstiterit,
816 3453 908 3508 uerius
927 3457 1042 3506 estnon
1062 3447 1126 3506 mihi
1145 3465 1206 3505 esse
1224 3449 1389 3520 adquisitam
1408 3451 1480 3506 illam
1498 3451 1661 3521 portionem,
1680 3452 1730 3507 ssd
1747 3453 1843 3523 ipsum
1860 3455 1994 3510 eomitan':

554 3543 646 3596 omnia
664 3543 735 3596 enim
754 3542 832 3611 paria
848 3555 1008 3611 permanere
1027 3539 1129 3595 debent
1146 3540 1173 3594 in
1191 3539 1220 3594 ld
1238 3546 1360 3611 tempus,
1379 3555 1434 3611 quo
1452 3541 1563 3595 alterius
1581 3540 1713 3610 portionis
1732 3542 1863 3598 eondieio
1880 3546 1993 3612 exstem,

522 3643 536 3685 ι
555 3635 587 3684 ιι
604 3631 763 3700 adquiratur
781 3631 814 3699 ei,
833 3630 878 3684 sui
895 3629 969 3698 prior
986 3630 1075 3697 portio
1094 3629 1232 3698 adquisita
1248 3635 1299 3684 est.
1327 3629 1387 3699 Ego
1406 3629 1516 3699 quidem
1533 3635 1602 3699 puto
1616 3631 1681 3684 etsi
1698 3629 1792 3686 adhue
1811 3631 1841 3685 in
1859 3637 1994 3702 potestate

555 3719 604 3788 sit,
622 3719 720 3774 iterum
740 3715 895 3772 adeundum
914 3731 989 3787 esse,
1009 3718 1033 3772 si
1051 3717 1174 3774 eondioio
1193 3719 1341 3788 exstiterit,
1365 3723 1394 3772 et
1411 3717 1476 3774 illud
1494 3719 1568 3789 quod
1587 3717 1702 3773 disimus
1721 3719 1810 3774 semel
1829 3719 1993 3790 meandum,

555 3807 583 3862 in
601 3808 724 3863 eiusdem
742 3821 860 3878 persona
878 3805 967 3861 loenm
986 3805 1077 3877 habet,
1096 3823 1150 3862 non
1169 3821 1231 3860 sum
1250 3821 1300 3876 per
1316 3807 1398 3862 alium
1417 3807 1587 3878 adquirenda
1605 3813 1648 3862 est
1664 3807 1816 3863 hereditas.
2009 3823 2032 3862 ιι

497 3896 535 3954 81
608 3897 760 3952 Unrrsrue
778 3896 846 3952 libro
864 3895 945 3950 tertio
964 3894 1070 3950 deoimo
1089 3893 1124 3950 sd
1142 3895 1231 3964 legem
1249 3895 1346 3950 Iuliam
1364 3899 1394 3950 et
1408 3897 1528 3967 Papiam.
1556 3896 1671 3952 Totiens
1689 3896 1803 3952 uidetur
1821 3892 2030 3983 ΜΕ

554 3985 634 4040 heres
651 3986 793 4040 institutus
813 3989 823 4057 Ι]
843 3983 925 4039 etiam
945 3983 972 4038 in
991 3999 1075 4039 aarum
1092 3983 1295 4039 substitutionis
1313 3983 1413 4054 adisse,
1432 3985 1558 4054 quotiens
1576 3983 1720 4054 adquirere
1738 3984 1793 4040 sibi
1811 3990 1917 4057 possit:
1935 4005 1994 4044 nam
2008 3995 2058 4044 litt

555 4075 578 4129 si
596 4080 720 4129 mortuus
739 4078 821 4143 esset,
841 4073 876 4128 ad
895 4073 1023 4128 heredem
1041 4087 1095 4129 non
1113 4071 1274 4128 hansierret
1290 4071 1522 4128 substitutionem.

498 4161 536 4221 et
607 4163 781 4218 Taurumue
799 4161 939 4218 Οιιιιιιιι
963 4159 1031 4218 libro
1055 4166 1134 4218 serto
1156 4160 1264 4218 deamo
1286 4162 1323 4217 ad
1340 4163 1429 4232 legem
1447 4162 1543 4216 Iuliam
1562 4167 1591 4217 et
1608 4163 1732 4233 Papiam.
1768 4163 1802 4220 Si
1821 4161 2030 4249 ᾔῖιΓιμιιι

555 4267 651 4308 sensus
669 4253 729 4308 eius
747 4253 793 4322 qni
811 4265 910 4322 sapere
928 4267 983 4306 non
1000 4255 1093 4321 potest
1110 4249 1189 4306 heres
1206 4251 1366 4306 instituatur
1383 4255 1412 4304 et
1430 4253 1577 4321 antequam
1597 4251 1674 4307 iussu
1692 4251 1802 4308 domini
1820 4239 1995 4310 adeffh‘effi
2009 4267 2031 4308 ιι

555 4350 599 4417 F(
604 4349 674 4414 WD,
693 4359 738 4421 qai
756 4357 846 4421 incipit
863 4350 919 4404 ιι4
936 4367 991 4403 uer.
1004 4347 1206 4418 substitutione,
1226 4347 1334 4416 le'lti)

555 4475 725 4542 ¹perempta
744 4482 791 4526 ιιι.
862 4472 1018 4527 ’omittere
1035 4470 1136 4536 (edati
1208 4471 1299 4526 'eum
1317 4473 1364 4526 dei.
1436 4473 1500 4526 ‘ex
1517 4472 1704 4528 testamento?
1778 4476 1935 4531 Βιιιίιιιιῖ

555 4565 980 4572 *ww-*—

552 4603 732 4672 dorileum
758 4605 793 4656 F·
815 4605 820 4672 Ι
840 4609 900 4658 erat
921 4605 958 4657 F·
978 4605 984 4670 1
1004 4601 1186 4658 snbstiotioue
1209 4603 1246 4655 F·
1298 4605 1332 4658 tr
1356 4607 1495 4674 potestate
1517 4609 1580 4658 *est
1602 4605 1639 4657 i*
1701 4607 1739 4661 88
1761 4607 1919 4665 substitere
1943 4606 1999 4662 FW

553 4675 758 4729 bertstitisset
771 4673 808 4727 Ρ
852 4677 1030 4730 6*s⁴ertan*s⁴
1044 4677 1099 4744 ΡΙ
1116 4673 1214 4730 adierit
1227 4675 1252 4727 F
1299 4675 1753 4780 80ἱιιΙίιιιιηιίιΙιιιιιιιιιιιιιιιιιι’ι
1782 4681 1821 4734 32
1834 4681 1996 4750 mixtusli‘,

554 4743 847 4815 iinstitrutioue‘prius'
857 4759 920 4800 eum
933 4745 966 4797 F*
977 4747 982 4812 1
993 4745 1199 4802 aditio'ne'suff.
1209 4743 1246 4797 Fl
1300 4745 1392 4800 mixtis
1405 4745 1440 4799 Γ*
1459 4746 1627 4813 WDQEIC:
1647 4748 1695 4802 aia
1711 4749 1746 4801 ari
1760 4750 1851 4806 adeor
1864 4751 1962 4826 irpieu
1974 4751 1997 4804 Β

553 4815 867 4871 Seondleionsml'lW
899 4817 1097 4871 tomiserltil
1135 4817 1168 4872 10
1180 4816 1246 4870 *h⁴a·
1299 4816 1488 4871 dssomnemll'
1517 4819 1767 4874 terremtatem
1798 4821 1997 4879 erexeram

553 4885 660 4940 bitures
679 4888 716 4939 F’
762 4887 1023 4942 illustrarunt·
1069 4889 1103 4941 16
1121 4885 1246 4957 repudia·
1299 4887 1335 4940 38
1372 4887 1471 4942 uadem
1491 4887 1527 4939 F¹
1569 4890 1605 4943 39
1623 4891 1783 4947 exstiterit
1803 4895 1844 4946 F’
1885 4897 1924 4951 43
1940 4891 1997 4961 non]

554 4958 658 5012 bre⁴rim
672 4959 708 5011 F’
749 4957 785 5013 24
797 4957 870 5028 quod
882 4958 965 5012 uellet
977 4957 1064 5012 hisF¹
1080 4959 1085 5024 Ι
1101 4957 1199 5014 oabere
1209 4958 1246 5011 F¹
1300 4957 1349 5011 FD
1389 4959 1435 5024 10,
1454 4975 1503 5012 ιιι.
1516 4957 1590 5014 WB·
