3608 5302
832 171 919 239 xul

150 347 246 401 reliam
265 347 490 416 bletellnmque1.
518 351 611 402 nostra
629 346 711 402 hodie
730 349 846 402 maxime
864 349 978 404 interest
996 347 1150 417 exemplum
1170 346 1243 416 quod
1261 344 1327 401 fecit
1345 346 1517 416 Augustinus
1535 344 1591 401 folii

150 453 222 508 illius
246 454 304 508 iam
328 453 473 523 deperditi.
504 452 531 508 id
555 453 644 508 lucem
667 453 738 508 uidit
759 455 891 524 primum,
913 469 948 510 ex
965 454 1067 510 Metelli
1089 453 1186 524 opinor
1204 451 1313 508 schedis
1334 452 1539 524 depromptum,
1563 452 1592 506 ia

151 559 273 614 editione
292 559 396 630 digesti
414 561 515 615 ueteris
533 561 666 630 impressa
683 560 811 630 Lugduni
829 577 858 616 a.
869 561 938 616 1552
956 560 1031 632 apud
1046 561 1191 631 Hugenem
1210 560 1347 630 cl’orta’,
1367 559 1465 616 deinde
1483 560 1511 614 in
1528 575 1592 614 con·

152 667 329 722 stitutionum
348 666 514 722 Graecarum
537 666 640 722 codicis
663 667 806 722 iustiniani
830 668 894 738 imp.
914 668 1073 724 collectione
1096 667 1131 723 ab
1152 668 1213 738 ipso
1231 667 1388 736 Augustino
1406 666 1508 738 publici
1526 666 1592 722 iuris

151 771 229 828 taeta
245 773 354 828 Ilerdae
372 789 398 827 a.
413 775 507 829 15671.
535 775 665 844 scriptum
684 776 848 846 exemplum,
867 775 940 844 quod
959 775 1132 846 Augustinus
1151 776 1179 832 in
1198 775 1291 830 codice
1310 790 1361 829 suo
1376 773 1481 830 Graeco
1500 791 1526 828 n.
1541 775 1593 828 170

154 882 194 944 (u.
206 879 358 950 Augustini
375 882 468 951 oppl
487 899 514 950 p.
527 881 572 946 54)
590 881 716 950 posuisse
735 881 851 952 uidetur,
871 899 936 938 num
955 883 1044 938 adhuc
1062 883 1190 953 supersit,
1208 883 1313 952 ignoro.

209 987 319 1042 Laelius
337 987 518 1042 Taununuus
536 988 669 1042 Fanensis
688 989 890 1057 (1489-1569)
908 1005 970 1046 cum
989 989 1098 1044 hortatu
1116 988 1274 1060 Augustini,
1292 988 1369 1044 iussu
1388 986 1480 1043 Cosmi
1496 988 1518 1042 1.
1537 987 1592 1042 hie·
1611 987 1727 1034 taurellus

153 1092 225 1148 dieis
242 1100 307 1164 post
325 1093 476 1149 decennem
494 1093 614 1150 laborem
633 1095 822 1164 triplicemque
840 1096 961 1152 uniuersi
979 1097 1071 1167 operis
1093 1097 1305 1166 recognitionem
1323 1095 1427 1164 primns
1446 1093 1482 1148 ad
1500 1092 1592 1148 arche·

153 1201 217 1270 typi
235 1199 317 1255 fidem
335 1201 452 1270 Digesta
468 1200 555 1256 edidit
573 1200 625 1256 sub
643 1202 752 1257 nomine
771 1202 909 1258 Francisui
927 1202 974 1258 tilii
992 1203 1147 1259 Florentiae
1165 1204 1297 1272 a.1553⁴,
1316 1207 1478 1272 perpetuum
1497 1200 1593 1256 horum

154 1307 309 1362 studiorum
336 1307 545 1364 fundamentum
568 1309 662 1379 posuit
686 1309 931 1366 commendandum
955 1326 1010 1366 non
1035 1314 1093 1368 tam
1120 1314 1233 1381 propter
1256 1309 1416 1364 eruditionis
1441 1313 1469 1362 et
1491 1307 1594 1376 ingenii

154 1413 267 1470 laudem
291 1429 373 1484 quam
396 1421 508 1486 propter
532 1417 628 1470 merita
650 1432 704 1471 non
728 1417 832 1472 minora
856 1423 885 1472 et
906 1418 987 1487 longe
1011 1417 1114 1472 rariora
1137 1415 1202 1471 fidei
1225 1415 1383 1485 diligentiae
1401 1415 1592 1484 simplicitatis.

153 1521 263 1592 primm
280 1522 352 1576 enim
371 1521 530 1592 uolgaribus
547 1522 623 1578 libris
641 1524 681 1578 ita
697 1524 815 1594 reiectis,
834 1529 865 1580 ut
881 1524 1050 1594 paucissima
1061 1527 1166 1578 tantum
1180 1539 1231 1577 neo
1243 1520 1299 1577 fere
1312 1521 1364 1576 nisi
1376 1521 1479 1576 monito
1491 1521 1593 1576 lectore

155 1627 223 1683 iude
241 1628 434 1700 retinerentur,
458 1629 567 1698 digesta
584 1631 612 1685 in
630 1629 770 1702 omnibus,
795 1631 877 1686 edam
899 1629 1127 1702 orthographicis,
1152 1629 1188 1685 ad
1205 1629 1391 1685 Florentinum
1410 1628 1532 1684 codicem
1551 1641 1593 1682 re·

213 1915 222 1949 ¹
242 1915 344 1966 Antonii
362 1915 498 1980 Augustini
516 1915 637 1981 epistolae
655 1932 721 1966 nunc
744 1917 850 1982 primum
868 1917 952 1968 editae
970 1935 985 1968 a
1003 1917 1098 1968 loanne
1113 1915 1246 1967 Androsia.
1273 1915 1379 1966 Parmae
1400 1915 1475 1966 1804.
1495 1915 1519 1966 8.
1538 1931 1594 1966 eum

155 2003 231 2070 ipsae
257 2003 381 2070 epistulae
409 2003 543 2070 Augustini
570 2005 603 2055 ad
630 2004 742 2056 Laelium
770 2005 912 2056 Taurellum
937 2009 976 2073 (p.
992 2005 1151 2070 los-152)
1179 2013 1205 2055 et
1228 2003 1338 2054 'taurelli
1365 2003 1398 2055 ad
1425 2004 1594 2068 Angustinnm

156 2095 196 2157 (p.
210 2093 371 2157 leo-212)
390 2103 416 2143 et
433 2093 563 2144 Metellum
580 2096 616 2159 (p.
629 2094 789 2160 tlt-217),
808 2095 868 2145 item
885 2095 982 2145 Metelli
1000 2095 1033 2146 ad
1049 2095 1217 2160 Augustinum
1236 2095 1272 2159 (p.
1288 2091 1445 2156 153-189)
1463 2101 1516 2141 tum
1534 2109 1592 2142 eru·

155 2181 212 2231 dita
231 2181 332 2232 editoris
351 2181 474 2248 praefatio
492 2181 596 2232 multum
612 2183 745 2234 conserunt
767 2183 801 2233 ad
825 2184 909 2235 studia
925 2185 986 2236 iuris
1004 2185 1058 2235 eius
1080 2184 1170 2236 aetatis
1188 2183 1344 2234 illustranda.
1455 2181 1467 2214 ²
1490 2181 1520 2231 Ιιι
1538 2181 1593 2246 ipso

156 2269 243 2320 indice
260 2271 296 2322 sic
314 2281 366 2321 est:
386 2268 528 2322 ‘adiecimus
546 2272 604 2322 huic
622 2272 726 2324 editioni
739 2273 862 2324 Graecam
874 2273 1029 2325 sanctionem
1041 2291 1057 2324 a
1069 2271 1152 2324 multis
1166 2281 1224 2324 ante
1242 2272 1314 2324 annia
1332 2289 1383 2322 uon
1396 2269 1476 2321 uisam
1494 2287 1594 2335 unaque

157 2359 208 2411 'Fa
226 2360 362 2411 Hotomani
385 2360 616 2427 interpretationem
640 2359 771 2412 Latinam'.
805 2363 831 2412 in
859 2363 1016 2428 praefatione
1039 2363 1120 2414 editor
1144 2363 1229 2413 scribit
1252 2359 1339 2414 'totum
1361 2360 1420 2411 iuris
1444 2359 1594 2426 prudentiae

157 2447 257 2515 ‘corpus
276 2467 333 2499 cnm
354 2449 491 2515 archetypo
510 2449 654 2502 Florentino
673 2451 857 2502 accuratissime
880 2451 997 2502 collatum
1021 2449 1094 2502 esse’.
1204 2451 1370 2502 ⁸Praeterea
1388 2449 1544 2514 Augustinus
1568 2447 1594 2498 in

157 2539 260 2590 emend.
277 2537 322 2589 l.l
344 2538 396 2588 e.3
415 2538 451 2588 sio
469 2539 515 2588 ait:
541 2537 676 2590 ‘sciendum
694 2549 733 2590 est
751 2541 856 2606 primam
874 2551 972 2606 partem
991 2541 1105 2592 Graecae
1123 2541 1305 2592 constitutionis
1326 2540 1360 2590 ita
1378 2537 1510 2588 contritam
1529 2553 1593 2598 esse,

158 2625 195 2676 'nt
212 2645 263 2678 non
281 2626 360 2677 multa
379 2627 457 2677 uerba
474 2626 525 2692 legi
543 2627 647 2693 possint.
674 2629 708 2678 ad
726 2647 800 2694 quem
817 2629 952 2694 legendam
970 2646 1025 2680 cum
1044 2639 1070 2680 et
1088 2629 1147 2680 solis
1166 2629 1325 2695 splendorem
1346 2637 1371 2678 et
1389 2627 1521 2676 maximam
1539 2625 1594 2676 aliis

157 2715 248 2766 'modis
272 2716 428 2782 diligentiam
450 2733 498 2782 ego
522 2725 548 2768 et
565 2717 601 2769 Io.
614 2717 731 2768 Metellus
755 2717 967 2780 adhibuissemus,
990 2720 1082 2770 bonam
1106 2718 1160 2770 eius
1183 2727 1281 2784 partem
1304 2713 1496 2781 descripsimus'.
1524 2715 1595 2766 addit

156 2805 275 2857 attulisse
298 2823 326 2856 se
348 2806 382 2856 ad
405 2806 581 2856 conserendam
605 2824 661 2857 eam
684 2806 776 2858 Alciati
799 2807 939 2873 exemplum
963 2825 994 2858 cx
1016 2807 1136 2858 Politiaui
1158 2823 1317 2872 expressum,
1343 2804 1487 2856 adhibuisse
1511 2813 1595 2854 autem

156 2895 236 2946 etiam
263 2895 342 2960 ipsius
368 2893 499 2956 Politiani,
531 2895 627 2946 scilicet
653 2896 769 2948 uolumen
797 2897 846 2948 iam
872 2904 997 2948 seruatum
1024 2897 1050 2946 in
1077 2895 1229 2947 bibliotheca
1256 2895 1424 2947 Laurentisne
1452 2893 1593 2944 Gaddiana.

155 2983 329 3035 conferendae
346 2983 407 3033 item
425 2983 547 3049 epistulae
566 2984 701 3051 Augustini
725 2986 758 3035 ad
776 2985 919 3038 Taurellum
943 2985 1010 3052 apud
1030 2985 1180 3035 Andresinm
1199 3002 1224 3051 p.
1239 2986 1289 3036 150
1307 2994 1332 3035 et
1351 2984 1384 3035 ad
1402 2983 1516 3033 Ruicium
1535 3001 1593 3048 opp.

156 3073 183 3136 7,
206 3073 271 3134 115,
295 3072 403 3138 denique
426 3071 572 3138 Mayansius
597 3074 624 3123 in
648 3074 700 3124 uita
722 3075 857 3140 Augustini
880 3093 939 3140 opp.
959 3075 975 3124 2
994 3092 1019 3140 p.
1033 3073 1114 3125 XVII.
1226 3073 1238 3107 ⁴
1261 3073 1298 3123 Ex
1322 3072 1402 3124 Laelii
1425 3072 1534 3123 Taurelli
1562 3072 1595 3123 ad

155 3161 299 3246 Antonir'r
325 3161 493 3228 Augustinum
520 3161 633 3227 epistulis
660 3163 692 3212 ab
719 3163 844 3214 Androsio
872 3164 947 3214 editis
974 3165 1013 3228 (n.
1032 3181 1056 3214 n.
1073 3165 1102 3227 l>
1130 3162 1193 3212 haee
1220 3163 1333 3226 excerpsi
1359 3179 1410 3213 non
1437 3163 1497 3212 satia
1525 3171 1593 3213 nota.
1697 3169 1699 3176 ⁴

155 3251 292 3303 'faurellns
310 3251 343 3301 ad
361 3251 529 3317 Augustinum
547 3251 581 3301 IV
602 3251 627 3301 k.
648 3251 702 3302 Oet.
719 3252 785 3303 1543
804 3253 840 3318 (p.
855 3253 929 3318 198):
949 3250 1018 3302 ‘Mihi
1041 3251 1196 3317 propesitum
1219 3259 1274 3300 arat
1295 3267 1346 3301 non
1370 3251 1448 3302 solnm
1472 3251 1551 3301 uerba
1568 3259 1595 3302 et

156 3339 254 3392 'eorum
272 3350 428 3402 contextum,
447 3339 493 3391 sed
511 3347 537 3390 et
555 3339 693 3391 litterarum
712 3340 830 3406 figuram,
855 3342 996 3406 ubicunque
1014 3357 1060 3407 per
1078 3339 1248 3407 apertissimos
1267 3357 1363 3391 errores
1382 3357 1432 3391 non
1450 3340 1593 3406 impedirer,

155 3427 359 3494 'repraesentare
435 3447 588 3495 recognosco
612 3429 661 3478 iam
683 3429 757 3481 tertio
782 3431 935 3496 digestorum
957 3431 1034 3480 libros
1058 3429 1191 3480 Franciseo
1215 3429 1266 3480 filio
1292 3447 1321 3479 or
1341 3429 1485 3481 Florentino
1508 3429 1594 3480 codice

155 3516 304 3578 'recitmm
327 3535 367 3569 me
389 3535 449 3570 uero
468 3518 490 3568 si
508 3536 557 3583 qua
574 3518 643 3583 prius
667 3517 792 3584 fugissent
815 3516 969 3585 reponente’.
988 3549 1021 3556 —
1040 3517 1197 3583 Augustinus
1221 3518 1254 3568 ad
1271 3517 1384 3568 Laelium
1402 3517 1465 3567 xlll
1483 3518 1508 3568 Ιι.
1528 3518 1593 3569 Nou.

156 3606 251 3675 [1543]
271 3608 395 3672 (p.145):
416 3605 556 3658 Molestum
579 3607 627 3658 fnit
651 3608 717 3673 quod
740 3609 773 3658 de
797 3609 950 3660 retardanda
973 3608 1155 3674 pandectarum
1177 3607 1287 3658 editions
1311 3607 1398 3656 scribis
1477 3607 1544 3672 quod
1562 3607 1595 3658 ad

154 3693 274 3746 'similem
292 3695 439 3763 scripturam
457 3697 574 3762 pertinet,
592 3696 651 3747 uide
669 3713 702 3746 ne
720 3697 769 3746 ista
787 3715 827 3748 res
846 3698 955 3748 emnium
972 3697 1129 3748 librariorum
1147 3697 1230 3747 studia
1248 3695 1356 3761 frangat.
1383 3695 1517 3745 multorom
1529 3697 1595 3746 enim

154 3783 319 3850 ‘sumptuum
337 3785 499 3837 marianorum
517 3785 652 3848 artificum,
672 3786 761 3836 summi
778 3785 870 3837 laboris
890 3797 915 3837 et
932 3786 1017 3838 nescio
1036 3803 1109 3852 quam
1128 3785 1272 3846 necessarii,
1290 3783 1389 3834 minime
1409 3785 1509 3849 quidem
1528 3793 1594 3834 certe

154 3872 301 3926 ‘uendrbilia
319 3885 359 3926 est
376 3883 402 3925 et
420 3875 488 3940 qnod
505 3874 578 3925 t'aoile
597 3891 655 3941 apes
673 3885 772 3926 nostras
791 3876 905 3926 frustrari
923 3876 1010 3942 possit.
1040 3876 1066 3926 id
1085 3893 1145 3926 nero
1163 3885 1191 3925 ut
1210 3873 1320 3925 obscuris
1340 3873 1470 3938 dubiisque
1489 3873 1550 3925 locis
1569 3883 1595 3924 et

154 3961 263 4014 ‘mucia
280 3963 336 4024 liat,
360 3981 464 4024 censeo,
489 3965 535 4015 aba
553 3972 578 4014 te
597 3972 680 4014 autem
704 3963 810 4015 lectores
833 3963 1028 4024 admoneantur,
1054 3963 1143 4030 quibus
1165 3963 1254 4014 littoris
1279 3980 1376 4028 quoque
1394 3963 1468 4014 modo
1487 3964 1594 4028 scriptus

155 4051 236 4104 ‘totus
255 4051 302 4103 iste
319 4052 383 4103 liber
400 4053 440 4104 sit.
467 4053 554 4103 addita
571 4051 654 4104 omnia
672 4061 698 4102 et
715 4053 846 4102 immutata
864 4053 952 4102 iisdem
971 4052 1099 4103 obelorum
1117 4061 1143 4102 et
1161 4052 1285 4117 diplarum
1303 4061 1329 4102 et
1340 4052 1469 4103 liturarum
1487 4053 1553 4102 notis
1573 4053 1595 4102 si

156 4141 285 4192 'uideatur
302 4141 465 4208 exprimenda
482 4151 552 4192 sunt:
577 4158 667 4192 manca
685 4159 744 4192 uero
763 4142 817 4192 loca
836 4157 901 4206 quae
920 4141 972 4191 siue
991 4155 1014 4190 (e
1033 4141 1117 4192 littera
1135 4141 1188 4191 siue
1207 4141 1288 4192 cerdis
1313 4141 1393 4207 figura
1416 4149 1503 4192 notata
1528 4149 1594 4202 sunt,

155 4229 229 4282 'item
247 4230 297 4282 alia
314 4249 378 4297 quae
396 4241 424 4282 tu
442 4231 515 4282 facile
533 4229 709 4296 deprehendes
733 4231 854 4280 similibus
878 4230 943 4280 notis
967 4239 995 4280 ut
1019 4231 1171 4290 scribantur,
1195 4227 1340 4295 perplacet'.
1361 4259 1391 4267 -·
1412 4230 1542 4281 Taurellus
1561 4230 1594 4280 ad

156 4320 330 4385 Augustianos
348 4319 410 4372 Xlll
421 4321 447 4371 lt.
460 4321 532 4386 Sept.
547 4320 614 4371 1546
633 4322 669 4386 (p.
682 4320 758 4385 208):
777 4318 969 4370 'Pandectarum
987 4318 1063 4369 editio
1082 4328 1215 4385 postquam
1232 4319 1350 4384 princeps
1369 4319 1428 4370 alibi
1447 4318 1593 4384 555111115-

157 4409 266 4461 'rentiae
283 4410 399 4474 negauit,
418 4409 479 4460 miro
498 4408 597 4460 silentio
615 4418 744 4459 transacta
761 4407 816 4460 est'.
839 4439 867 4447 —
892 4407 925 4458 K.
938 4409 1000 4473 Apr.
1015 4407 1081 4458 1547
1101 4409 1136 4474 (p.
1150 4407 1226 4472 211);
1245 4405 1401 4458 'Laurentius
1419 4406 1594 4472 typographus

155 4497 218 4550 'iam
237 4497 278 4549 hic
296 4497 395 4549 domum
413 4497 542 4558 conducit„
567 4498 741 4563 bombycinum
759 4499 871 4548 chartam
890 4506 973 4559 curat,
999 4505 1083 4548 cetera
1100 4496 1214 4558 molitur,
1238 4505 1266 4546 ut
1289 4513 1375 4546 mense
1393 4495 1461 4545 Maio
1480 4512 1535 4545 cum
1553 4495 1593 4545 fa-

154 4586 237 4640 ‘milia
255 4597 281 4638 et
298 4587 399 4638 officina
416 4584 553 4637 affuturus’.
578 4617 607 4624 -
632 4586 729 4636 Metelli
748 4587 921 4638 adnotat-iones
945 4586 971 4638 in
990 4585 1164 4636 Taurellianae
1188 4585 1303 4636 editionis
1327 4585 1466 4636 ternionem
1488 4584 1595 4650 primum

155 4677 244 4744 'quem
262 4673 429 4738 solum',·ait,
452 4673 556 4727 ‘tantum
578 4673 647 4736 uidi,
671 4693 725 4726 cum
744 4677 822 4742 ipsius
841 4674 951 4726 Taurelli
972 4675 999 4724 in
1021 4674 1134 4739 margine
1157 4673 1359 4738 replicationibus
1383 4691 1414 4724 ea
1433 4673 1518 4724 codiee
1536 4671 1594 4722 olim

153 4765 311 4832 Augustini,
334 4765 384 4816 iam
405 4764 572 4816 bibliothecae
597 4765 723 4816 Gisseusis
746 4783 771 4814 n.
785 4765 836 4814 946
859 4761 1041 4814 usus-372
1064 4763 1144 4814 edidit
1168 4763 1254 4814 Osann
1279 4763 1421 4828 (Pomponii
1444 4761 1476 4811 de
1498 4760 1594 4824 origine

150 4857 218 4911 iuris
244 4855 419 4921 fragmentum.
448 4855 539 4906 Gissaa
560 4853 636 4904 1848.
660 4853 685 4904 8.
704 4871 728 4920 p.
744 4853 829 4904 109--
842 4853 902 4918 121)
926 4860 952 4903 et
975 4869 1022 4920 ego
1046 4852 1131 4904 codiee
1154 4851 1298 4902 Berolinum
1321 4852 1396 4902 muso
1419 4851 1508 4901 iterum
1532 4864 1593 4896 exa-

147 4944 261 5002 minaui.

1341 5082 1361 5129 B
