3668 5356
158 227 202 274 nr
225 224 443 272 3333333313
835 198 922 280 587
1356 206 1595 304 1111133-34

102 367 140 426 29
211 363 290 418 13333
307 361 376 418 libro
393 362 489 432 quinto
506 377 706 432 responsorum
734 362 837 418 Paulus
854 361 996 432 respondit
1009 361 1165 430 generalem
1177 362 1287 432 qnuem
1299 378 1418 420 conuen-
1450 376 1524 431 333,
1533 377 1556 432 3,
1564 376 1594 424 33
1611 373 1639 429 Ρ

157 453 260 508 tionem
283 449 410 506 sufficere
433 450 470 506 33
490 450 684 520 obligationem
703 451 862 520 pignorum:
885 450 935 506 333
953 465 1000 518 33,
1024 465 1095 519 qnae
1114 466 1149 506 ea
1166 450 1246 508 bonis
1264 451 1387 508 defuncti
1404 468 1459 508 uon
1476 451 1594 522 suerunt,

159 539 209 594 sed
231 545 328 609 postea
351 539 386 594 ab
409 538 509 594 herede
533 540 593 594 eins
615 553 651 594 ex
673 540 728 594 alia
745 555 830 594 causa
849 539 987 608 adquisita
1005 543 1081 608 sunt,
1103 539 1236 596 uindicari
1254 555 1308 596 nou
1325 555 1407 611 posse
1426 557 1443 596 a
1460 541 1594 597 creditore

127 637 139 682 1
158 629 307 684 testatoris.
336 627 365 684 Si
383 629 520 699 mancipia
537 629 565 683 iu
583 643 694 684 oausam
712 629 834 698 pignoris
853 627 1024 697 cecideruut,
1043 642 1077 682 33
1095 642 1218 698 queque,
1237 643 1308 698 quae
1326 645 1360 684 ex
1379 629 1421 684 bis
1439 634 1594 700 natarunt,

159 717 256 774 eodem
280 718 338 772 iure
356 716 483 772 habenda
500 721 572 772 sunt.
605 717 680 786 quod
697 723 790 772 33333
808 717 926 774 diximus
945 716 1028 772 etiarn
1046 716 1168 785 adgnata
1185 718 1284 786 teneri,
1309 719 1369 774 siue
1385 719 1542 788 specialiter
1560 717 1595 774 de
1612 733 1626 775 3

159 805 202 861 bis
225 805 385 860 conuenerit
408 806 553 875 3133333,
578 806 618 860 ita
634 805 773 876 procedit,
797 806 821 860 ei
840 804 989 860 dominium
1007 819 1101 860 eorum
1120 805 1156 860 ad
1174 821 1236 860 enm
1255 807 1381 876 peruenit
1398 807 1446 876 qni
1463 807 1596 877 obligauit

127 903 141 948 3
159 895 204 950 331
222 893 350 948 heredem
369 894 441 948 eius:
460 899 580 949 ceterum
599 903 623 948 a·
641 894 716 964 apud
733 895 817 949 alium
835 893 975 948 domiuum
993 894 1157 964 pepererint,
1176 910 1230 950 nou
1242 899 1322 950 33333
1333 894 1463 963 obligata.
1491 895 1595 950 Domus

158 983 266 1053 pignori
290 982 356 1036 data
376 986 474 1037 exusta
492 987 535 1037 est
552 997 668 1052 eamque
686 997 776 1039 aream
797 983 864 1038 emit
880 982 982 1036 Lucius
1000 982 1091 1036 Titius
1110 987 1138 1036 et
1156 984 1305 1038 exstruxit:
1329 983 1481 1053 quaesitum
1500 988 1544 1038 est
1560 983 1595 1038 33

158 1071 217 1126 iure
235 1071 366 1139 pignoris.
401 1069 502 1126 Paulus
518 1071 661 1141 respondit
678 1071 800 1141 pignoris
817 1070 1034 1141 persecutionem
1052 1085 1229 1140 perseuerare
1247 1071 1354 1127 331333
1372 1071 1415 1126 133
1433 1072 1484 1126 soli
1501 1087 1595 1140 supen-

158 1158 247 1214 ficiem
272 1165 394 1214 secutam
413 1161 514 1230 uideri,
538 1159 567 1214 id
585 1163 629 1214 est
646 1175 707 1214 cum
726 1161 785 1216 1333
803 1160 938 1229 pignoris:
961 1158 1011 1214 sed
1029 1158 1173 1214 bonafide
1191 1175 1365 1230 possessores
1382 1176 1438 1216 non
1455 1161 1533 1216 aliter
1550 1175 1594 1215 co·
1614 1177 1642 1218 33

159 1247 265 1317 gendos
283 1248 463 1303 creditoribus
481 1247 634 1304 aedificium
648 1250 800 1318 restituere,
819 1251 917 1318 qnam¹
931 1252 1056 1318 sumptus
1069 1248 1097 1303 in
1109 1250 1293 1304 exstructione
1305 1253 1441 1318 erogatus,
1459 1252 1595 1318 quatenns

127 1336 304 1406 33333133133
326 1351 371 1392 333
393 1335 467 1392 iacta
489 1343 545 1407 333,
569 1338 730 1407 reciperent.
768 1337 797 1392 si
820 1338 923 1392 sciente
942 1342 971 1392 et
988 1338 1176 1392 consentiente
1194 1337 1305 1394 333133
1324 1353 1433 1406 seruus,
1456 1341 1488 1392 ut
1504 1337 1597 1392 omnia

159 1421 232 1480 bona
254 1424 357 1479 domini
380 1425 487 1494 pignori
510 1425 634 1495 obligate
655 1429 761 1496 essent,
785 1426 929 1494 conuenit,
950 1425 1041 1494 ipsum
1064 1441 1174 1496 quoque
1195 1426 1244 1496 qni
1267 1426 1342 1482 cauit
1364 1425 1516 1495 obligatum
1534 1439 1596 1480 esse

74 1585 75 1590 η
158 1512 280 1583 pignoris
296 1512 364 1568 iure.
1615 1532 1644 1572 ιι

102 1597 143 1656 30
212 1601 291 1654 13333
307 1599 376 1654 libro
395 1605 474 1655 sexto
492 1615 692 1670 responsorum.
720 1601 873 1656 Periculum
892 1601 1037 1670 pignorum
1050 1600 1420 1673 nominisuenditiademp-
1452 1595 1595 1671 1333330
1614 1614 1642 1669 Ρ

160 1693 247 1746 torem
265 1689 410 1758 pertinere,
429 1689 454 1744 si
470 1693 563 1744 33333
581 1689 712 1758 probetur
729 1705 777 1746 eas
794 1704 839 1744 res
857 1687 993 1758 obligatas
1011 1687 1104 1744 131333.
1183 1737 1186 1744 ,

103 1773 141 1832 31
214 1777 373 1833 83333333
391 1775 460 1832 libro
479 1777 567 1846 primo
585 1791 787 1847 responsonrm.
825 1778 883 1832 Lex
901 1777 1030 1846 uectigali
1048 1775 1133 1832 fundo
1150 1776 1226 1832 dicta
1243 1782 1316 1847 erat,
1334 1782 1378 1848 ut,
1397 1779 1421 1834 si
1439 1772 1596 1862 Q
1614 1792 1640 1846 p

159 1867 240 1937 post¹
262 1870 367 1920 certum
385 1865 517 1934 temporis
535 1865 656 1934 uectigal
673 1866 792 1920 solutum
811 1881 866 1922 non
885 1871 971 1934 33333,
994 1863 1137 1922 13133333
1156 1865 1192 1920 33
1210 1865 1349 1922 domiuum
1367 1867 1476 1922 redeat:
1499 1873 1597 1940 postea

159 1955 183 2009 13
206 1953 308 2009 inndna
330 1969 348 2007 a
364 1967 524 2022 possessore
541 1953 648 2022 pignori
666 1952 748 2008 datus
766 1958 821 2009 est:
845 1954 1000 2023 quaesitum
1017 1959 1074 2023 est,
1099 1969 1134 2008 an
1152 1959 1228 2009 recte
1244 1955 1353 2023 pignori
1370 1956 1453 2011 datus
1470 1961 1522 2012 333.
1554 1971 1595 2012 re·

128 2049 140 2094 1
159 2041 278 2112 spondit,
298 2042 321 2096 si
338 2041 457 2110 pecunie
473 2041 635 2111 intercessit,
653 2042 753 2111 pignus
771 2055 842 2098 esse.
869 2042 939 2096 ltem
957 2041 1083 2111 quaesiit,
1101 2042 1133 2110 si,
1153 2057 1216 2096 cnm
1231 2042 1259 2096 in
1270 2043 1441 2099 exsolutione
1452 2045 1596 2114 uectigalis
1614 2059 1643 2101 33

159 2136 216 2186 333
239 2128 347 2185 debitor
369 2143 451 2198 quam
475 2129 595 2184 creditor
617 2135 774 2186 cessassent
790 2135 819 2184 et
835 2135 981 2200 propterea
997 2130 1203 2199 pronuntiatum
1221 2135 1296 2186 esset
1312 2129 1427 2188 fundum
1445 2133 1595 2188 secundum

159 2221 249 2288 legem
272 2217 375 2273 domini
393 2232 468 2287 esse,
493 2218 571 2271 33133
588 2218 678 2287 333133
695 2233 780 2272 causo
797 2223 879 2273 esset.
912 2217 1067 2288 respondit,
1090 2217 1114 2272 si
1132 2223 1164 2274 ut
1180 2225 1378 2288 proponeretur
1394 2221 1524 2292 uectigali
1541 2237 1596 2278 non

160 2307 275 2364 soluto*
267 2321 326 2362 rure
344 2319 395 2361 suo
413 2305 540 2360 dominus
558 2320 624 2360 3333
643 2311 725 2375 33333,
746 2303 756 2376 ll
774 2307 858 2362 etiarn
876 2307 999 2376 pignoris
1016 2305 1059 2360 133
1078 2307 1232 2362 333331333.
1613 2319 1684 2368 rear
1778 2291 1779 2294 ¹

104 2391 142 2449 32
213 2397 291 2451 innrr
308 2394 377 2450 libro
395 2395 490 2464 quinto
508 2407 709 2463 responsorum.
736 2393 851 2450 Debitor
867 2399 966 2464 pactus
984 2399 1036 2464 est,
1055 2398 1087 2449 ut
1103 2395 1421 2465 quaecumqusinprae
1453 2408 1557 2465 3.,,333
1566 2405 1642 2458 33Ρ

161 2485 208 2540 313
224 2484 333 2554 pignori
351 2483 417 2537 data
434 2483 547 2538 inducta
563 2483 675 2537 inuecta
692 2479 839 2552 importata
855 2483 894 2538 ibi
911 2488 978 2540 nata
994 2487 1126 2553 parataue
1137 2488 1238 2552 essent,
1256 2483 1364 2553 pignori
1376 2491 1482 2540 essent:
1501 2501 1596 2542 eornm
1614 2500 1643 2541 33

160 2572 335 2642 praediorum
352 2587 417 2640 pars
436 2571 494 2628 3133
513 2571 616 2626 3313313
633 2570 687 2626 suit
704 2585 791 2640 eaque
810 2572 895 2626 actori
913 2586 964 2626 suo
983 2570 1099 2626 colende
1116 2570 1223 2627 debitor
1240 2571 1297 2626 1331
1314 2572 1428 2628 tradidit
1444 2573 1596 2643 adsignatis

161 2667 190 2717 et
208 2661 295 2716 seruis
313 2660 436 2714 culturae
455 2659 629 2714 necessariis:
653 2659 806 2728 quaeritur,
826 2675 860 2714 33
879 2663 908 2713 et
925 2657 1036 2714 Stichus
1054 2659 1151 2714 uilicus
1169 2664 1198 2715 et
1215 2661 1299 2716 ceteri
1317 2662 1390 2716 serui
1408 2661 1444 2716 ad
1462 2663 1596 2718 culturam

161 2749 238 2803 missi
261 2753 290 2803 et
308 2747 393 2803 Stichi
416 2748 512 2803 uicarii
535 2746 648 2816 obligati
667 2752 769 2802 essent.
800 2747 942 2817 respondit
958 2762 1007 2802 eos
1025 2747 1183 2819 dumtaxat,
1207 2749 1255 2818 qui
1272 2748 1324 2806 boc
1342 2749 1434 2806 animo
1452 2765 1470 2804 3
1486 2749 1596 2806 domino

160 2836 266 2892 inducti
283 2841 384 2906 essent,
403 2841 435 2890 ut
451 2835 490 2891 ibi
506 2839 640 2905 perpetuo
658 2839 759 2905 esseut,
778 2849 834 2890 non
850 2835 982 2905 temporis
1000 2849 1085 2890 33333
1103 2837 1398 2908 3333333333333331,
1416 2836 1561 2906 obligatos.
1615 2851 1644 2892 se

105 2921 144 2980 33
214 2925 428 2980 Tarracenses
445 2923 515 2979 libro
532 2928 632 2978 octauo
650 2913 874 2992 disputationum.
901 2924 929 2978 13
947 2923 994 2992 qui
1012 2925 1151 2993 promissit
1166 2925 1217 2981 tibi
1229 2927 1362 2982 33311313
1379 2918 1425 2982 ao·¹
1440 2921 1642 3010 ΜΗ

81 3059 84 3064 ,
161 3013 249 3067 lutum
267 3012 377 3081 quidem
394 3012 467 3068 Titio
485 3017 610 3080 repetere
627 3027 683 3066 non
700 3016 800 3083 potest,
820 3011 870 3066 sed
886 3011 987 3082 pignus
1004 3012 1030 3066 31
1048 3012 1143 3068 33333
1162 3019 1191 3068 33
1201 3018 1272 3070 ante
1289 3014 1452 3070 solutionem
1470 3016 1575 3086 recipit.

105 3098 145 3156 et
215 3099 374 3156 Soannona
392 3099 460 3157 libro
477 3101 610 3156 uicesimo
628 3101 745 3170 septimo
763 3099 941 3168 digestorum
968 3098 1050 3154 eum
1056 3099 1197 3156 tabernam
1216 3101 1472 3161 debitorcredie
1453 3115 1528 3172 3,3,3
1536 3119 1559 3174 3,
1567 3117 1598 3165 es
1616 3111 1643 3166 A

161 3188 214 3244 tori
237 3188 345 3258 pignori
368 3187 487 3258 dederit,
511 3189 665 3257 quaesitum
687 3193 743 3256 est,
767 3192 859 3242 utrum
882 3201 916 3242 eo
934 3185 1008 3244 iacto
1026 3187 1091 3242 nihil
1110 3189 1198 3258 egerit
1215 3205 1250 3244 an
1268 3189 1398 3246 tabernae
1416 3194 1598 3262 appellatione

161 3291 274 3345 merces,
293 3291 365 3345 qnae
382 3276 410 3330 13
429 3291 463 3330 33
481 3281 568 3345 erant,
587 3275 726 3346 obligasse
743 3275 890 3330 uidentur?
916 3279 945 3330 et
962 3275 986 3330 si
1004 3290 1052 3330 eas
1070 3291 1175 3332 merces
1192 3293 1242 3347 per
1259 3283 1384 3348 tempora
1401 3279 1559 3336 3133333333
1568 3287 1599 3338 33

162 3366 230 3420 31133
248 3365 449 3434 compescuerit
466 3379 567 3434 easque
585 3364 613 3418 in
631 3379 693 3418 earn
711 3363 853 3418 tabernam
871 3363 993 3418 intulerit
1010 3369 1039 3418 et
1057 3363 1219 3434 decesserit,
1244 3383 1280 3422 an
1297 3367 1388 3422 omnia
1405 3383 1477 3438 qnae
1494 3369 1533 3424 ibi
1550 3370 1597 3425 de·
1616 3381 1645 3422 33

161 3453 368 3524 prehenduntnr
385 3453 502 3508 creditor
519 3451 715 3523 hypothecaria
732 3453 840 3509 actione
857 3457 951 3521 petere
969 3453 1066 3522 possit,
1084 3468 1146 3508 cnm
1165 3457 1194 3508 et
1212 3455 1342 3510 mercium
1359 3457 1465 3524 species
1476 3462 1598 3514 3333333

162 3543 218 3597 3133
235 3547 264 3596 33
280 3555 326 3596 ros
344 3541 413 3596 aliae
430 3541 541 3596 illatae?
573 3541 727 3611 respondit:
746 3555 793 3609 ea,
817 3555 888 3609 quae
906 3541 1001 3595 mortis
1019 3546 1142 3611 tempore
1160 3541 1291 3597 debitoris
1308 3543 1336 3598 iu
1354 3542 1470 3600 taberna
1486 3546 1598 3602 inuenta

132 3635 143 3678 1
162 3635 235 3699 sunt,
253 3629 362 3699 pignori
379 3629 501 3698 obligata
519 3644 580 3684 esse
597 3629 734 3684 uidentur.
771 3628 847 3683 Idem
866 3629 992 3698 quaesiit,
1010 3643 1073 3684 cnm
1092 3629 1210 3698 epistula
1227 3631 1411 3688 taliseroissa
1428 3633 1478 3688 sit:
1497 3632 1596 3689 ’3333-

163 3718 285 3773 'cs'rreaoc
308 3717 375 3788 3331
398 3718 445 3779 coi
469 3718 578 3788 tenipus
600 3717 756 3771 neutericis
773 3716 933 3787 repetiisti
957 3735 985 3771 ee
1008 3716 1043 3770 331
1068 3718 1214 3772 tristioris
1238 3717 1293 3774 ἀλλ’
1310 3719 1445 3781 ineditas
1464 3739 1513 3791 nep
1532 3720 1598 3784 ’333Ῠ

164 3805 274 3862 'latoio
299 3807 373 3860 31133
396 3805 441 3876 rip
465 3805 591 3876 1333333,
618 3805 657 3860 ὃτι
682 3805 720 3860 sai
743 3804 948 3876 1333133333
968 3805 1276 3869 31131131333311331
1297 3808 1444 3878 ιωτὲχοκτιιι
1465 3809 1479 3861 ir
1499 3811 1537 3864 coi
1558 3810 1644 3864 33143

164 3893 211 3950 ‘bc
233 3893 371 3966 31331333
395 3893 528 3965 ἂιιθρώιιῳ
552 3891 723 3956 inimescae':
747 3909 783 3947 an
806 3894 906 3962 pignus
929 3897 1100 3948 contractum
1122 3894 1158 3948 sit
1176 3910 1211 3949 au
1229 3909 1296 3950 nero
1313 3909 1347 3950 ea
1364 3896 1481 3964 epistula
1498 3897 1597 3954 nullius

163 3983 295 4039 momenti
312 3984 357 4053 sit,
375 3998 438 4038 cnm
456 3983 515 4036 sine
533 3981 578 4036 die
597 3985 626 4036 et
643 3981 755 4036 consule
770 3981 814 4036 sit.
842 3981 991 4051 respondit,
1010 3996 1072 4036 oum
1085 3983 1248 4038 conuenisse
1260 3983 1295 4037 de
1307 3983 1468 4053 pignoribus
1479 3984 1597 4054 uidetur,

163 4087 217 4127 non
234 4071 337 4138 idcirco
355 4070 550 4141 obligationem
567 4069 712 4140 pignorum
725 4083 843 4140 cessare,
861 4068 935 4140 quod
947 4069 1006 4126 dies
1018 4075 1047 4126 et
1059 4069 1185 4126 consules
1197 4069 1283 4126 additi
1295 4071 1340 4128 uel
1351 4069 1461 4128 tabulae
1473 4072 1598 4143 31333333

163 4175 326 4248 11111111]

165 4321 224 4373 133
243 4327 289 4373 ene.
360 4317 459 4387 ¹per?
528 4315 606 4385 ⁸ita]
625 4315 732 4372 interea
749 4318 794 4384 (=
812 4316 895 4385 33331
965 4316 1233 4372 ‘commodarentur
1251 4317 1294 4385 (ac
1312 4320 1376 4372 mcls
1392 4317 1490 4391 333,)’1

163 4457 339 4513 33133133ι3
357 4459 397 4511 Ρ·
401 4455 455 4510 VU
495 4455 655 4512 5babende
674 4457 750 4511 Ρ·11·
795 4458 854 4512 131
906 4459 940 4513 21
959 4457 1041 4513 uilius
1058 4459 1105 4523 Ρ·,
1125 4457 1239 4512 33113133
1255 4457 1290 4511 11·
1342 4459 1378 4512 30
1394 4456 1599 4528 3333133311

164 4547 213 4582 om.
226 4529 363 4582 1Ρ·11·11·
415 4529 553 4596 9333133
574 4527 715 4597 respondit
731 4528 854 4596 pignoris
906 4529 942 4584 34
960 4528 1098 4599 obligasse
1114 4528 1338 4594 3133333331113
1329 4529 1470 4632 ,obliga
1460 4530 1598 4586 uidean-

164 4601 260 4652 33311
311 4601 344 4654 10
363 4597 509 4666 bonafide]
522 4599 567 4661 11,
580 4597 858 4654 333333331111111
906 4603 952 4654 333
969 4601 1016 4665 P,
1039 4599 1159 4668 obligate
1182 4599 1329 4654 uideantur
1352 4600 1438 4664 Ρ111,
1461 4599 1599 4669 obligasse

166 4671 200 4724 15
223 4670 383 4739 emptorem]
407 4681 516 4739 emptos
541 4669 579 4722 Ρ·
640 4671 672 4724 16
696 4669 719 4724 31
752 4670 789 4723 313
815 4669 854 4722 Ρ·
906 4669 1035 4725 31333333
1051 4670 1086 4722 V·
1139 4670 1174 4724 35
1196 4685 1256 4724 eam
1275 4669 1403 4725 tabernas
1421 4641 1468 4736 Ρ·,
1492 4687 1540 4726 eas
1558 4676 1598 4726 ta·

165 4742 198 4795 11
217 4742 365 4810 primoum.
379 4741 434 4794 PV
477 4741 510 4795 18
521 4739 670 4808 tempusP
767 4741 854 4794 1933-
907 4740 1007 4795 beruas
1023 4741 1085 4794 1111·
1139 4741 1173 4794 31
1197 4746 1225 4794 33
1242 4741 1296 4810 res]
1319 4755 1363 4795 res
1381 4741 1458 4795 Ρ··11
1478 4743 1598 4809 113333-

164 4811 292 4880 spondit
303 4812 340 4864 11
379 4809 693 4880 25inductalductaP⁰
699 4807 826 4878 11··3111
827 4825 854 4864 a·
907 4810 968 4865 ts''e
986 4812 1024 4866 11
1082 4811 1117 4865 38
1144 4811 1599 4880 331333333311111133333

164 4882 268 4951 ratane]
288 4883 369 4966 133
382 4883 419 4935 D.
431 4881 475 4948 43,
487 4882 666 4953 32,1prl
667 4885 762 4934 anans
779 4879 859 4934 PVU
909 4899 958 4935 om.
972 4881 1069 4949 PVUl
1089 4889 1263 4936 aasrcaacsnc
1281 4883 1307 4934 F
1353 4882 1601 4939 3133331131)

165 4953 201 5007 26
225 4951 408 5023 praediorum]
439 4952 552 5023 3333313
579 4922 753 5022 praediorum
780 4949 820 5003 P·
824 4949 858 5003 U·
